1685 2568
128 553 172 584 22

134 1112 185 1152 10

129 1165 172 1194 23

131 1905 175 1936 24

197 93 285 133 440
729 93 793 127 DE
818 92 1021 129 LEGIBUS

198 189 416 231 bunicium
447 190 685 232 exacuisset
711 190 757 232 in
780 190 889 231 nos?
922 202 1046 244 quem
1073 202 1202 244 quom
1227 189 1420 230 homines
1446 203 1531 231 sce·

198 248 325 290 lerati
363 263 411 290 ac
448 249 606 303 perditi
642 263 727 290 non
764 248 890 290 modo
929 248 1019 288 ulla
1048 247 1094 288 in
1126 247 1269 302 domo,
1307 247 1380 288 sed
1409 247 1531 289 nulla

197 307 243 348 in
269 309 396 362 gente
421 307 670 362 reperirent,
697 309 847 362 gentes
873 306 956 347 sibi
983 306 1028 347 in
1047 306 1235 347 tenebris
1254 306 1315 347 rei
1334 305 1530 360 publicae

197 366 512 421 perturbandas
552 367 821 421 putaverunt.
883 363 1005 413 Quod
1043 365 1168 423 nobis
1209 364 1378 419 quidem
1415 378 1531 420 egre-

199 425 318 480 gium
355 427 398 466 et
436 425 490 466 ad
520 424 879 466 inmortalitatem
911 423 1141 465 memoriae
1172 423 1427 478 gloriosum,
1462 437 1532 464 110-
1567 435 1586 462 5

199 483 356 525 minem
382 484 428 524 in
451 497 530 525 nos
556 483 747 524 mercede
772 482 863 524 ulla
887 482 1108 523 tribunum
1132 482 1323 537 potuisse
1343 481 1534 536 reperiri,

198 542 282 583 nisi
322 542 390 584 0111
429 556 483 583 110
523 556 615 582 0330
656 541 826 595 quidem
866 541 1058 582 licuisset
1095 541 1281 583 tribuno.
1341 539 1423 581 Sed
1458 540 1533 581 ille

199 615 304 655 quas
342 603 510 655 strages
549 600 698 642 edidit!
740 614 811 641 eas
848 599 1065 654 videlicet,
1103 614 1208 654 quas
1247 599 1336 641 sine
1367 599 1534 641 ratione

198 675 247 701 ac
279 659 371 701 sine
402 660 494 701 ulla
525 673 599 714 spe
631 659 747 700 bona
778 658 898 700 furor
930 658 1052 699 edere
1082 658 1225 713 potuit
1256 658 1434 713 inpurae
1464 658 1534 699 be-

197 719 294 759 luae
325 719 560 760 multorum
591 717 883 759 inflammatus
914 716 1144 758 furoribus.
1194 716 1330 766 Quam
1362 717 1416 758 ob
1442 731 1532 758 rem
1553 730 1587 755 ιο

197 777 242 818 111
272 777 358 818 ista
390 777 560 831 quidem
591 791 637 818 re
668 776 941 818 vehementer
971 774 1134 817 Sullam
1165 776 1320 831 probo,
1357 775 1430 830 qui
1460 775 1534 816 tri-

198 836 324 877 bunis
367 835 507 890 plebis
551 850 629 877 sua
672 835 766 890 lege
804 835 983 876 iniuriae
1019 834 1237 876 faciendae
1273 836 1534 889 potestatem

199 895 422 947 ademerit,
454 894 603 936 auxilii
631 893 796 936 ferendi
827 893 1066 948 reliquerit,
1097 893 1433 948 Pompeiumque
1461 907 1535 935 no-

199 956 336 995 strum
363 953 516 995 ceteris
542 954 670 994 rebus
696 952 894 994 omnibus
921 967 1090 1007 semper
1118 952 1398 1007 amplissimis
1425 966 1535 993 sum—

198 1013 363 1067 misque
396 1013 534 1054 ecfero
565 1012 776 1065 laudibus,
808 1012 859 1053 de
890 1011 1120 1053 tribunicia
1150 1014 1366 1066 potestate
1391 1013 1586 1065 taceo315

198 1086 275 1113 nec
324 1072 438 1113 enim
487 1071 795 1126 reprehendere
844 1070 951 1111 libet
999 1085 1076 1112 nec
1125 1070 1298 1111 laudare
1346 1084 1535 1125 possum.

154 1166 160 1173 .
199 1131 261 1172 M.
298 1129 419 1171 Vitia
464 1130 634 1185 quidem
671 1130 916 1171 tribunatus
954 1129 1192 1184 praeclare,
1231 1128 1405 1183 Quinte,
1443 1142 1535 1184 pcr-

200 1189 348 1244 spicis,
386 1189 460 1231 sed
498 1191 565 1230 est
596 1189 743 1243 iniqua
773 1188 817 1229 in
851 1188 966 1229 omni
996 1202 1042 1229 re
1075 1188 1312 1229 accusanda
1349 1190 1535 1243 praeter-

199 1249 342 1289 missis
380 1248 506 1289 bonis
544 1248 756 1289 malorum
793 1247 1057 1288 enumeratio
1088 1246 1376 1301 vitiorumque
1408 1247 1534 1288 selec-

198 1307 279 1361 110,
310 1322 409 1348 nam
441 1307 526 1348 isto
560 1306 730 1361 quidem
762 1306 888 1347 modo
921 1306 988 1347 vel
1020 1306 1268 1347 consulatus
1299 1305 1535 1360 vituperari
1553 1317 1588 1343 20

198 1368 361 1421 potest,
404 1366 442 1407 si
485 1366 726 1419 consulum,
771 1379 877 1419 quos
915 1378 1162 1405 enumerare
1198 1364 1315 1418 nolo,
1358 1367 1535 1419 peccata

199 1424 437 1480 collegeris.
497 1424 593 1480 Ego
637 1424 750 1465 enim
791 1423 932 1465 fateor
974 1423 1019 1464 in
1062 1423 1148 1464 ista
1186 1423 1281 1477 ipsa
1317 1425 1534 1478 potestate

198 1484 338 1525 inesse
371 1483 572 1538 quiddam
604 1483 725 1538 mali,
757 1482 830 1524 sed
861 1483 1030 1536 bonum,
1063 1481 1176 1536 quod
1201 1484 1266 1523 est
1293 1482 1535 1536 quaesitum

198 1543 244 1584 in
275 1557 335 1597 03,
368 1543 458 1584 31110
489 1542 574 1584 isto
606 1542 722 1583 malo
752 1556 839 1583 non
870 1541 1136 1582 haberemus.
1163 1564 1217 1568 —
1244 1539 1391 1582 Nimia
1417 1543 1534 1595 pote-

199 1605 290 1643 stas
332 1604 398 1643 est
436 1601 709 1642 tribunorum
748 1600 899 1655 plebis.
931 1623 985 1628 —
1019 1598 1121 1647 Quis
1162 1600 1322 1654 negat?
1364 1600 1437 1641 sed
1468 1600 1532 1640 vis
1552 1611 1587 1636 25

198 1661 348 1716 populi
383 1660 520 1702 multo
555 1660 722 1701 saevior
747 1659 969 1713 multoque
994 1658 1298 1712 vehementior,
1329 1673 1437 1713 quae
1463 1658 1534 1699 du-

200 1735 290 1762 cem
323 1720 435 1774 quod
466 1719 611 1773 habet,
641 1718 855 1760 interdum
881 1717 1018 1758 lenior
1043 1720 1120 1771 est,
1151 1731 1279 1771 quam
1305 1717 1342 1758 si
1367 1717 1534 1758 nullum

200 1779 389 1820 haberet.
450 1777 549 1819 Dux
582 1777 695 1819 enim
727 1791 803 1818 suo
834 1790 875 1818 se
905 1775 1094 1830 periculo
1125 1775 1327 1831 progredi
1358 1776 1533 1831 cogitat,

199 1837 349 1893 populi
385 1837 572 1892 impetus
609 1835 787 1892 periculi
824 1835 1035 1876 rationem
1072 1835 1138 1875 sui
1173 1849 1260 1876 non
1296 1834 1439 1876 habet.
1477 1859 1532 1864 —-

200 1898 261 1937 At
293 1896 522 1950 aliquando
554 1894 804 1937 incenditur.
830 1918 885 1923 ——
911 1893 971 1934 Et
1001 1893 1172 1948 quidem
1197 1907 1323 1948 saepe
1349 1894 1532 1935 sedatur.
1551 1905 1587 1931 30

200 1954 322 2004 Quod
366 1955 478 1996 enim
522 1957 588 1996 est
630 1957 721 1995 tam
765 1953 1037 2008 desperatum
1077 1952 1325 2008 collegium,
1368 1952 1413 1993 in
1450 1967 1533 2007 quo

199 2029 325 2056 nemo
358 2028 380 2055 e
412 2013 555 2055 decem
588 2028 692 2055 sana
723 2015 865 2054 mente
892 2012 977 2053 sit?
1023 2010 1133 2060 Quin
1157 2011 1299 2066 ipsum
1324 2011 1386 2052 Ti.
1407 2010 1533 2053 Grac-

200 2073 327 2115 chum
356 2087 444 2114 11011
476 2073 615 2114 30111111
645 2072 880 2127 neglectus,
912 2070 984 2112 sed
1016 2071 1146 2112 etiam
1178 2070 1374 2111 sublatus
1405 2070 1533 2112 inter-

200 2147 343 2175 cessor
368 2132 540 2186 evertit3
566 2131 666 2186 quid
687 2130 799 2172 enim
818 2130 942 2171 illum
963 2129 1078 2170 aliud
1097 2129 1292 2184 perculit,
1315 2129 1400 2170 nisi
1420 2129 1533 2183 quod

199 2193 461 2247 potestatem
503 2189 782 2232 intercedenti
822 2189 1012 2244 collegae
1050 2187 1305 2243 abrogavit?
1367 2186 1449 2229 Sed
1484 2190 1532 2229 tu
1552 2197 1585 2224 35

201 2250 457 2305 sapientiam
494 2249 704 2291 maiorum
742 2248 787 2289 in
823 2248 900 2289 illo
938 2247 1051 2289 vide:
1090 2245 1300 2289 Concessa
1336 2246 1476 2302 plebei
1507 2261 1533 2288 3

198 2309 395 2365 patribus
426 2308 512 2350 ista
542 2308 758 2364 potestate
791 2321 910 2348 arma
941 2306 1199 2361 ceciderunt,
1236 2305 1442 2347 restincta
1472 2319 1533 2347 30-
