1685 2568
210 65 298 107 394
735 65 798 101 DE
824 65 1030 101 LEGIBUS

209 162 354 218 pergit
397 162 548 204 oratio.
610 161 817 212 Quocirca
858 177 1009 204 vereor
1046 162 1335 216 committere,
1377 166 1426 204 ut
1462 177 1549 205 non

209 221 316 263 bene
350 221 524 276 provisa
556 223 598 263 et
630 221 860 277 diligenter
893 221 1117 275 explorata
1147 221 1359 275 principia
1389 236 1549 276 ponan-

208 282 297 335 tur,
337 295 414 322 nec
454 283 601 322 tamen
640 283 689 321 ut
727 279 925 321 omnibus
963 279 1200 344 probentur
1233 278 1351 334 (nam
1381 280 1425 321 id
1455 280 1549 322 fieri

207 353 295 381 non
318 340 494 394 potest),
525 339 599 380 sed
623 341 671 380 ut
697 339 769 392 eis,
802 338 875 392 qui
900 338 1044 379 omnia
1068 340 1186 379 recta
1212 340 1341 392 atque
1365 338 1550 381 honesta

207 412 283 464 per
315 412 360 439 se
392 398 629 453 expetenda
660 397 871 438 duxerunt
903 399 946 438 et
971 399 1046 438 aut
1070 397 1180 438 nihil
1207 397 1380 439 omnino
1406 397 1452 439 in
1477 398 1549 440 bo·
1569 411 1584 435 5

205 457 274 498 nis
314 457 642 510 numerandum,
685 455 770 496 nisi
808 455 921 510 quod
958 470 1034 510 per
1073 470 1116 497 se
1153 456 1295 511 ipsum
1332 456 1550 498 laudabile

208 518 339 570 esset,
384 518 458 557 aut
495 518 608 557 certe
645 515 813 555 nullum
852 514 1096 557 habendum
1134 529 1340 570 magnum
1377 515 1551 570 bonum,

138 584 182 616 38
206 575 291 616 nisi
323 574 436 640 quod
467 589 565 616 vere
591 573 757 614 laudari
784 588 861 614 sua
887 575 1040 628 sponte
1064 550 1233 629 posset?
1255 598 1311 603 —
1337 573 1391 616 iis
1418 574 1551 616 0111111-

206 634 304 687 bus,
343 633 431 675 sive
468 634 513 674 in
543 632 776 674 Academia
812 634 956 674 vetere
988 647 1084 674 cum
1116 631 1374 688 Speusippo,
1410 632 1550 675 Xeno-

207 695 335 746 crate,
366 692 597 733 Polemone
630 694 891 745 manserunt,
924 691 1013 733 sive
1036 691 1321 733 Aristotelem
1352 694 1395 733 et
1414 691 1550 734 Theo·
1569 702 1603 728 10

206 752 433 807 phrastum
478 765 570 793 011111
616 750 705 791 11113
750 750 1025 806 congruentis
1068 765 1136 806 re,
1180 764 1335 806 genere
1373 751 1550 793 docendi

206 811 383 866 paulum
416 809 651 851 differentis
684 809 818 851 secuti
850 811 968 863 sunt,
1001 809 1108 864 sive,
1138 812 1187 851 ut
1219 809 1379 851 Zenoni
1409 810 1549 852 visum

207 872 290 923 est,
340 869 467 910 rebus
510 883 598 910 non
641 868 916 910 commutatis
959 868 1284 910 inmutaverunt
1326 869 1549 923 vocabula,

207 929 296 970 sive
328 928 459 969 etiam
491 927 709 969 Aristonis
742 927 960 969 difficilem
986 929 1115 982 atque
1141 927 1331 982 arduam,
1364 928 1438 969 sed
1462 928 1549 969 iam
1576 962 1580 965 ,

205 990 352 1028 tamen
388 986 572 1028 fractam
610 988 654 1028 et
690 986 930 1028 convictam
970 989 1131 1028 sectam
1170 987 1304 1028 secuti
1343 989 1460 1041 sunt,
1500 989 1549 1028 ut
1569 997 1602 1023 15

205 1046 439 1087 virtutibus
467 1045 654 1100 exceptis
681 1047 810 1099 atque
834 1045 952 1086 vitiis
979 1048 1121 1087 cetera
1145 1045 1191 1087 in
1211 1060 1378 1087 summa
1398 1061 1550 1100 aequa-

206 1106 330 1146 litate
362 1107 584 1160 ponerent,
617 1129 671 1134 —
704 1104 771 1145 his
804 1104 1002 1145 omnibus
1034 1104 1151 1159 haec,
1184 1119 1292 1159 quae
1325 1105 1422 1159 dixi,
1453 1119 1549 1160 pro-

136 1172 178 1203 39
205 1165 371 1206 061113111.
422 1162 514 1204 Sibi
545 1166 690 1204 autem
714 1163 979 1217 indulgentis
1006 1166 1048 1205 et
1074 1164 1243 1218 corpori
1269 1163 1547 1205 deservientis

207 1227 336 1277 atque
370 1223 524 1277 omnia,
557 1237 665 1276 quae
698 1225 932 1276 sequantur
963 1222 1008 1263 in
1033 1222 1123 1263 vita
1149 1237 1340 1276 quaeque
1365 1222 1547 1278 fugiant,

205 1282 502 1337 voluptatibus
547 1284 590 1322 et
634 1281 853 1323 doloribus
894 1281 1194 1336 ponderantis,
1238 1281 1410 1322 etiamsi
1447 1296 1548 1323 vera
1567 1292 1601 1317 20

206 1342 352 1382 dicunt
385 1339 511 1395 (nihil
545 1340 658 1381 enim
690 1355 796 1395 opus
830 1342 895 1381 est
926 1339 1008 1382 hoc
1039 1340 1133 1382 loco
1166 1340 1349 1395 litibus),
1381 1340 1426 1381 in
1451 1340 1548 1382 hor·

204 1401 309 1441 tulis
350 1400 437 1441 suis
474 1399 698 1440 iubeamus
737 1399 874 1441 dicere
914 1402 1041 1453 atque
1080 1399 1211 1440 etiam
1249 1399 1302 1440 ab
1335 1399 1452 1440 omni
1484 1414 1547 1441 so-

205 1460 360 1501 cietate
392 1458 455 1500 rei
485 1458 696 1513 publicae,
731 1458 883 1513 quoius
916 1461 1084 1513 partem
1114 1473 1192 1500 nec
1222 1460 1382 1500 norunt
1411 1459 1547 1500 ullam

204 1533 341 1572 neque
379 1532 584 1572 umquam
621 1531 748 1559 nosse
785 1518 1031 1571 voluerunt,
1071 1517 1291 1572 paulisper
1330 1517 1547 1559 facessant

204 1591 418 1633 rogemus.
478 1576 843 1618 Perturbatricem
881 1578 1024 1618 autem
1062 1575 1216 1618 harum
1256 1576 1448 1618 omnium
1484 1591 1546 1618 re·
1565 1585 1599 1612 25

204 1651 300 1677 rum
337 1635 632 1690 Academiam,
676 1635 786 1677 hanc
824 1635 877 1676 ab
915 1635 1111 1676 Arcesila
1149 1637 1192 1676 et
1229 1633 1448 1677 Carneade
1484 1650 1547 1677 re-

205 1698 382 1748 centem,
415 1709 649 1749 exoremus,
680 1696 729 1736 ut
760 1693 904 1748 sileat3
934 1708 1036 1735 nam
1062 1693 1099 1735 si
1124 1693 1332 1736 invaserit
1356 1694 1404 1735 in
1428 1694 1546 1749 haec,

206 1768 313 1807 quae
345 1754 451 1795 satis
485 1753 590 1795 scite
615 1753 739 1795 nobis
765 1753 976 1794 instructa
1002 1755 1045 1794 et
1070 1753 1311 1808 composita
1335 1753 1546 1808 videntur,

203 1812 358 1854 nimias
398 1813 493 1853 edet
524 1813 689 1866 ruinas,
729 1826 857 1866 quam
889 1811 1061 1866 quidem
1093 1826 1172 1867 ego
1204 1812 1376 1867 placare
1408 1812 1545 1868 cupio,

205 1886 472 1913 summovere
504 1886 591 1913 non
622 1871 767 1913 audeo.
1564 1880 1598 1906 30

137 1910 189 1989 15}
301 1963 310 1972 .
332 1963 339 1971 .
361 1963 369 1972 .
390 1945 517 1972 ‚nam
555 1932 598 1972 et
634 1930 679 1971 in
716 1929 768 1970 iis
808 1930 898 1970 sine
936 1929 1054 1971 illius
1094 1929 1350 1971 suffimentis
1384 1929 1546 1985 expiati

205 2003 368 2043 sumus,
413 1992 458 2030 at
501 2004 602 2031 vero
646 1989 853 2030 scelerum
891 1988 936 2029 111
972 1988 1167 2030 homines
1206 1991 1335 2043 atque
1371 1989 1417 2030 in
1455 1988 1546 2030 deos

202 2048 457 2101 ‘impietatum
497 2048 618 2089 nulla
658 2047 845 2102 expiatio
887 2050 964 2089 est.
1025 2047 1178 2102 Itaque
1218 2062 1379 2102 poenas
1420 2047 1545 2089 luunt

202 2122 288 2148 non
318 2109 409 2148 tam
440 2106 607 2148 iudiciis
641 2104 768 2162 (quae
802 2106 1017 2161 quondam
1049 2120 1260 2161 nusquam
1294 2105 1545 2160 6161111,ὴο-

203 2166 268 2207 die
300 2165 585 2207 multifariam
615 2166 736 2206 nulla
768 2167 880 2218 sunt,
912 2165 986 2206 ubi
1019 2167 1131 2219 sunt,
1162 2168 1308 2207 tamen
1340 2179 1545 2220 persaepe
1565 2173 1598 2200 35

201 2224 225 2265 s
221 2225 313 2266 1136
362 2226 497 2278 sunt),
548 2224 622 2266 sed
672 2238 743 2265 eos
795 2224 965 2279 agitant
1014 2224 1365 2278 insectanturque
1407 2223 1546 2265 furiae

203 2298 286 2324 uon
329 2283 579 2325 ardentibus
621 2283 777 2334 taedis,
818 2283 928 2324 sicut
968 2282 1013 2323 in
1049 2282 1229 2336 fabulis,
1273 2282 1346 2324 sed
1383 2296 1545 2338 angore
