1685 2568
429 73 517 107 LIB.
542 73 604 107 VI.
632 73 731 108 CAP.
760 77 908 108 17—20.
934 77 953 115 ξ
980 78 1127 108 17—22.
1355 75 1441 116 375

113 169 222 211 sicut
258 168 414 210 intueri
445 167 580 210 solem
612 167 838 209 adversum
868 167 1071 222 nequitis,
1109 168 1281 223 eiusque
1314 170 1444 211 radiis

113 227 222 269 acies
260 230 406 268 vestra
442 240 675 280 sensusque
712 225 906 267 vincitur.
967 225 1085 268 Haec
1117 240 1196 282 ego
1229 227 1443 268 admirans·

112 285 349 328 referebam
380 288 526 327 tamen
556 285 702 327 oculos
735 284 788 326 ad
818 287 978 326 terram
1009 284 1252 326 identidem.

201 344 310 386 Tum
341 343 588 385 Africanus:
621 341 786 398 Sentio,
816 342 969 397 inquit,
1000 345 1043 384 te
1076 343 1218 385 sedem
1250 343 1381 385 etiam
1400 330 1514 415 19(2ssg

77 413 224 445 ⁵nunc
259 403 481 444 hominum
518 417 567 444 ac
604 402 778 444 domum
812 402 1114 456 contemplari3
1158 416 1266 456 quae
1298 402 1334 443 si
1365 402 1447 444 tibi

112 476 256 516 parva,
287 464 336 503 ut
367 463 444 515 est,
475 461 538 502 ita
568 460 747 515 videtur,
778 461 883 503 haec
911 460 1113 502 caelestia
1139 475 1307 516 semper
1333 475 1448 515 spec-

112 522 223 574 tato,
259 520 337 562 illa
372 519 561 561 humana
599 519 874 561 contemnito.
930 519 994 561 Tu
1032 519 1143 561 enim
1182 534 1311 574 quam
1343 519 1448 561 cele-

113 579 317 620 britatem
361 578 569 620 sermonis
613 578 836 620 hominum
880 580 954 619 aut
998 593 1127 633 quam
1167 578 1448 633 expetendam

112 637 313 692 consequi
345 637 530 692 gloriam
560 637 713 692 potes?
757 636 888 678 Vides
913 637 1103 679 habitari
1127 637 1173 678 in
1197 639 1314 678 terra
1338 637 1448 678 raris

59 708 93 733 10
113 699 155 738 et
196 696 391 752 angustis
431 696 476 737 in
516 695 620 737 locis
663 698 706 737 et
745 696 790 737 in
829 696 936 751 ipsis
975 696 1097 750 quasi
1135 696 1334 750 maculis,
1373 695 1448 737 ubi

111 755 350 809 habitatur,
390 757 538 796 vastas
576 754 829 796 solitudines
866 755 1132 809 interiectas,
1171 769 1345 810 eosque,
1376 754 1448 809 qui

110 814 305 856 incolunt
345 816 522 867 terram,
562 828 649 855 non
686 813 812 855 modo
850 813 1116 868 interruptos
1154 814 1217 855 ita
1249 827 1360 868 esse,
1399 816 1448 854 ut

110 872 219 914 nihil
251 873 364 914 inter
394 872 512 927 ipsos
545 872 599 914 ab
631 873 728 914 aliis
761 873 814 914 ad
846 872 954 914 alios
986 887 1161 914 manare
1192 872 1343 928 possit,
1374 872 1449 914 sed

110 931 270 987 partim
296 930 506 986 obliquos,
538 931 699 986 partim
723 934 1005 985 transversos,
1037 932 1196 986 partim
1223 931 1352 973 etiam
1379 931 1449 972 ad-

0 1014 3 1020 ·
59 1000 92 1026 15
111 1005 258 1032 versos
291 993 405 1032 stare
436 990 577 1045 vobis3
615 1005 641 1032 a
672 991 826 1045 quibus
859 993 1082 1045 expectare
1116 990 1301 1046 gloriam
1333 992 1447 1032 certe

110 1050 276 1091 nullam
307 1049 503 1104 potestis.

199 1106 348 1150 Cernis
375 1111 518 1149 autem
544 1107 721 1149 eandem
741 1109 903 1148 terram
924 1108 1046 1162 quasi
1067 1107 1323 1162 quibusdam
1342 1107 1448 1149 redi·
1463 1092 1520 1175 223)

112 1167 263 1208 mitam
290 1169 333 1208 et
358 1167 664 1208 circumdatam
689 1166 885 1222 cingulis,
911 1181 932 1207 e
959 1167 1112 1221 quibus
1140 1167 1245 1208 duos
1265 1166 1448 1207 maxime

110 1226 222 1267 inter
260 1240 304 1266 se
342 1225 532 1267 diversos
570 1228 612 1267 et
649 1225 756 1267 caeli
786 1225 1017 1267 verticibus
1048 1225 1154 1280 ipsis
1187 1240 1236 1266 ex
1268 1227 1449 1279 utraque

0 1317 1 1322 ,
58 1294 92 1319 20
111 1286 235 1339 parte
261 1284 466 1325 subnixos
493 1284 734 1340 obriguisse
759 1284 913 1339 pruina
938 1284 1066 1338 vides,
1095 1284 1278 1325 medium
1306 1286 1450 1325 autem

109 1343 234 1385 illum
278 1345 321 1384 et
364 1343 598 1384 maximum
642 1343 746 1385 solis
790 1343 940 1385 ardore
977 1343 1145 1385 torreri.
1209 1343 1305 1384 Duo
1350 1345 1450 1383 sunt

110 1402 384 1455 habitabiles,
414 1416 595 1456 quorum
622 1402 825 1443 australis
851 1402 937 1456 ille,
963 1402 1008 1443 in
1034 1416 1116 1457 quo
1139 1402 1211 1456 qui
1230 1401 1449 1455 insistunt,

112 1461 293 1503 adversa
330 1460 452 1502 vobis
490 1463 646 1516 urgent
684 1461 886 1516 vestigia,
926 1461 1035 1502 m'hil
1074 1461 1127 1502 ad
1157 1463 1348 1502 vestrum
1382 1474 1450 1516 ge-

110 1534 211 1574 nus,
247 1520 318 1561 hic
355 1522 499 1561 autem
537 1520 647 1561 alter
685 1520 901 1561 subiectus
934 1520 1142 1574 aquiloni,
1181 1534 1307 1574 quem
1337 1519 1450 1560 inco-

59 1588 93 1613 25
112 1579 221 1633 litis,
259 1593 383 1621 cerne
421 1593 548 1632 quam
585 1579 704 1620 tenui
741 1593 817 1620 vos
849 1581 972 1633 parte
1004 1579 1240 1634 contingat.
1301 1577 1450 1620 Omnis

112 1638 226 1679 enim
250 1639 378 1691 terra,
411 1651 518 1691 quae
544 1637 701 1679 colitur
727 1652 753 1679 a
777 1637 912 1690 vobis,
946 1640 1180 1693 angustata
1204 1637 1450 1692 verticibus,

111 1696 321 1738 lateribus
352 1695 495 1750 latior,
526 1711 661 1751 parva
693 1696 902 1751 quaedam
928 1696 1070 1738 insula
1096 1699 1162 1738 est
1194 1695 1451 1738 circumfusa

111 1756 188 1798 illo
214 1755 337 1810 mari,
362 1755 474 1809 quod
495 1755 774 1810 Atlanticum,
801 1755 914 1810 quod
935 1770 1150 1810 magnum,
1178 1769 1303 1809 quem
1323 1754 1450 1796 Ocea-

111 1829 215 1856 num
259 1814 489 1869 appellatis
532 1814 577 1855 in
619 1814 764 1868 terris,
808 1814 881 1869 qui
923 1816 1068 1856 tamen
1112 1817 1234 1855 tanto
1277 1813 1450 1855 nomine

59 1883 93 1909 ³0
114 1888 242 1928 quam
274 1873 332 1914 sit
362 1887 539 1928 parvus,
573 1872 702 1914 vides.
756 1873 822 1915 Ex
853 1873 920 1914 his
953 1874 1058 1928 ipsis
1091 1873 1218 1915 cultis
1249 1873 1450 1927 notisque

112 1932 239 1974 terris
263 1946 367 1974 num
393 1934 468 1973 aut
487 1934 608 1973 tuum
629 1934 703 1973 aut
722 1932 971 1987 cuiusquam
991 1935 1187 1974 nostrum
1206 1946 1363 1974 nomen
1381 1931 1450 1973 vel

113 1989 351 2033 Caucasum
382 1990 505 2044 hunc,
538 2005 664 2045 quem
695 1991 845 2045 cernis,
875 1991 1176 2033 transcendere
1208 1991 1352 2046 potuit
1382 1990 1451 2031 vel

111 2050 236 2092 illum
262 2049 444 2106 Gangen
474 2050 723 2092 tranatare‘?
762 2049 865 2099 Quis
897 2050 941 2091 in
969 2050 1144 2105 reliquis
1171 2049 1349 2091 orientis
1377 2051 1451 2090 aut

112 2109 311 2150 obeuntis
349 2108 453 2150 solis
485 2108 650 2150 ultimis
682 2111 756 2150 aut
788 2109 1000 2164 aquilonis
1033 2109 1222 2150 austrive
1253 2108 1450 2164 partibus

59 2177 94 2203 ³5
112 2169 234 2209 tuum
261 2182 420 2209 nomen
449 2167 621 2209 audiet?
654 2168 808 2222 quibus
834 2168 1068 2222 amputatis
1096 2168 1232 2210 cernis
1257 2167 1450 2221 profecto

113 2226 284 2281 quantis
310 2226 355 2267 in
381 2226 595 2282 angustiis
622 2228 768 2268 vestra
788 2241 831 2268 se
852 2227 992 2282 gloria
1012 2227 1184 2268 dilatari
1205 2226 1319 2267 velit.
1360 2223 1453 2280 Ipsi

113 2288 268 2339 autem,
302 2285 375 2339 qui
408 2285 458 2326 de
489 2285 615 2326 nobis
647 2286 898 2340 loquuntur,
930 2300 1057 2340 quam
1090 2286 1319 2339 loquentur
1351 2283 1451 2325 diu?

1476 1886 1520 1916 22
