1685 2568
365 117 453 154 LIB.
480 119 525 155 II.
560 118 660 155 CAP.
688 122 836 154 55—58.
864 123 883 161 ἓ
912 124 1106 156 114—119.
1321 123 1406 164 239

67 212 249 267 decepit,
287 213 355 255 vel
388 212 678 269 Chrysippum
715 214 929 269 potuisset
959 215 1128 270 fallere,
1167 215 1274 258 haec
1304 232 1405 260 vero
1420 246 1474 287 57

65 286 118 313 ne
148 271 384 326 Epicurum
416 273 598 326 quidem.
655 271 754 327 Sed,
787 274 900 328 quod
932 277 1061 329 caput
1092 277 1170 328 est,
1202 290 1276 316 cur
1306 276 1391 317 isto
1409 297 1475 329 117

66 329 191 372 modo
241 330 328 371 iam
379 331 525 373 oracla
567 331 749 386 Delphis
792 346 878 373 non
923 333 1106 374 eduntur
1148 348 1234 375 non
1278 334 1404 376 modo

63 390 212 430 nostra
251 391 411 444 aetate,
453 390 526 431 sed
557 390 644 431 iam
677 390 765 444 diu,
802 390 890 432 iam
920 393 970 432 ut
1000 391 1108 432 nihil
1140 392 1280 447 possit
1312 407 1404 434 esse

30 459 46 486 5
65 447 381 501 contemptius?
419 447 514 490 Hoc
533 448 628 490 loco
649 463 745 490 cuni
765 451 1014 505 urguentur,
1041 451 1263 492 evanuisse
1284 451 1405 492 aiunt

63 507 278 548 vetustate
304 506 392 547 vim
419 507 502 548 loci
523 507 625 561 eius,
651 508 761 549 unde
781 508 997 550 anhelitus
1018 508 1092 550 ille
1111 511 1251 551 terrae
1270 510 1404 564 fieret,

63 578 146 619 quo
160 563 318 618 Pythia
338 567 481 606 mente
501 565 681 607 incitata
695 566 840 608 oracla
855 566 1009 609 ederet.
1040 567 1105 609 De
1118 568 1217 610 vino
1234 571 1307 610 aut
1323 569 1404 610 sal-

63 625 255 664 samento
282 625 408 678 putes
435 624 565 678 loqui,
593 639 701 678 quae
728 629 986 667 evanescunt
1011 629 1246 681 vetustate3
1282 627 1332 668 de
1361 627 1404 669 vi

62 681 145 724 loci
166 682 322 737 agitur,
339 697 476 737 neque
497 683 637 724 solum
656 685 856 738 naturali2
877 685 950 726 sed
966 685 1096 726 etiam
1111 685 1273 740 divina3
1294 700 1402 740 quae

27 753 43 779 o
62 754 145 795 quo
177 740 351 782 tandem
377 741 504 783 modo
530 742 734 784 evanuit?
784 742 1025 798 Vetustate,
1056 744 1234 799 inquies.
1285 743 1402 793 Quae

60 801 253 841 vetustas
286 802 363 853 est,
395 815 504 854 quae
535 800 623 842 vim
656 801 844 842 divinam
871 803 1076 844 conficere
1100 803 1268 858 possit?
1301 803 1402 858 quid

60 859 151 900 tam
182 858 374 900 divinum
401 863 545 900 autem
572 874 700 914 quam
727 860 910 902 adflatus
937 876 959 902 e
985 863 1101 903 terra
1127 864 1314 904 mentem
1339 863 1401 903 ita

61 931 249 971 movens,
277 919 326 958 ut
353 932 446 959 eam
466 918 692 973 providam
712 933 855 960 rerum
875 920 1118 961 futurarum
1139 920 1326 963 efficiat?
1353 924 1401 962 ut

60 990 110 1018 ea
132 990 220 1017 non
244 976 371 1018 modo
399 979 545 1018 cernat
571 978 709 1019 multo
731 980 843 1032 ante,
869 979 942 1020 sed
963 979 1093 1021 etiam
1113 995 1291 1022 numero
1312 994 1401 1021 ver-

26 1046 42 1073 5
60 1048 193 1089 suque
225 1035 485 1089 pronuntiet.
535 1035 712 1084 Quando
739 1036 825 1078 ista
850 1037 914 1078 vis
942 1040 1085 1079 autem
1112 1039 1313 1080 evanuit?
1347 1053 1401 1080 an

57 1095 289 1149 postquam
321 1094 516 1135 homines
544 1095 684 1136 minus
712 1095 873 1136 creduli
899 1110 990 1137 esse
1016 1097 1276 1151 coeperunt?
1307 1097 1470 1139 De-118

58 1153 304 1194 mosthenes
338 1153 526 1207 quidem,
560 1153 632 1207 qui
664 1154 819 1195 abhinc
852 1169 985 1196 annos
1018 1170 1152 1210 prope
1184 1158 1399 1198 trecentos

56 1210 150 1265 fuit,
193 1211 280 1252 iam
324 1213 418 1253 tum
461 1214 729 1266 φιλιππίζειν
769 1212 972 1266 Pythiam
1016 1214 1203 1268 dicebat,
1247 1215 1290 1255 id
1334 1218 1399 1256 est

58 1270 180 1325 quasi
211 1285 307 1311 cum
338 1270 541 1326 Philippo
573 1270 725 1312 facere.
778 1270 872 1313 Hoc
904 1275 1048 1314 autem
1080 1287 1129 1314 eo
1163 1274 1398 1328 spectabat,

24 1331 104 1370 out
136 1343 230 1370 eam
257 1344 282 1370 a
300 1328 503 1384 Philippo
535 1332 783 1385 corruptam
815 1330 991 1384 diceret3
1023 1345 1072 1373 ecc
1097 1346 1179 1386 quo
1207 1333 1307 1374 licet
1334 1347 1399 1374 ex-

55 1387 262 1430 istumare
305 1387 351 1429 in
394 1388 490 1429 aliis
536 1402 704 1443 quoque
749 1389 930 1430 oraculis
968 1389 1192 1445 Delphicis
1237 1391 1399 1446 aliquid

55 1461 141 1489 non
179 1446 332 1488 sinceri
368 1446 514 1488 fuisse.
570 1445 652 1488 Sed
688 1448 832 1489 nescio
872 1463 955 1502 quo
994 1449 1121 1491 modo
1153 1450 1229 1490 isti
1260 1450 1398 1505 philo-

57 1505 181 1561 sophi
213 1506 504 1561 superstitiosi
536 1508 579 1547 et
609 1521 745 1561 paene
776 1507 955 1548 fanatici
988 1508 1155 1562 quidvis
1182 1509 1313 1550 malle
1339 1509 1398 1551 vi-

56 1564 210 1606 dentur
248 1579 376 1619 quam
415 1579 459 1607 se
490 1579 577 1607 non
608 1565 790 1621 ineptos.
846 1565 1085 1608 Evanuisse
1117 1568 1322 1609 mavultis
1355 1571 1398 1609 et

57 1623 291 1665 extinctum
324 1638 415 1665 esse
446 1624 508 1678 id,
542 1624 654 1679 quod
687 1625 724 1665 si
754 1639 959 1680 umquam
990 1625 1154 1680 fuisset,
1186 1628 1300 1668 certe
1332 1641 1398 1668 ae-

55 1685 224 1724 ternum
257 1685 380 1737 esset,
414 1697 542 1738 quam
575 1698 635 1737 ea,
669 1698 776 1738 quae
807 1698 896 1726 non
927 1687 1028 1726 sunt
1059 1685 1279 1740 credenda,
1310 1700 1398 1728 non

54 1741 233 1785 credere.

142 1798 304 1842 Similis
343 1804 408 1842 est
442 1816 561 1843 error
592 1802 637 1842 in
669 1801 864 1856 somniis;
897 1817 1079 1857 quorum
1112 1803 1283 1858 quidem
1316 1804 1382 1845 de-

53 1858 191 1901 fensio
223 1860 409 1914 repetita
441 1875 569 1915 quam
602 1861 731 1916 longe
763 1861 848 1902 est!
891 1860 1072 1903 Divinos
1105 1862 1271 1904 animos
1304 1878 1395 1905 cen-

56 1920 150 1960 sent
175 1933 267 1960 esse
292 1921 478 1973 nostros,
510 1934 665 1973 eosque
693 1934 784 1961 esse
809 1922 973 1962 tractos
1001 1921 1277 1976 extrinsecus,
1310 1922 1396 1964 ani-

53 1991 304 2032 morumque
337 1978 697 2019 consentientium
729 1978 1003 2021 multitudine
1029 1980 1276 2035 conpletum
1303 1995 1395 2022 esse

55 2036 276 2091 mundum3
317 2037 398 2078 hac
440 2037 576 2093 igitur
619 2037 774 2078 mentis
820 2040 862 2079 et
904 2038 1040 2094 ipsius
1085 2039 1311 2081 divinitate
1352 2043 1394 2081 et

55 2095 349 2137 coniunctione
389 2111 484 2137 cum
523 2096 709 2138 externis
747 2096 963 2139 mentibus
996 2098 1129 2152 cerni,
1168 2113 1275 2152 quae
1308 2099 1394 2139 sint

54 2152 214 2195 futura.
278 2153 487 2196 Contrahi
520 2157 663 2196 autem
703 2155 893 2197 animum
931 2155 1043 2198 Zeno
1076 2159 1119 2198 et
1152 2157 1275 2211 quasi
1306 2157 1393 2198 labi

55 2215 182 2267 putat
220 2215 346 2267 atque
385 2214 622 2269 concidere,
660 2214 704 2255 id
739 2214 882 2269 ipsum
920 2229 1012 2256 esse
1044 2215 1240 2257 dormire.
1300 2215 1393 2256 Iam

54 2269 326 2326 Pythagoras
365 2275 407 2313 et
438 2272 582 2327 Plato,
620 2273 950 2328 locupletissimi
982 2277 1194 2327 auctores,
1234 2288 1316 2328 quo
1349 2274 1394 2314 in

57 2330 216 2372 somnis
256 2331 439 2373 certiora
470 2331 706 2386 videamus,
743 2335 1025 2387 praeparatos
1058 2333 1242 2388 quodam
1275 2332 1388 2374 cultu

1402 1784 1466 1868 ἐξ
