1685 2568
260 139 344 180 116
672 137 735 172 DE
763 137 965 173 NATURA
989 136 1192 172 DEORUM

259 234 389 277 deus.'
439 234 558 277 Haec
590 234 734 276 omnia
758 234 804 275 in
829 233 988 287 eodem,
1022 248 1105 287 quo
1130 233 1208 274 illa
1228 233 1422 287 Zenonis,
1454 249 1597 276 errore

189 304 232 335 26
258 296 495 336 versantur.
558 292 668 341 Quid
709 293 820 334 0111111
853 293 910 333 3113
942 292 1111 346 111011113,
1151 292 1250 346 quid
1281 293 1597 347 praestabilius

260 353 361 408 quid
397 353 509 394 inter
545 354 746 393 naturam
784 354 827 392 et
864 351 1075 392 rationem
1107 351 1295 405 inteisit,
1332 365 1419 393 non
1450 352 1598 393 distin-

261 412 417 468 guitur.
467 410 682 475 Idemque,
716 409 752 450 si
784 409 851 450 dei
880 423 966 451 non
999 410 1096 463 sint,
1127 412 1260 465 negat
1291 424 1383 450 esse
1412 410 1456 451 in
1482 411 1598 452 omni

259 473 415 512 natura
466 469 693 523 quicquam
736 467 910 510 homine
954 469 1124 522 melius,
1174 468 1216 509 1(1
1260 471 1403 510 autem
1446 471 1598 523 putare
1637 484 1651 508 5

260 542 519 583 quemquam
550 527 787 581 hominem,
818 526 927 567 nihil
958 527 1131 569 homine
1166 541 1258 568 esse
1291 527 1456 581 melius,
1489 542 1599 568 sum·

260 602 355 629 mae
401 586 682 642 adrogantiae
728 589 871 628 censet
916 600 1018 627 esse.
1093 585 1159 627 Sit
1204 600 1304 627 sane
1349 586 1598 642 adrogantis

260 646 397 702 pluris
436 660 480 687 se
517 648 670 700 putare
710 660 837 699 quam
876 645 1097 698 mundum3
1136 647 1181 686 at
1218 645 1325 685 illud
1356 659 1442 686 non
1473 645 1599 687 modo

260 720 348 747 non
385 704 654 760 adrogantis,
697 704 770 745 sed
807 703 951 758 potius
989 703 1229 759 prudentis,
1267 703 1517 759 intellegere
1557 719 1600 745 se

260 764 420 806 habere
460 778 632 804 sensum
665 765 707 803 et
738 763 966 816 rationem,
1008 762 1112 804 haec
1145 762 1291 804 eadem
1325 762 1525 804 Orionem
1559 765 1601 804 et
1622 778 1654 802 10

263 823 513 865 Caniculam
551 836 636 863 non
674 821 843 862 habere.
905 821 979 862 Et:
1021 819 1087 862 ‘Si
1126 821 1276 863 domus
1314 821 1494 876 pulchra
1533 822 1601 875 sit,

262 882 567 937 intellegamus
606 895 700 922 eam
740 879 953 934 dominis’,
984 879 1141 934 inquit,
1183 880 1464 922 ‘aedificatam
1499 895 1601 934 esse,

261 955 348 982 11011
379 940 590 993 muribus,
633 939 692 981 310
723 938 857 994 igitur
889 938 1093 980 mundum
1126 939 1302 980 deorum
1331 939 1502 980 domum
1537 954 1602 980 ex-

263 1000 456 1041 istimare
489 997 718 1039 debemus.9
775 997 844 1039 Ita
875 1012 1051 1052 prorsus
1081 998 1384 1050 existimarem,
1416 998 1452 1038 si
1478 998 1601 1039 illum

265 1058 535 1100 aedificatum
580 1071 690 1110 esse,
732 1071 819 1098 non
862 1056 1007 1111 (quem
1051 1056 1104 1097 ad
1149 1057 1322 1098 modum
1360 1055 1538 1112 docebo)
1579 1072 1656 1098 a15

264 1120 420 1159 natura
452 1115 767 1158 conformatum
799 1118 1008 1170 putarem

354 1175 415 1217 At
441 1175 552 1217 enim
581 1175 748 1229 quaerit
775 1174 887 1240 apud
906 1173 1236 1229 Xenophontem
1257 1173 1466 1229 Socrates,
1493 1176 1602 1216 unde

243 1236 455 1282 ,animum
489 1234 807 1289 arripuerimus,
840 1233 876 1274 si
907 1234 1050 1274 nullus
1082 1233 1212 1274 fuerit
1244 1233 1289 1274 in
1320 1234 1489 1276 mundo.
1545 1234 1604 1275 Et

266 1309 345 1350 ego
373 1308 543 1348 quaero,
575 1293 685 1334 unde
713 1307 760 1334 01
764 1292 963 1346 ationem,
995 1293 1104 1333 unde
1130 1307 1342 1346 numeros,
1374 1293 1483 1334 unde
1511 1308 1603 1334 can

266 1357 354 1407 tus,
392 1352 476 1394 nisi
514 1366 614 1393 vero
653 1351 772 1405 loqui
810 1351 944 1392 solem
983 1366 1077 1392 cum
1116 1351 1218 1392 luna
1251 1354 1471 1406 putamus,
1510 1367 1605 1393 cum
1626 1366 1659 1388 20

266 1411 443 1467 propius
471 1410 709 1463 accesserit,
738 1412 812 1451 aut
838 1410 891 1451 ad
915 1410 1186 1451 harmoniam
1213 1425 1362 1452 canere
1390 1411 1605 1465 mundum,

266 1474 314 1512 ut
345 1470 617 1525 Pythagoras
657 1469 886 1510 existimat.
948 1468 1140 1509 Naturae
1177 1469 1263 1510 ista
1303 1472 1420 1523 sunt,
1459 1469 1606 1522 Balbe,

266 1532 445 1571 naturae
476 1543 563 1569 non
595 1528 824 1569 artificiose
851 1527 1125 1581 ambulantis,
1156 1530 1205 1569 ut
1231 1528 1292 1569 ait
1318 1528 1442 1583 Zeno,
1475 1527 1607 1583 (quod

269 1589 438 1643 quidem
478 1587 603 1642 quale
642 1587 716 1641 sit,
755 1587 841 1628 iam
879 1585 1136 1640 videbimus)
1176 1586 1249 1628 sed
1282 1586 1425 1629 omnia
1457 1587 1606 1628 cientis

200 1656 242 1687 28
270 1650 313 1688 et
346 1646 554 1702 agitantis
580 1646 769 1687 motibus
796 1648 838 1687 et
864 1645 1176 1687 mutationibus
1203 1645 1303 1687 suis.
1352 1645 1503 1700 Itaque
1529 1647 1607 1688 illa
1627 1659 1659 1684 25

218 1707 375 1752 smihi
406 1706 606 1760 placebat
639 1705 777 1746 oratio
812 1705 861 1745 de
894 1704 1189 1746 convenientia
1221 1719 1511 1759 consensuque
1536 1720 1608 1747 na-

268 1768 407 1818 turae,
450 1779 577 1818 quam
620 1764 742 1818 quasi
782 1764 1038 1819 cognatione
1076 1763 1326 1805 continuata
1363 1764 1607 1818 conspirare

270 1824 452 1866 dicebas.
514 1822 629 1864 Illud
660 1837 746 1864 non
777 1823 1028 1877 probabam,
1065 1822 1177 1877 quod
1208 1823 1398 1878 negabas
1430 1823 1473 1863 id
1505 1824 1608 1865 acci-

271 1884 367 1923 dere
400 1883 604 1937 potuisse,
635 1881 719 1923 nisi
752 1896 801 1922 ea
832 1896 915 1923 uno
950 1881 1091 1923 divino
1125 1881 1281 1936 spiritu
1307 1881 1607 1923 contineretur.

270 1941 354 1982 Illa
391 1955 491 1982 vero
530 1941 730 1982 cohaeret
769 1943 811 1981 et
842 1943 1064 1994 permanet
1094 1943 1273 1981 naturae
1305 1940 1486 1995 viribus,
1523 1956 1609 1983 non
1629 1954 1660 1978 30

272 2001 458 2054 deorum,
491 2002 639 2054 estque
671 1999 716 2040 in
742 2013 791 2040 ea
816 1999 898 2040 iste
926 1999 1048 2053 quasi
1075 2013 1316 2053 consensus,
1349 2014 1477 2053 quam
1504 2012 1609 2054 συμ-

271 2057 466 2100 πάθειαν
494 2057 645 2100 Graeci
677 2060 850 2111 vocant,
883 2058 957 2098 sed
988 2072 1049 2111 ea,
1082 2072 1164 2111 quo
1193 2072 1269 2099 sua
1295 2061 1447 2112 sponte
1474 2059 1610 2101 maior

215 2125 253 2141 “
273 2121 349 2172 est,
382 2132 430 2158 eo
464 2117 604 2158 minus
638 2116 782 2158 divina
812 2117 978 2158 latione
1010 2116 1102 2157 fieri
1135 2116 1420 2158 existimanda
1451 2120 1527 2159 est.

203 2158 258 2240 192
359 2175 444 2217 Illa
481 2178 642 2229 uitem,
687 2190 794 2228 quae
833 2174 1071 2216 001110οε103
1111 2175 1349 2230 adferebat,
1395 2191 1519 2230 quem
1557 2177 1610 2218 ad

228 2210 447 2277 9modum
491 2234 756 2276 dissolvitis?
803 2234 838 2275 si
878 2234 1045 2275 nullum
1084 2248 1236 2290 corpus
1275 2234 1503 2277 inmortale
1542 2236 1610 2290 sit,
1630 2248 1653 2273 3:

272 2294 440 2335 nullum
481 2307 571 2334 esse
614 2307 766 2347 corpus
810 2293 1135 2347 sempiternum,
1178 2308 1331 2348 corpus
1371 2297 1513 2335 autem
1551 2295 1611 2335 in-

274 2352 456 2394 mortale
485 2352 652 2393 nullum
679 2366 782 2407 esse,
813 2366 866 2393 ne
891 2351 1156 2394 individuum
1183 2352 1364 2407 quidem,
1395 2367 1472 2394 nec
1499 2353 1612 2409 quod

196 1210 237 1240 27

1664 2008 1667 2098 1

1662 2101 1666 2151 1

1660 2153 1665 2287 l

1659 2289 1662 2330 ι

1657 2376 1660 2430 l

1655 2432 1659 2505 1
