1685 2568
179 967 200 983 ἢ

178 1020 221 1049 64

177 1617 232 1657 39

178 1668 221 1698 65

179 2107 222 2138 66

179 967 232 1008 08

247 126 330 167 328
720 125 784 159 DE
809 125 872 160 RE
897 125 1101 161 PUBLICA

245 222 370 263 unius
409 237 459 263 ex
495 222 584 263 illis
622 222 758 263 xviris
796 222 1091 276 intemperiem
1128 221 1174 262 in
1209 221 1303 263 foro
1342 237 1419 264 sua
1449 238 1577 265 manu

244 281 532 322 interemisset
570 296 618 322 ac
655 295 848 321 maerens
889 281 942 321 ad
974 279 1221 333 exercitum,
1260 280 1333 334 qui
1362 284 1454 322 tum
1487 285 1578 323 erat

244 340 290 380 in
313 339 486 395 Algido,
517 339 793 394 confugisset,
825 339 984 379 milites
1010 338 1173 379 bellum
1197 339 1317 392 illud,
1350 340 1462 393 quod
1487 343 1578 382 erat

233 398 289 450 ‚in
332 399 547 452 manibus,
590 397 814 451 reliquisse
858 399 900 437 et
943 397 1129 451 primum
1172 400 1362 438 montem
1401 413 1578 452 sacrum,

245 457 355 498 sicut
387 459 479 497 erat
508 457 553 497 'm
585 456 716 497 simili
748 469 876 496 causa
907 458 1034 496 antea
1062 455 1237 509 factum,
1269 456 1417 498 deinde
1443 457 1578 498 Aven-
1597 469 1614 494 5

244 516 383 556 tinum
416 519 594 556 armatos
624 515 834 555 insedisse.
856 547 864 556 .
885 547 894 555 .
915 547 923 555 .

584 607 900 659 [Desiderantur
926 609 1104 660 payinae
1134 609 1246 660 θεία]

332 691 486 733 Dixere
525 691 722 730 maritum
757 703 836 742 pro
881 690 1144 742 deszynavere.
1195 690 1274 732 Cic.
1313 692 1360 732 de
1394 705 1438 733 re
1468 692 1581 744 publ.

243 751 322 792 sie:
355 750 562 791 dictatore
588 747 634 789 L.
661 747 858 796 Quinctio
886 748 1010 789 dicto.
1036 748 1346 803 (Philarqym'us
1363 751 1419 791 acl
1438 750 1581 804 Veryil.

246 808 388 861 Geory.
423 808 510 849 III
535 807 649 859 125.)

244 886 279 918 p.
308 868 392 918 193]
494 900 502 907 .
524 899 531 907 .
553 900 561 907 .
583 867 780 906 ‚maiores
817 867 991 906 nostros
1030 867 1072 906 et
1109 866 1359 920 probavisse
1398 867 1581 909 maxime
1602 879 1634 903 1⁰

247 928 289 967 et
321 925 548 966 retinuisse
581 924 894 978 sapientissime
926 923 1076 965 iudico.

335 983 444 1026 Cum
473 998 522 1024 ea
549 981 690 1037 Scipio
718 982 895 1023 dixisset
921 983 1175 1036 silentioque
1202 983 1392 1024 omnium
1417 984 1581 1038 reliqua

248 1043 336 1084 eius
369 1044 664 1097 expectaretur
696 1041 852 1094 oratio,
883 1043 977 1082 tum
1007 1041 1193 1083 Tubero:
1232 1040 1443 1090 Quoniam
1473 1043 1582 1084 nihil

246 1117 296 1143 ex
333 1104 393 1155 te,
434 1101 654 1154 Africane,
698 1100 743 1140 hi
781 1101 965 1141 maiores
1002 1103 1107 1140 natu
1145 1101 1384 1154 requirunt,
1428 1115 1479 1142 ex
1515 1116 1582 1142 me

247 1161 409 1214 audies,
442 1160 543 1214 quid
574 1160 620 1199 in
651 1159 844 1200 oratione
876 1162 951 1200 tua
983 1159 1227 1200 desiderem.
1291 1158 1412 1213 Sane,
1442 1160 1583 1214 inquit
1602 1171 1635 1197 15

247 1218 400 1273 Scipio,
429 1221 472 1260 et
496 1218 681 1259 libenter
708 1217 889 1271 quidem.
933 1217 1043 1258 Tum
1068 1218 1159 1258 ille:
1190 1217 1451 1259 Laudavisse
1477 1218 1583 1259 mihi

247 1278 403 1319 videris
443 1279 637 1318 nostram
678 1291 769 1317 rem
808 1276 1043 1331 publicam,
1084 1291 1179 1317 cum
1218 1291 1267 1317 ex
1304 1279 1347 1317 te
1379 1292 1465 1318 non
1497 1275 1580 1333 deff

245 1355 280 1387 p.
303 1338 387 1388 194]
419 1338 582 1389 nostra,
615 1335 687 1376 sed
719 1335 769 1375 de
802 1335 919 1376 omni
950 1349 995 1375 re
1020 1335 1194 1389 publica
1219 1336 1455 1389 quaesisset
1480 1335 1583 1377 Lae-

246 1395 340 1436 lius.
390 1394 480 1435 Nec
511 1396 657 1435 tamen
688 1393 815 1434 didici
847 1408 897 1434 ex
929 1393 1121 1434 oratione
1152 1396 1245 1446 tua,
1283 1394 1413 1435 istam
1443 1394 1581 1448 ipsam

245 1468 335 1494 rem
373 1452 609 1507 publicam,
651 1467 779 1506 quam
817 1452 986 1506 laudas,
1024 1467 1108 1506 qua
1146 1452 1389 1507 disciplina,
1428 1453 1581 1507 quibus
1599 1464 1637 1490 ΞΟ

246 1512 437 1553 moribus
478 1514 552 1552 aut
590 1511 758 1565 legibus
798 1511 1056 1552 constituere
1093 1512 1161 1552 vel
1199 1525 1451 1553 conservare
1488 1526 1583 1566 pos-

248 1571 391 1612 simus.

335 1628 417 1670 Hic
449 1629 694 1670 Africanus:
726 1628 838 1669 Puto
869 1628 993 1669 nobis
1025 1642 1124 1669 mox
1156 1628 1205 1669 de
1236 1628 1510 1670 instituendis
1542 1631 1585 1671 et

248 1687 548 1730 conservandis
582 1687 828 1728 civitatibus
862 1687 1089 1741 aptiorem,
1121 1686 1302 1741 Tubero,
1332 1687 1424 1729 fore
1457 1688 1584 1729 disse-

247 1746 372 1788 rundi
414 1747 572 1799 locum,
613 1746 663 1787 de
701 1745 865 1800 optimo
904 1748 1048 1786 autem
1087 1747 1204 1786 statu
1241 1746 1436 1800 equidem
1474 1746 1583 1787 arbi·
1601 1757 1636 1783 25

247 1824 281 1856 p.
311 1806 396 1857 143]
429 1805 579 1845 trabar
611 1819 677 1845 me
710 1804 817 1845 satis
848 1802 1130 1858 responffdisse
1158 1804 1210 1845 ad
1235 1804 1290 1856 id,
1323 1805 1435 1859 quod
1461 1820 1585 1859 quae-

249 1864 379 1905 sierat
398 1863 582 1904 Laelius.
619 1863 812 1904 Primum
833 1863 945 1903 enim
964 1877 1140 1903 numero
1162 1863 1407 1904 definieram
1429 1877 1585 1918 genera

248 1922 470 1964 civitatum
502 1921 588 1963 tria
613 1921 867 1976 probabilia,
897 1921 1138 1976 perniciosa
1164 1924 1306 1963 autem
1331 1922 1471 1963 tribus
1496 1922 1584 1963 illis

247 1981 427 2022 totidem
460 1981 693 2034 contraria,
733 1980 983 2034 nullumque
1015 1995 1064 2020 ex
1097 1980 1157 2021 eis
1189 1995 1320 2021 unum
1353 1995 1445 2021 esse
1478 1981 1585 2035 opti-

249 2054 376 2093 mum,
409 2039 483 2080 sed
513 2039 557 2080 id
587 2041 807 2094 praestare
839 2038 1036 2093 singulis,
1067 2039 1180 2092 quod
1212 2054 1233 2080 e
1265 2039 1404 2080 tribus
1435 2039 1584 2094 primis
1604 2051 1639 2076 30

249 2117 284 2149 p.
314 2099 398 2150 144]
432 2100 546 2138 esset
584 2097 747 2139 modice
785 2100 1084 2152 temperatum.
1145 2096 1267 2145 Quod
1300 2100 1308 2151 1
1340 2100 1482 2139 autem
1520 2113 1586 2139 ex-

250 2157 390 2211 emplo
422 2158 597 2198 nostrae
624 2156 812 2198 civitatis
845 2171 946 2197 usus
973 2170 1079 2209 sum,
1109 2171 1197 2197 non
1223 2156 1276 2197 ad
1303 2156 1587 2197 definiendum

249 2215 461 2270 optimum
500 2218 661 2256 statum
699 2215 836 2257 valuit
875 2213 993 2269 (nam
1028 2214 1070 2254 id
1101 2214 1194 2256 fieri
1224 2215 1367 2270 potuit
1399 2215 1489 2256 sine
1521 2230 1586 2256 ex-

248 2272 428 2329 emplo),
479 2274 552 2314 sed
602 2276 650 2314 ut
700 2273 874 2314 civitate
919 2273 1106 2314 maxima
1149 2288 1300 2328 reapse
1346 2276 1588 2314 cerneretur

249 2333 373 2386 quale
407 2334 519 2373 esset
550 2331 605 2385 id,
641 2332 754 2385 quod
785 2332 896 2373 ratio
930 2331 1152 2385 oratioque
1185 2332 1455 2373 describeret.
1512 2331 1586 2373 Sin
1606 2342 1640 2369 ³5
