1685 2568
402 735 829 784 ADNOTATIO
875 734 1186 784 ORITIOA.

219 920 415 956 Librorum
453 920 505 954 de
542 921 704 954 natura
741 920 939 962 deorum,
978 919 1027 954 de
1066 919 1373 962 divinatione,
1412 920 1464 954 de

127 968 220 1003 fato
255 968 389 1013 optimi
421 966 566 1001 codices
599 968 685 1002 sunt
708 967 838 1010 iidem,
871 966 936 1011 qui
959 966 1121 1010 Luculli,
1147 966 1394 1002 Leidenses
1420 967 1464 1010 A,

126 1016 165 1058 B,
192 1015 227 1049 H
252 1016 291 1050 et
314 1014 501 1049 Vindob.
527 1013 571 1049 V.
621 1014 722 1048 Haec
759 1013 874 1048 editio
913 1013 1113 1058 diligenter
1149 1013 1246 1048 infra
1282 1014 1465 1049 rationem

126 1062 312 1097 reddimus
338 1061 471 1105 quibus
496 1060 536 1095 in
559 1061 669 1095 rebus
694 1060 880 1105 discrepet
904 1060 950 1094 ab
971 1060 1160 1094 Orelliana
1185 1061 1305 1095 altera
1322 1060 1464 1096 Baiteri

126 1111 165 1144 et
190 1108 341 1143 Christii
368 1118 480 1153 opera
509 1107 610 1142 facta
641 1108 679 1141 et
709 1117 732 1141 a
760 1107 900 1141 Baiteri
930 1106 1132 1151 Lipsiensi3
1168 1106 1206 1141 in
1238 1118 1310 1151 quo
1342 1107 1465 1143 facere

125 1168 199 1191 non
229 1155 417 1200 potuimus
449 1154 537 1198 quin
572 1164 681 1198 saepe
714 1164 757 1188 ea
788 1164 1175 1197 commemoraremus,
1209 1165 1303 1198 quae
1329 1155 1402 1200 ipsi
1427 1155 1466 1189 in

127 1201 357 1238 Fleckeiseni
387 1201 507 1236 annal.
540 1200 670 1246 philol.
703 1212 734 1235 a.
764 1204 854 1235 1864
879 1213 914 1245 p.
943 1205 1139 1244 127—147,
1171 1205 1369 1244 261—281‚
1397 1206 1464 1237 605

127 1254 239 1286 -631
273 1249 318 1284 de
349 1248 417 1283 illa
447 1247 610 1283 editione
643 1247 938 1293 conscripsimus.
989 1246 1044 1282 Ea
1074 1247 1129 1282 ita
1152 1247 1383 1283 notavimus:
1410 1249 1463 1283 Fl.

126 1309 208 1332 ann.
263 1326 270 1332 .
297 1316 352 1330 —.

219 1309 259 1378 ἐξ
285 1349 316 1378 4.
345 1347 376 1378 6.
403 1353 480 1386 sqq.
506 1346 581 1377 tam
605 1343 729 1378 variae
752 1346 838 1377 sunt
861 1362 908 1367 —-
931 1346 973 1377 ut
1002 1352 1134 1388 mayno
1159 1346 1369 1387 argumento
1394 1354 1466 1378 esse

125 1393 249 1427 debeat
267 1389 378 1435 vulg.,
400 1389 578 1432 Schoem.,
597 1390 672 1424 sint
689 1399 756 1434 pro
776 1393 862 1424 sunt
880 1388 983 1424 codd.
1005 1387 1079 1431 AB,
1099 1392 1140 1424 ut
1159 1399 1230 1423 om.
1250 1389 1328 1432 AH,
1355 1401 1465 1434 supra

125 1438 189 1474 lin.
215 1438 330 1472 habet
354 1437 396 1479 B,
429 1448 508 1472 cum
541 1440 615 1471 tam
645 1438 770 1471 variae
800 1438 874 1471 sint
897 1456 944 1461 —
974 1447 1105 1481 ‘mayno
1136 1447 1211 1481 ary.
1245 1447 1317 1471 esse
1341 1437 1466 1472 debent

126 1485 220 1520 Bait.
243 1485 298 1519 ed.
319 1484 432 1529 LiPS.,
457 1488 531 1519 tam
550 1484 674 1519 variae
694 1488 779 1520 sunt
798 1504 844 1508 —
862 1487 904 1519 ut
927 1483 969 1518 id
991 1494 1122 1528 mayno
1144 1494 1220 1529 ary.
1248 1494 1319 1518 esse
1343 1484 1467 1519 debeat

127 1533 182 1568 ed.
203 1532 286 1566 Tur.
308 1552 350 1556 —
370 1530 409 1565 P.
425 1535 456 1566 4.
478 1534 499 1565 8
520 1541 666 1565 causam
684 1534 717 1565 et
730 1531 957 1575 principium
977 1529 1156 1572 Schoem.,
1179 1541 1290 1565 causa
1303 1532 1465 1575 princip.

129 1579 209 1614 cod.
231 1578 261 1613 B
281 1579 326 1622 (A
346 1579 444 1622 om.),
470 1588 617 1613 causam
644 1579 684 1612 id
709 1582 759 1612 est
777 1578 898 1622 princ.
919 1576 963 1619 H,
991 1588 1137 1612 causam
1161 1576 1257 1612 Bait.
1278 1578 1304 1619 I,
1324 1579 1465 1622 princi-

124 1628 228 1672 pium
254 1625 309 1661 ed.
335 1625 380 1660 II.
405 1645 452 1650 —
476 1624 514 1659 P.
542 1629 574 1659 4.
609 1627 651 1659 18
695 1623 897 1670 Cyrenaeus
926 1624 1187 1669 [putaverunt]
1216 1623 1311 1660 Bait.
1344 1625 1387 1660 II.
1424 1646 1466 1649 —

126 1674 164 1708 P.
186 1678 218 1708 4.
240 1677 284 1707 23
309 1673 357 1707 iis
383 1671 488 1707 codd.
515 1672 561 1715 (is
587 1682 766 1716 superscr.
793 1672 816 1706 h
835 1673 893 1715 A),
918 1670 1025 1713 Bait„
1053 1670 1219 1705 Schoem.
1241 1692 1287 1696 -—
1308 1671 1347 1706 P.
1369 1675 1399 1706 5.
1421 1675 1465 1706 29

126 1723 398 1765 tempestatum?
425 1717 469 1753 cf.
489 1731 524 1763 p.
544 1723 623 1754 228.
646 1723 701 1763 27,
720 1729 797 1763 par.
819 1723 850 1754 6.
873 1722 913 1753 51
931 1728 984 1752 ex,
1005 1739 1047 1743 -—
1068 1717 1107 1753 P.
1129 1722 1160 1752 5.
1182 1722 1226 1752 37
1246 1722 1347 1753 tanto
1366 1730 1468 1763 opere

127 1767 262 1802 recent.
285 1766 384 1809 edd.;
406 1777 439 1800 v.
461 1766 507 1800 ad
526 1765 640 1800 Acad.
661 1778 696 1810 p.
719 1771 749 1800 6.
769 1769 821 1800 14.
843 1785 884 1790 -—
906 1764 945 1800 P.
961 1770 992 1800 6.
1007 1769 1027 1799 5
1050 1766 1196 1800 benivol.
1218 1777 1284 1799 scr.
1307 1776 1325 1799 e
1347 1765 1467 1808 codd,

127 1815 219 1848 item
231 1826 267 1859 p.
282 1818 337 1848 23.
355 1817 410 1856 12,
430 1817 484 1847 44.
504 1818 533 1854 1,
554 1816 633 1848 357.
656 1817 697 1847 12
719 1812 812 1857 (cod.
832 1811 1070 1856 Leid.Non.),
1091 1816 1170 1847 393.
1191 1816 1211 1847 2
1233 1813 1271 1846 et
1284 1816 1346 1855 223
1367 1824 1399 1847 v.
1422 1812 1467 1846 de

126 1861 188 1896 fin.
213 1873 248 1906 p.
272 1864 348 1895 105.
371 1863 426 1902 18,
451 1859 546 1894 Bait.
574 1859 630 1894 ed.
659 1858 716 1895 Or.
743 1860 786 1893 ΙΙ.
812 1871 847 1904 p.
869 1863 947 1894 654.
969 1863 1000 1893 9.
1022 1880 1065 1884 -—
1090 1858 1129 1893 P.
1158 1863 1188 1893 7.
1210 1863 1254 1894 35
1279 1859 1335 1894 his
1361 1859 1466 1894 codd.

129 1909 167 1942 et
185 1908 268 1943 edd.
289 1928 333 1933 —
358 1906 397 1942 P.
419 1911 450 1943 8.
474 1911 514 1941 11
540 1907 807 1952 [philosophos]
830 1905 933 1949 Bak„
958 1905 1054 1941 Bait.
1075 1906 1119 1941 II.
1145 1926 1191 1932 ——
1215 1905 1253 1941 P.
1275 1909 1307 1940 8.
1328 1910 1467 1940 22--25

128 1955 213 2001 [Em
237 1966 307 2000 quo
330 1975 378 1980 —
411 1954 615 2000 regeretur]
644 1953 859 1988 Heindorfio
890 1953 1040 1988 auctore
1065 1952 1202 1987 Baiter.
1229 1974 1272 1978 --
1299 1953 1336 1987 P.
1365 1957 1396 1988 8.
1424 1957 1468 1988 32

129 2007 170 2037 ut
195 2006 244 2037 est
269 2003 311 2037 in
334 2001 489 2046 Syneph.
525 2000 740 2035 dubitanter
771 2011 838 2035 scr.
872 2001 927 2044 (ut
951 2001 993 2036 in
1017 2000 1171 2047 Syneph.
1198 2004 1248 2036 est
1273 2000 1468 2044 Schoem.),

129 2053 172 2084 ut
200 2050 261 2084 ille
290 2050 332 2084 in
357 2048 444 2094 Syn.
477 2047 612 2082 Baiter.
646 2069 689 2073 -
720 2047 759 2082 P.
793 2052 823 2082 9.
857 2051 877 2082 3
916 2048 1034 2083 ‘nevolt
1069 2047 1179 2090 Bait„
1218 2046 1384 2082 Schoem.
1425 2068 1468 2071 —

130 2095 169 2130 P.
191 2100 221 2130 9.
246 2100 287 2131 17
313 2096 467 2131 exhedra
492 2094 586 2130 Bait.
615 2094 670 2129 ed.
697 2094 810 2140 Lips.,
836 2095 879 2128 ut
902 2094 962 2129 fin.
989 2094 1022 2128 V
1048 2099 1078 2130 2.
1105 2099 1127 2129 4
1153 2094 1211 2129 est
1234 2093 1274 2128 in
1299 2093 1469 2128 omnibus

133 2142 253 2186 codd„
279 2142 323 2177 de
349 2153 399 2177 or.
426 2142 478 2177 III
509 2146 541 2176 5.
569 2146 612 2177 17
644 2141 820 2178 variatur.
848 2162 890 2166 —
923 2141 962 2176 P.
990 2146 1023 2177 9.
1050 2146 1093 2176 22
1120 2141 1407 2186 Peropportune
1433 2142 1471 2175 et

131 2202 165 2225 v.
193 2193 237 2224 25
263 2193 477 2234 opportwne
507 2188 602 2232 edd,
633 2188 724 2223 item
748 2201 783 2233 p.
811 2192 866 2223 34.
895 2192 950 2232 12,
976 2193 1031 2224 66.
1058 2193 1115 2232 29,
1141 2192 1197 2224 93.
1224 2193 1279 2231 37,
1309 2192 1385 2223 179.
1413 2191 1468 2230 37,

132 2241 211 2271 390.
233 2239 290 2278 26,
314 2235 476 2270 inlibris
497 2235 542 2271 de
561 2247 600 2270 re
619 2235 720 2281 publ.
747 2238 795 2280 (p.
816 2238 895 2270 278.
924 2240 978 2278 11,
1005 2239 1083 2271 307.
1104 2239 1161 2278 36,
1188 2239 1268 2270 308.
1295 2237 1330 2279 5)
1358 2234 1471 2269 etiam

131 2283 171 2317 in
198 2282 324 2317 codice
357 2292 436 2317 esse
461 2282 523 2316 vix
555 2283 680 2325 credo3
713 2282 786 2317 vid.
814 2283 858 2316 de
885 2282 946 2317 fin.
971 2294 1006 2327 p.
1036 2286 1113 2317 188.
1142 2286 1196 2326 16,
1224 2282 1343 2315 Halm.
1370 2281 1468 2315 Lael.

131 2342 169 2375 p.
195 2333 273 2365 618.
300 2333 355 2364 32.
383 2349 427 2354 -
451 2328 490 2364 P.
518 2334 550 2364 9.
577 2333 622 2364 24
646 2329 775 2374 Atque
806 2329 871 2363 alii
898 2329 1015 2372 codd,
1049 2329 1228 2373 Schoem.‚
1255 2329 1371 2373 Atqui
1396 2327 1469 2368 AB.

1141 2390 1190 2422 a*
