1685 2568
216 119 300 160 ΙΟΟ
638 115 702 150 DE
728 114 930 149 NATURA
958 114 1163 149 DEORUM

214 214 392 256 scientia
433 212 703 268 intellegitur
740 226 868 266 quam
906 211 993 252 vim
1030 211 1190 252 habeat
1227 212 1445 266 qualisque
1484 212 1552 266 sit,

213 288 298 328 qua
345 287 398 314 ne
446 272 492 313 in
541 272 618 312 deo
670 270 841 325 quidem
891 272 956 311 est
1003 284 1072 311 res
1115 270 1207 310 ulla
1249 271 1552 325 praestantior.

213 332 383 381 Quanta
413 345 515 372 vero
546 330 625 370 illa
657 331 768 382 sunt,
801 343 908 383 quae
940 342 1017 370 vos
1046 327 1292 370 Academici
1323 329 1553 371 infirmatis

213 393 256 432 et
286 390 462 443 tollitis,
495 388 609 442 quod
641 390 683 428 et
715 387 910 428 sensibus
943 389 986 428 et
1018 387 1160 429 animo
1194 401 1260 440 ea,
1293 401 1400 441 quae
1432 391 1554 429 extra

145 459 210 490 148
232 452 352 503 sunt,
409 447 668 502 percipimus
719 448 848 500 atque
896 446 1243 501 conprendimus!
1300 460 1351 487 ex
1400 447 1553 501 quibus

212 507 395 550 conlatis
426 506 540 547 inter
572 520 616 546 se
648 507 691 546 et
723 505 966 559 conparatis
999 507 1114 546 artes
1147 519 1316 559 quoque
1346 504 1553 547 efficimus

211 567 372 622 partim
404 565 458 606 ad
483 579 608 606 usum
634 564 759 617 vitae,
791 564 952 617 partim
978 563 1032 605 ad
1057 563 1389 605 oblectationem
1414 578 1556 606 neces-

213 625 360 667 sarias.
409 623 503 665 Iam
534 637 634 664 vero
668 622 840 663 domina
870 637 1023 676 rerum,
1054 625 1103 663 ut
1128 636 1204 664 vos
1232 622 1380 663 soletis
1407 623 1556 677 dicere,

213 683 440 738 eloquendi
483 682 566 736 vis,
610 696 739 736 quam
783 682 848 722 est
890 681 1111 736 praeclara
1143 695 1355 735 quamque
1394 681 1555 723 divina!

213 758 320 799 quae
346 743 532 797 primum
559 740 703 794 efficit,
734 742 783 781 ut
809 742 851 781 et
878 755 938 794 ea,
972 755 1079 794 quae
1104 740 1367 796 ignoramus,
1395 740 1555 782 discere

214 805 258 844 et
301 816 367 855 ea,
412 815 520 855 quae
565 799 739 853 scimus,
783 799 891 840 alios
936 799 1084 840 docere
1124 799 1357 854 possimus3
1407 799 1556 841 deinde

212 861 293 903 hac
337 859 632 911 cohortamur,
672 858 752 899 hac
795 857 1119 912 persuademus,
1162 858 1243 899 hac
1284 858 1557 900 consolamur

215 920 411 973 afflictos,
443 919 523 959 hac
555 916 799 958 deducimus
832 917 1084 971 perterritos
1118 931 1142 957 a
1173 917 1340 971 timore,
1375 917 1455 959 hac
1488 931 1557 973 ge-

215 979 393 1020 stientes
438 976 762 1031 conprimimus,
806 975 887 1017 hac
931 975 1187 1030 cupiditates
1232 976 1557 1030 iracundiasque

213 1036 532 1092 restinguimus,
563 1035 669 1076 haec
699 1049 778 1076 nos
809 1034 928 1088 iuris,
958 1035 1116 1090 legum,
1148 1034 1319 1075 urbium
1352 1035 1556 1076 societate

146 1106 211 1137 149
232 1095 433 1149 devinxit,
464 1095 570 1136 haec
602 1109 627 1135 a
658 1094 748 1135 vita
778 1093 941 1134 inmani
973 1096 1015 1134 et
1046 1093 1137 1134 fera
1169 1093 1426 1149 segregavit.
1488 1094 1556 1135 Ad

214 1170 339 1196 usum
383 1156 528 1195 autem
573 1153 780 1194 orationis
824 1152 1074 1194 incredibile
1119 1154 1201 1206 est,
1247 1153 1283 1193 si
1329 1153 1558 1208 diligenter

215 1213 467 1266 attenderis,
506 1214 669 1266 quanta
707 1226 836 1266 opera
874 1211 1121 1252 machinata
1151 1213 1308 1253 natura
1340 1212 1407 1253 sit.
1468 1211 1559 1252 Pri-

214 1287 332 1314 mum
364 1271 476 1313 enim
510 1287 534 1312 a
558 1271 835 1326 pulmonibus
862 1270 1021 1311 arteria
1045 1285 1178 1324 usque
1206 1271 1258 1311 ad
1285 1285 1331 1312 os
1358 1270 1559 1312 intimum

213 1331 419 1388 pertinet,
460 1345 536 1385 per
581 1345 709 1384 quam
748 1344 831 1371 vox
868 1329 1126 1384 principium
1158 1344 1182 1370 a
1220 1332 1362 1370 mente
1402 1329 1557 1371 ducens

214 1390 450 1446 percipitur
488 1391 530 1430 et
567 1388 778 1442 funditur3
818 1388 966 1429 deinde
1002 1388 1048 1428 in
1084 1402 1157 1429 ore
1195 1388 1280 1429 sita
1311 1389 1461 1444 lingua
1493 1391 1558 1430 est

214 1449 339 1491 finita
370 1448 589 1501 dentibus3
622 1462 671 1489 ea
702 1461 850 1489 vocem
881 1447 1146 1488 inmoderate
1177 1447 1399 1502 profusam
1431 1447 1558 1503 fingit

216 1511 259 1549 et
298 1507 504 1549 terminat
545 1509 673 1560 atque
715 1520 842 1548 sonos
883 1506 1000 1547 vocis
1042 1505 1266 1547 distinctos
1305 1508 1348 1547 et
1385 1521 1557 1560 pressos

216 1567 359 1620 efficit,
391 1581 488 1608 cum
520 1568 563 1607 et
595 1565 648 1606 ad
681 1564 827 1606 dentes
854 1567 896 1606 et
922 1564 975 1606 ad
1002 1564 1108 1606 alias
1134 1567 1280 1619 partes
1306 1565 1432 1620 pellit
1458 1565 1557 1607 oris.

215 1626 368 1680 Itaque
406 1624 561 1680 plectri
599 1624 783 1665 similem
821 1624 1014 1678 linguam
1050 1624 1190 1665 nostri
1229 1624 1369 1665 solent
1407 1624 1556 1679 dicere,

217 1684 476 1727 chordarum
513 1684 679 1737 dentes,
719 1697 844 1724 nares
877 1683 1077 1724 cornibus
1108 1683 1180 1737 iis,
1213 1683 1287 1738 qui
1318 1683 1372 1724 ad
1402 1698 1557 1725 nervos

217 1746 420 1785 resonant
452 1743 496 1783 in
528 1742 736 1784 cantibus

149 1789 215 1872 ᾗῇ)
261 1810 263 1814 “
307 1801 444 1850 Quam
481 1815 582 1843 vero
621 1803 745 1856 aptas
785 1815 996 1856 quamque
1028 1801 1260 1843 multarum
1293 1801 1451 1843 artium
1483 1801 1559 1842 mi—

217 1862 378 1902 nistras
412 1874 562 1902 manus
593 1863 750 1901 natura
780 1859 945 1902 homini
977 1860 1109 1901 dedit!
1164 1860 1413 1916 Digitorum
1445 1860 1559 1901 enim

218 1920 454 1962 contractio
497 1918 638 1961 facilis
675 1919 901 1973 facilisque
937 1919 1150 1974 porrectio
1187 1921 1365 1974 propter
1403 1919 1557 1960 molles

219 1978 522 2020 commissuras
555 1979 598 2019 et
630 1980 749 2019 artus
781 1978 901 2019 nullo
933 1978 979 2019 in
1009 1981 1129 2019 motu
1161 1978 1344 2020 laborat.
1405 1977 1558 2032 Itaque

219 2037 273 2079 ad
303 2037 577 2092 pingendum,
610 2037 663 2078 ad
693 2037 954 2091 fingendum,
986 2037 1039 2078 ad
1065 2037 1352 2092 scalpendum,
1385 2037 1438 2078 ad
1468 2051 1560 2078 ner-

217 2111 370 2138 vorum
408 2095 636 2137 eliciendos
675 2109 803 2137 sonos
841 2111 890 2137 ac
926 2095 1131 2137 tibiarum
1170 2098 1273 2150 apta
1310 2110 1460 2137 manus
1494 2098 1560 2137 est

219 2155 464 2197 admotione
504 2154 748 2210 digitorum.
810 2154 954 2208 Atque
984 2155 1090 2196 haec
1122 2154 1441 2209 oblectationis,
1481 2155 1560 2196 illa

217 2213 501 2267 necessitatis,
537 2213 678 2255 cultus
711 2213 803 2254 dico
837 2227 1041 2269 agrorum
1073 2214 1445 2268 extructionesque
1476 2216 1560 2255 tec-

219 2275 382 2327 torum,
418 2274 670 2327 tegumenta
708 2286 936 2327 corporum
973 2272 1042 2314 vel
1078 2275 1199 2314 texta
1235 2273 1304 2314 vel
1344 2275 1441 2314 suta
1474 2287 1560 2314 om-

210 2344 401 2387 nemque
443 2330 653 2373 fabricam
693 2332 802 2373 aeris
841 2333 884 2373 et
920 2331 1041 2386 ferri3
1085 2346 1135 2373 ex
1173 2346 1256 2387 quo
1293 2331 1562 2387 intellegitur

1577 752 1610 778 10

1578 1046 1611 1072 15

1579 1342 1663 1366 20’

1577 1615 1661 1672 253]

1577 1931 1612 1956 30

1579 2197 1648 2251 3⁵3
