1685 2568
420 106 507 141 1213.
533 105 578 141 11.
617 104 717 140 OAP.
743 109 893 140 30—33.
925 109 945 148 g
971 108 1121 140 77—84.
1387 107 1442 148 75

100 202 358 258 participem
396 200 578 244 rationis
616 202 745 255 atque
784 199 944 241 ordinis
981 202 1205 266 tamquam
1242 201 1314 243 via
1343 217 1444 257 pro-

102 261 369 317 gredientem
407 260 795 313 declarantemque,
840 259 942 313 quid
979 259 1182 313 cuiusque
1219 259 1282 301 rei
1314 274 1443 302 causa

101 319 273 374 efficiat,
301 319 402 374 quid
428 320 643 373 sequatur,
669 317 787 359 cuius
814 316 1055 359 sollertiam
1073 318 1195 359 nulla
1215 332 1297 372 ars,
1322 319 1444 360 nulla

101 393 268 432 manus,
293 391 419 420 nemo
445 375 588 432 opifex
613 375 817 430 consequi
842 375 982 431 possit
1006 376 1235 430 imitando3
1268 376 1443 418 seminis

65 450 82 476 5
102 437 215 478 enim
252 437 341 479 vim
379 449 470 478 esse
501 437 688 489 tantam,
724 437 774 476 ut
803 435 863 488 id,
901 449 1162 489 quamquam
1195 409 1252 476 sit
1282 435 1444 490 perexi-

102 510 246 551 guum,
277 498 436 548 tamen,
468 493 505 535 si
534 493 733 535 inciderit
755 493 802 534 in
825 493 1136 549 concipientem
1156 494 1445 549 conprenden-

102 557 273 608 temque
318 555 519 595 naturam
561 554 850 607 nanctumque
889 552 946 594 sit
977 552 1225 606 materiam,
1269 567 1354 607 qua
1385 552 1445 594 ali

102 612 334 667 augerique
364 611 516 666 possit,
546 610 610 652 ita
639 611 778 666 fingat
809 613 852 652 et
884 610 1043 653 efficiat
1072 611 1118 652 in
1149 625 1226 653 suo
1260 611 1445 665 quidque

102 685 274 727 genere,
318 670 480 726 partim
516 672 565 710 ut
601 672 773 711 tantum
811 669 937 711 modo
974 684 1052 725 per
1083 669 1240 724 stirpes
1272 670 1446 711 alantur

50 744 83 769 ιο
102 744 220 783 suas,
258 728 419 785 partim
455 730 504 770 ut
542 729 704 770 moveri
737 728 867 770 etiam
899 730 942 770 et
974 728 1134 770 sentire
1167 731 1210 770 et
1242 731 1445 783 appetere

101 788 271 844 possint
309 789 352 829 et
390 802 441 829 ex
479 801 570 829 sese
610 787 769 828 similia
801 787 866 828 sui
898 787 1086 842 gignere.
1148 785 1257 829 Sunt
1289 789 1445 841 autem,

102 847 175 902 qui
207 846 351 888 omnia
382 848 564 888 naturae
588 846 761 888 nomine
787 846 1020 901 appellent,
1050 848 1100 887 ut
1118 845 1345 901 Epicurus,
1372 848 1446 900 qui

101 906 164 947 ita
195 905 364 947 dividit:
401 905 604 958 omnium,
637 919 745 959 quae
778 905 876 959 sint,
907 907 1108 946 naturam
1140 919 1232 946 esse
1264 919 1447 959 corpora

103 967 147 1006 et
177 964 315 1018 inane,
349 978 541 1018 quaeque
573 963 641 1005 his
674 963 879 1005 accidant.
929 961 1011 1005 Sed
1038 978 1117 1005 nos
1144 978 1241 1006 cum
1266 963 1446 1005 dicimus

50 1037 83 1063 15
101 1025 258 1065 natura
289 1025 487 1064 constare
519 1022 896 1076 administrarique
927 1023 1145 1076 mundum,
1176 1036 1265 1064 non
1294 1022 1357 1064 ita
1387 1022 1446 1063 di-

102 1082 250 1136 cimus,
282 1084 331 1123 ut
356 1081 555 1136 glaebam
582 1084 658 1122 aut
680 1080 973 1135 fragmentum
999 1081 1156 1136 lapidis
1183 1083 1259 1123 aut
1285 1081 1447 1136 aliquid

103 1141 194 1182 eius
231 1140 348 1181 modi
384 1140 506 1180 nulla
543 1139 799 1181 cohaerendi
835 1141 1009 1194 natura,
1051 1139 1125 1180 secl
1155 1141 1204 1180 ut
1236 1140 1447 1193 arborem,

100 1202 150 1241 ut
176 1198 349 1252 animal,
380 1198 426 1239 in
452 1198 607 1252 quibus
632 1198 754 1239 nulla
779 1198 1013 1252 temeritas,
1041 1197 1115 1239 sed
1141 1197 1245 1240 ordo
1267 1201 1448 1254 apparet

102 1260 146 1299 et
177 1257 284 1299 artis
317 1256 526 1311 quaedam
559 1256 808 1298 similitudo.

49 1331 83 1356 20
191 1315 353 1365 Quodsi
385 1330 446 1370 ea,
479 1329 586 1370 quae
613 1330 638 1357 a
662 1318 778 1357 terra
804 1315 1013 1370 stirpibus
1033 1315 1321 1370 continentur,
1353 1318 1447 1358 arte

100 1377 281 1417 naturae
320 1374 473 1416 vivunt
513 1377 556 1416 et
593 1374 758 1430 vigent,
798 1375 992 1429 profecto
1024 1374 1120 1430 ipsa
1150 1376 1268 1417 terra
1300 1345 1494 1417 eadem8

102 1434 146 1476 vi
186 1433 432 1476 continetur
473 1435 584 1486 [arte
620 1408 838 1488 noaturuaeL
883 1433 1041 1488 quippe
1080 1448 1189 1489 quae
1221 1434 1449 1489 gravidata

103 1492 339 1534 seminibus
384 1492 528 1534 omnia
570 1492 714 1548 pariat
758 1494 801 1533 et
842 1492 995 1533 fundat
1040 1506 1090 1534 ex
1134 1506 1245 1547 sese,
1290 1492 1448 1548 stirpes

104 1551 303 1606 amplexa
335 1551 426 1592 alat
456 1553 500 1593 et
531 1553 689 1606 augeat
718 1551 897 1606 ipsaque
930 1551 1073 1592 alatur
1104 1551 1293 1593 vicissim
1325 1566 1351 1593 a
1383 1565 1449 1593 su·

49 1623 84 1649 25
103 1611 218 1666 peris
245 1609 516 1664 externisque
541 1610 720 1652 naturis.
769 1609 1059 1664 Eiusdemque
1086 1610 1448 1665 exspirationibus

104 1672 147 1711 et
179 1672 252 1710 aer
285 1669 416 1710 alitur
448 1671 491 1710 et
523 1669 670 1710 aether
702 1671 745 1710 et
771 1669 915 1710 omnia
941 1683 1107 1724 supera.
1156 1668 1237 1724 Ita,
1269 1669 1307 1711 si
1331 1671 1450 1711 terra

102 1730 259 1770 natura
282 1730 456 1769 tenetur
482 1730 525 1769 et
549 1727 680 1784 viget,
713 1728 861 1769 eadem
885 1728 998 1769 ratio
1025 1727 1071 1769 in
1096 1727 1262 1782 reliquo
1288 1728 1448 1770 mundo

104 1789 187 1840 est3
225 1785 382 1841 stirpes
421 1786 534 1828 enim
570 1789 710 1828 terrae
748 1786 993 1841 inhaerent3
1031 1786 1272 1829 animantes
1305 1789 1450 1829 autem

105 1845 396 1900 adspiratione
435 1845 546 1887 aeris
585 1845 869 1899 sustinentur,
906 1845 1083 1901 ipseque
1121 1848 1194 1888 aer
1224 1846 1449 1888 nobiscum

52 1916 87 1941 30
105 1904 238 1958 videt,
280 1903 505 1946 nobiscum
549 1904 687 1959 audit,
730 1904 956 1946 nobiscum
1001 1906 1142 1959 sonat3
1184 1904 1296 1946 nihil
1336 1904 1450 1946 enim

106 1977 254 2004 eorum
290 1962 381 2004 sine
419 1977 468 2005 eo
504 1962 599 2004 fieri
635 1965 799 2029 potest,
838 1963 942 2018 quin
979 1963 1110 2005 etiam
1148 1966 1346 2006 movetur
1376 1978 1450 2005 no·

106 2021 318 2076 biscum3
323 2036 588 2076 quacumque
621 2021 735 2063 enim
766 2022 890 2077 imus,
923 2036 1190 2077 quacumque
1216 2037 1449 2077 movemur,

105 2080 275 2121 videtur
307 2080 429 2134 quasi
459 2081 603 2123 locum
635 2080 735 2122 dare
768 2084 811 2122 et
842 2080 1000 2123 cedere.
1056 2080 1257 2136 Quaeque
1288 2081 1335 2123 in
1365 2095 1449 2123 me-

108 2139 226 2180 dium
257 2138 400 2180 locum
430 2139 589 2194 mundi,
622 2139 695 2194 qui
727 2142 793 2181 est
822 2139 1009 2194 infimus,
1042 2142 1085 2181 et
1117 2154 1225 2195 quae
1258 2155 1284 2182 a
1309 2140 1448 2181 medio

54 2197 152 2239 35111
190 2211 392 2253 superum
425 2211 615 2253 quaeque
648 2198 924 2240 conversione
956 2199 1142 2241 rotunda
1174 2199 1334 2241 circum
1365 2212 1449 2240 me-

108 2256 226 2297 dium
256 2255 465 2310 feruntur,
497 2270 547 2298 ea
578 2257 871 2299 continentem
902 2257 1050 2299 mundi
1081 2257 1272 2299 efficiunt
1303 2271 1449 2298 unam-

109 2329 189 2371 que
214 2316 426 2356 naturam.
476 2313 535 2356 Et
560 2329 656 2357 cum
682 2317 886 2370 quattuor
913 2330 1070 2371 genera
1095 2316 1183 2357 sint
1208 2330 1448 2371 corporum,

1462 1292 1518 1334 33

1476 2088 1519 2120 84
