1685 2568
441 44 531 80 LIB.
556 45 584 81 Ι.
616 44 716 80 CAP.
742 48 870 80 8—11.
896 49 916 87 ξ
943 50 1092 81 13—17.
1351 46 1436 88 279

94 141 185 184 eius
229 140 344 183 modi
385 155 531 182 curam
572 139 819 195 deposuerit
856 154 1008 194 eaque,
1048 155 1157 195 quae
1195 141 1245 182 de
1281 145 1438 184 natura

96 202 418 255 quaererentur,
457 201 532 240 aut
563 199 745 252 maiora,
784 212 913 252 quam
944 198 1167 240 hominum
1198 199 1310 240 ratio
1342 214 1437 242 con—

95 258 214 312 sequi
251 260 418 313 posset,
457 260 532 299 aut
568 257 678 298 nihil
717 255 902 312 omflm'no
942 257 996 298 ad
1033 257 1169 298 vitam
1206 257 1279 299 ho-
1312 259 1363 310 [p.
1392 270 1435 300 37

94 317 257 359 minum
295 316 488 358 adtinere
520 316 686 357 dixerit.
741 315 852 357 Dein
884 315 1073 357 Tubero:
1111 315 1286 370 Nescio,
1323 315 1437 357 Afri-
1465 327 1507 357 16

58 385 75 412 ⁶
93 389 208 429 cane,
234 389 308 417 cur
332 375 396 416 ita
421 374 654 416 memoriae
679 374 899 429 proditum
926 374 995 428 sit,
1020 372 1241 416 Socratem
1267 389 1437 416 omnem

93 434 223 476 istam
268 433 605 488 disputationem
645 433 842 475 reiecisse
886 435 929 474 et
969 435 1141 475 tantum
1179 433 1230 475 de
1266 433 1358 474 vita
1395 435 1438 475 et

94 493 144 534 de
175 492 367 534 moribus
401 492 577 533 solitum
610 506 703 533 esse
729 506 945 546 quaerere.
994 490 1130 540 Quem
1157 491 1269 533 enim
1296 494 1438 534 aucto-

92 566 183 594 rem
215 551 266 592 de
297 551 375 592 illo
408 550 737 605 locupletiorem
762 550 945 592 Platone
977 550 1153 592 laudare
1179 551 1437 606 possumus?

93 610 212 652 cuius
249 609 295 651 in
332 609 455 651 libris
494 609 644 651 multis
676 609 782 650 locis
813 609 876 650 ita
908 609 1100 663 loquitur
1132 607 1349 663 Socrates,
1389 611 1438 651 ut

43 680 74 707 10
94 669 244 722 etiam,
276 683 372 710 cum
404 667 455 709 de
487 667 698 721 moribus,
731 668 781 709 de
813 668 1065 722 virtutibus,
1097 668 1277 722 denique
1310 668 1360 710 de
1391 682 1465 717 re¹

3 727 6 737 '
90 727 266 783 publica
291 727 493 782 disputet,
523 725 737 781 numeJros
762 729 910 769 tamen
936 729 979 768 et
1005 727 1288 783 geometriam
1319 728 1371 779 [p.
1392 737 1439 781 34εἴ

92 789 136 829 et
178 786 450 828 harmoniam
489 785 661 827 studeat
697 785 974 841 Pythagorae
1011 801 1129 828 more
1168 785 1437 842 coniungere}

92 845 201 887 Tum
227 843 387 900 Scipio:
421 843 529 886 Sunt
559 844 656 898 ista,
688 847 737 886 ut
769 844 892 899 dicis3
924 844 998 886 sed
1030 844 1199 887 audisse
1230 847 1275 886 te
1300 844 1439 899 credo,

93 904 275 957 Tubero,
306 903 535 945 Platonem
566 901 742 945 Socrate
774 906 946 946 mortuo
979 903 1166 958 primum
1197 903 1243 944 in
1267 902 1438 959 Aegyp·

42 973 74 999 ¹⁵
92 965 186 1004 tum
230 962 418 1005 discendi
462 976 609 1016 causa,
653 965 753 1017 post
789 962 833 1004 in
870 961 1045 1004 Italiam
1084 965 1126 1004 et
1164 962 1209 1003 111
1247 961 1438 1004 Siciliam

92 1022 380 1075 contendisse,
417 1024 466 1063 ut
495 1020 772 1076 Pythagorae
803 1021 980 1063 inventa
1010 1021 1288 1076 perdisceret,
1326 1018 1443 1075 eum-J

95 1095 176 1136 que
208 1083 252 1122 et
283 1095 380 1122 cum
411 1080 606 1134 Archyta
638 1079 871 1121 Tarentino
903 1083 946 1121 et
978 1095 1073 1122 cum
1099 1080 1275 1122 Timaeo
1300 1079 1440 1122 Locro

92 1139 277 1182 multum
300 1138 434 1181 fuisse
460 1141 503 1180 et
520 1138 717 1180 Philoleo
744 1139 1075 1181 commentarios
1105 1153 1196 1180 esse
1221 1134 1443 1193 nanctum,

93 1213 272 1253 cumque
317 1212 365 1240 eo
409 1195 615 1254 tempolre
654 1197 700 1238 in
735 1197 789 1239 iis
827 1197 933 1239 locis
970 1197 1250 1253 Pythagorae
1290 1198 1342 1249 [p.
1370 1200 1448 1240 2633

38 1267 74 1293 80
91 1272 249 1300 nomen
278 1256 457 1312 vigeret,
488 1256 613 1297 illum
645 1271 689 1298 se
721 1259 764 1298 et
795 1256 1043 1298 hominibus
1074 1255 1362 1322 Pythagoreis
1395 1258 1447 1298 et

91 1315 245 1358 studiis
266 1315 356 1357 illis
377 1314 555 1357 dedisse.
595 1314 748 1369 Itaque
769 1330 866 1357 cum
886 1313 1108 1357 Socratem
1127 1315 1249 1357 unice
1270 1315 1442 1356 dilexis-

92 1377 158 1417 set
184 1374 306 1429 eique
331 1373 477 1416 omnia
495 1374 685 1415 tribuere
711 1374 933 1427 voluisset,
960 1374 1151 1429 leporem
1171 1364 1443 1422 Socraticum·

93 1434 466 1488 subtilitatemque
498 1432 708 1475 sermonis
741 1447 838 1474 cum
869 1433 1133 1475 obscuritate
1161 1432 1442 1491 Pythagorae

92 1495 136 1535 et
167 1508 263 1535 cum
293 1492 372 1534 illa
402 1492 688 1547 plurimarum
720 1491 879 1533 artium
911 1492 1127 1548 gravitate
1159 1491 1389 1534 contexuit.
1436 1493 1443 1515 ¹

39 1561 73 1588 25
180 1551 299 1593 Haec
319 1549 461 1606 Scipio
482 1566 578 1592 cum
599 1550 787 1604 dixisset,
812 1550 858 1592 L.
878 1550 1055 1592 Furium
1074 1553 1250 1606 repente
1271 1550 1438 1592 venien·
1454 1525 1508 1608 111(

92 1613 182 1653 tem
202 1610 381 1665 aspexit,
407 1624 588 1676 eumque
606 1612 656 1651 ut
676 1610 894 1664 salutavit,
921 1607 1199 1666 amicissime}
1217 1609 1323 1662 3(1-[
1307 1610 1361 1662 [.p
1370 1619 1438 1652 264

91 1669 320 1725 prehendit
356 1671 401 1711 et
435 1668 482 1710 in
517 1669 629 1711 lecto
669 1683 746 1710 suo
779 1668 1030 1711 conlocavit.
1090 1668 1150 1710 Et
1181 1683 1277 1711 cum
1309 1667 1439 1710 simul

91 1727 140 1770 P.
181 1727 372 1770 Rutilius
416 1727 625 1782 venisset,
670 1727 743 1782 qui
787 1730 854 1769 est
893 1727 1018 1769 nobis
1059 1727 1186 1769 huius
1227 1727 1437 1769 sermonis

95 1789 257 1842 auctor,
289 1801 387 1828 eum
419 1801 588 1841 quoque
618 1788 668 1828 ut
700 1786 920 1840 salutavit,
951 1789 1130 1841 propter
1167 1786 1438 1828 Tuberonem

40 1855 75 1882 ³0
93 1846 221 1888 iussit
258 1846 464 1887 adsidere.
526 1845 636 1886 Tum
666 1844 841 1887 Furius:
880 1844 990 1894 Quid
1026 1860 1104 1887 vos
1137 1845 1297 1901 agitis?
1333 1860 1438 1887 num

94 1919 335 1947 sermonem
359 1906 554 1946 vestrum
574 1904 763 1958 aliquem
783 1904 954 1946 diremit
972 1906 1121 1947 noster
1139 1904 1437 1946 interventus?

92 1963 270 2006 Minime
301 1978 421 2018 vero,
453 1963 702 2018 Africanus3
741 1964 853 2005 soles
886 1963 1000 2005 enim
1030 1965 1079 2005 tu
1109 1963 1215 2005 haec
1247 1963 1436 2005 studiose

93 2022 374 2079 investigare,
414 2036 520 2077 quae
559 2024 660 2063 sunt
694 2022 742 2063 in
777 2022 859 2064 hoc
897 2036 1069 2078 genere,
1107 2022 1157 2064 de
1195 2037 1279 2076 quo
1316 2021 1438 2063 insti-

93 2083 238 2124 tuerat
273 2081 404 2136 paulo
443 2084 543 2122 ante
580 2080 750 2123 Tubero
789 2080 1022 2137 quaelrere3
1064 2080 1255 2123 Rutilius
1289 2082 1342 2133 [p.
1370 2091 1436 2123 209

43 2140 267 2195 ⁸5quidem
302 2142 452 2182 noster
488 2140 620 2181 etiam
657 2140 737 2181 sub
774 2139 880 2195 ipsis
911 2139 1174 2182 Numantiae
1212 2139 1437 2182 moenibus

96 2199 266 2241 solebat
296 2214 463 2241 mecum
487 2199 705 2240 interdum
731 2198 820 2240 eius
846 2199 962 2240 modi
987 2199 1150 2253 aliquid
1176 2198 1436 2252 conquirere.

95 2256 212 2307 Quae
243 2272 311 2299 res
343 2257 518 2299 tandem
548 2257 784 2300 inciderat?
816 2257 956 2312 inquit
985 2256 1152 2299 Philus.
1203 2256 1311 2298 Tum
1342 2256 1437 2297 ille:
