1685 2568
386 80 476 117 LIB.
502 81 528 117 I.
556 80 656 116 CAP.
682 85 833 116 41—44.
860 85 879 124 ἓ
907 86 1102 116 116-122,
1357 83 1414 124 43

77 177 270 217 strantur
303 176 488 229 deorum.
544 175 702 218 Utrum
732 176 866 230 igitur
897 176 966 218 hic
998 177 1272 219 confirmasse
1304 179 1415 220 vide-

76 237 147 275 tur
183 235 438 289 religionem
470 250 524 276 an
554 235 724 289 penitus
757 237 897 276 totam
929 235 1184 277 sustulisse?
1248 235 1413 278 Omitto

75 293 324 334 Eleusinem
357 296 548 335 sanctam
580 293 701 334 illam
734 295 776 334 et
808 296 1050 349 augustam,

164 351 263 393 Ubi
294 351 572 394 initiantur
605 353 784 406 gentes
817 366 1018 393 orarum
1049 353 1282 408 ultimae,

38 421 57 448 5
76 413 298 466 praetereo
332 409 672 452 Samothraciam
706 425 849 465 eaque,
883 425 990 465 quae
1021 410 1172 452 Lemni

163 468 426 511 Noctrirno
460 469 601 510 aditu
634 470 836 510 occulta
867 470 1124 524 coluntur,

224 527 570 570 Silvestribus
603 528 844 582 saepibus
878 528 1044 570 densa.

75 586 238 635 Quibus
289 586 511 641 explicatis
562 586 615 628 ad
664 587 959 641 rationemque
1009 587 1220 628 revocatis
1271 601 1415 628 rerum

75 646 214 700 magis
245 647 401 686 natura
432 645 706 700 cognoscitur
738 661 865 699 quam
898 646 1084 687 deorum.
1428 679 1485 720 43

39 717 55 742 ο
162 703 270 745 Mihi
296 703 466 758 quidem
492 704 622 745 etiam
643 704 926 759 Democritus,
951 705 1017 746 vir
1043 719 1225 760 magnus
1251 704 1296 745 in
1320 705 1403 758 pri·
1420 732 1486 762 120

75 763 174 817 mis,
218 762 335 803 cuius
378 762 572 804 fontibus
616 763 826 818 Epicurus
872 763 1069 805 hortulos
1115 778 1214 805 suos
1258 763 1416 818 inriga-

73 822 154 876 vit,
202 823 354 862 nutare
398 821 566 862 videtur
608 822 653 862 in
695 825 850 863 natura
894 822 1080 863 deorum.
1149 822 1257 863 Tum
1303 822 1416 863 enim

75 882 219 922 censet
256 880 466 935 imagines
500 881 724 922 divinitate
755 881 972 935 praeditas
1004 881 1142 923 inesse
1174 881 1221 922 in
1251 881 1416 922 univer-

76 940 204 980 sitate
230 953 384 992 rerum,
416 942 508 980 tum
534 939 745 994 principia
765 940 933 994 mentis,
967 955 1074 994 quae
1095 940 1183 981 sint
1202 940 1247 980 in
1268 940 1416 981 eodem

40 998 292 1051 5universo‚
337 998 436 1039 deos
482 1012 574 1039 esse
619 998 738 1052 dicit,
782 1001 875 1039 tum
914 999 1154 1040 animantes
1192 998 1416 1054 imagines,

77 1071 184 1111 quae
221 1057 289 1098 vel
327 1057 529 1111 prodesse
567 1057 691 1098 nobis
731 1057 898 1098 soleant
929 1058 998 1098 vel
1029 1072 1200 1112 nocere,
1232 1060 1324 1098 tum
1356 1057 1416 1098 in-

77 1115 216 1171 gentis
268 1115 474 1169 quasdam
523 1115 735 1170 imagines
782 1118 1029 1170 tantasque,
1079 1119 1127 1157 ut
1170 1116 1417 1157 universum

75 1174 280 1215 mundum
342 1174 666 1228 conplectantur
731 1174 1012 1227 extrinsecus3
1075 1189 1182 1228 quae
1245 1175 1416 1228 quidem

78 1232 221 1274 omnia
259 1234 359 1273 sunt
394 1233 538 1287 patria
568 1232 807 1274 Democriti
839 1247 967 1287 quam
998 1232 1247 1275 Democrito
1282 1233 1416 1288 digni-

40 1304 56 1329 0
76 1306 162 1333 ora.
218 1290 320 1340 Quis
353 1291 466 1332 enim
496 1291 603 1332 istas
635 1291 845 1347 imagines
878 1292 1220 1346 conprehendere
1254 1292 1397 1333 animo
1420 1301 1484 1331 121

74 1350 247 1406 potest?
293 1350 387 1405 quis
427 1350 658 1392 admirari?
704 1351 798 1405 quis
837 1353 911 1392 aut
949 1351 1068 1392 cultu
1100 1353 1174 1392 aut
1207 1351 1416 1406 religione

76 1410 227 1465 dignas
264 1409 480 1450 iudicare?
540 1409 752 1463 Epicurus
790 1424 890 1451 vero
924 1424 973 1451 ex
1006 1410 1160 1451 animis
1193 1409 1416 1451 hominum

75 1468 262 1510 extraxit
292 1468 495 1509 radicitus
528 1468 793 1524 religionem,
825 1483 921 1510 611111
953 1468 1016 1509 (113
1043 1469 1347 1510 inmortalibus
1375 1471 1418 1509 et

76 1542 201 1582 opem
245 1529 288 1568 et
332 1527 520 1582 gratiam
565 1527 754 1568 sustulit.
822 1526 930 1569 Cum
975 1527 1089 1568 enim
1127 1527 1336 1582 optimam
1375 1530 1417 1568 et

41 1585 493 1641 5praestantissimam
523 1588 724 1627 naturam
756 1586 822 1627 dei
854 1586 967 1627 dicat
1000 1601 1109 1640 esse,
1140 1589 1273 1642 negat
1304 1586 1417 1627 idem

76 1659 168 1686 esse
198 1645 244 1686 in
276 1645 352 1686 deo
380 1645 583 1700 gratiam3
614 1645 734 1686 tollit
758 1645 813 1699 id,
846 1645 959 1699 quod
984 1645 1168 1686 maxime
1194 1645 1417 1700 proprium

77 1706 142 1745 est
174 1703 362 1759 optimae
394 1704 878 1758 praestantissimaeque
908 1706 1100 1745 naturae.
1163 1703 1273 1752 Quid
1305 1704 1418 1745 enim

76 1762 228 1804 melius
262 1765 337 1804 aut
369 1763 470 1816 quid
500 1763 791 1817 praestantius
818 1763 1012 1804 bonitate
1039 1765 1082 1804 et
1107 1763 1416 1804 beneficentia?

77 1821 169 1870 Qua
199 1836 294 1863 cum
327 1836 470 1863 carere
502 1822 626 1863 deum
657 1822 801 1876 vultis,
832 1822 1047 1863 neminem
1080 1821 1156 1863 deo
1187 1836 1265 1863 nec
1292 1821 1417 1863 deum

23 1891 153 1922 301166
182 1880 400 1922 hominem
432 1895 590 1934 carum,
621 1881 834 1922 neminem
867 1881 920 1922 ab
948 1895 996 1922 eo
1024 1880 1171 1934 amari,
1201 1881 1416 1922 neminem

78 1938 200 1994 diligi
239 1939 383 1980 vultis.
444 1939 513 1981 Ita
551 1940 618 1993 fit,
661 1942 710 1980 ut
747 1954 833 1981 non
870 1939 997 1981 modo
1029 1939 1225 1981 homines
1258 1954 1283 1980 a
1315 1939 1417 1994 deis,

78 1997 152 2038 sed
181 1997 265 2052 ipsi
297 1998 363 2039 dei
387 1998 500 2040 inter
527 2012 571 2040 se
597 1998 651 2040 ab
679 1998 775 2039 aliis
802 1998 876 2039 alii
901 1999 1202 2054 neglegantur.
1246 1997 1416 2046 Quanto
1431 1997 1488 2038 44

79 2054 212 2097 Stoici
249 2057 419 2111 melius,
459 2057 531 2112 qui
570 2072 595 2099 a
626 2057 748 2099 vobis
780 2057 1168 2112 reprehenduntur!
1231 2055 1417 2099 Censent

79 2117 221 2156 autem
248 2115 461 2169 sapientes
489 2116 754 2171 sapientibus
783 2117 914 2157 etiam
939 2116 1101 2172 ignotis
1128 2130 1220 2158 esse
1243 2116 1415 2157 amicos.

43 2172 199 2215 5Nihil
237 2176 302 2214 est
338 2174 449 2215 enim
487 2175 645 2216 virtute
684 2175 931 2230 amabilius;
969 2190 1098 2229 quam
1131 2174 1203 2230 qui
1235 2175 1414 2229 adeptus

78 2232 172 2287 erit,
201 2231 457 2287 ubicumque
489 2233 570 2274 erit
603 2234 807 2289 gentium,
839 2249 865 2275 a
894 2234 1020 2276 nobis
1048 2234 1263 2289 diligetur.
1307 2232 1397 2274 Vos
1419 2239 1484 2270 122

77 2293 222 2332 autem
255 2291 356 2345 quid
387 2291 491 2333 mali
523 2292 652 2345 datis,
684 2307 780 2334 cum
810 2294 856 2334 in
887 2292 1170 2335 inbecillitate
1203 2291 1415 2347 gratifica-
