1685 2568
174 493 228 534 31

174 545 217 576 76

175 1863 218 1896 78

246 117 332 159 134
656 116 721 151 DE
745 116 946 151 NATURA
970 116 1175 151 DEORUM

242 212 445 269 perpauci
480 213 588 255 bene
624 214 822 267 utuntur,
861 213 934 267 qui
964 215 1110 254 tamen
1139 212 1224 268 ipsi
1255 227 1380 269 saepe
1409 230 1434 256 a
1465 214 1576 257 male

243 272 464 314 utentibus
497 271 810 327 opprimuntur,
844 271 1177 313 innumerabiles
1210 274 1353 313 autem
1383 273 1578 328 improbe

243 334 434 385 utuntur,
465 333 514 371 ut
545 330 702 372 donum
732 330 815 371 1100
841 329 1031 371 divinum
1057 330 1237 371 rationis
1265 333 1308 372 et
1333 332 1499 373 001181111
1524 332 1579 375 ad

242 364 437 431 fraudeni
461 388 719 442 hominibus,
743 402 831 430 non
857 388 910 429 ad
934 389 1174 430 bonitatem
1192 389 1461 444 impertitum
1486 405 1578 432 0880

243 449 451 490 videatur.
1615 461 1631 488 5

332 505 414 548 Sed
438 506 604 561 urgetis
629 505 861 547 identidem
885 505 1108 547 hominum
1135 520 1227 548 esse
1246 506 1376 548 istam
1396 507 1580 562 culpam,

242 580 329 607 non
361 565 554 619 deorum3
585 567 634 606 ut
666 564 702 605 si
733 564 919 606 medicus
953 565 1213 620 gravitatem
1245 565 1397 620 morbi,
1430 566 1581 622 guber-

243 626 370 666 nator
396 624 483 665 vim
508 623 780 678 tempestatis
808 625 995 677 accuset3
1028 624 1109 665 etsi
1135 623 1181 664 hi
1207 624 1378 678 quidem
1402 624 1581 666 homun-

243 683 346 737 culi,
391 682 463 724 sed
506 685 653 723 tamen
688 681 868 723 ridiculi.
930 680 1033 730 Quis
1073 682 1185 723 enim
1222 685 1265 724 te
1303 683 1581 737 adhibuisset,

244 742 398 783 dixerit
439 741 670 795 quispiam,
712 740 749 781 si
788 740 874 782 ista
909 754 996 782 non
1034 741 1205 783 essent?
1256 740 1418 784 Contra
1456 742 1581 784 deum
1601 754 1635 779 10

242 800 344 842 licet
381 800 600 854 disputare
638 799 828 840 liberius.
889 797 941 840 111
976 799 1199 841 11011111111111
1237 800 1354 842 vitiis
1393 800 1455 842 ais
1488 815 1581 842 esse

243 860 425 914 culpam.
474 858 585 899 Eam
611 858 798 899 dedisses
824 857 1071 899 hominibus
1096 858 1320 913 rationem,
1347 874 1455 913 quae
1474 860 1582 901 vitia

243 918 498 972 culpamque
524 917 775 958 excluderet.
819 915 906 958 Ubi
931 916 1066 971 igitur
1086 917 1204 958 locus
1230 916 1313 958 fuit
1332 918 1468 960 errori
1488 918 1582 960 cleo-

242 977 367 1018 rum?
404 975 517 1017 Nam
543 975 806 1030 patrimonia
832 989 906 1030 spe
932 975 1039 1016 bene
1064 976 1262 1017 tradendi
1286 976 1582 1031 relinquimus,

244 1050 328 1089 qua
352 1049 580 1090 possumus
601 1034 716 1088 falli3
743 1034 844 1075 deus
863 1033 960 1075 falli
981 1033 1053 1088 qui
1072 1034 1244 1089 potuit?
1275 1034 1347 1076 An
1364 1038 1413 1077 ut
1433 1033 1518 1090 Sol,
1537 1035 1583 1076 in
1602 1047 1635 1074 15

243 1109 414 1136 currum
445 1109 541 1135 cum
572 1093 890 1134 Phaethontem
919 1092 1058 1134 filium
1090 1093 1283 1148 sustulit,
1315 1096 1390 1135 aut
1421 1093 1582 1149 Neptu-

242 1167 341 1206 nus,
379 1167 474 1194 cum
507 1152 696 1193 Theseus
728 1152 1016 1207 Hippolytum
1046 1152 1249 1206 perdidit,
1286 1167 1381 1194 cum
1413 1155 1479 1194 ter
1511 1167 1583 1208 op-

243 1212 363 1253 tandi
401 1227 425 1252 a
456 1210 658 1266 Neptuno
690 1213 814 1265 patre
844 1211 1068 1252 habuisset
1098 1212 1389 1265 potestatem?
1431 1211 1583 1253 Poeta-

242 1285 339 1312 rum
378 1270 465 1311 ista
505 1272 622 1323 sunt,
661 1284 740 1311 1108
779 1271 923 1310 autem
959 1269 1209 1324 philosophi
1247 1285 1338 1312 esse
1369 1270 1580 1324 volumus,

243 1343 386 1370 rerum
419 1332 626 1383 auctores,
658 1342 745 1370 11011
774 1328 1030 1369 fabularum.
1082 1328 1226 1382 Atque
1256 1328 1303 1370 hi
1327 1331 1471 1370 tamen
1496 1328 1583 1384 ipsi
1601 1341 1636 1366 20

244 1388 287 1429 di
325 1388 483 1443 poetici
525 1387 560 1428 si
599 1387 781 1428 scissent
817 1387 1057 1442 perniciosa
1093 1387 1185 1429 fore
1222 1387 1300 1429 illa
1329 1387 1449 1442 filiis,
1488 1402 1583 1443 pec-

244 1461 362 1488 casse
394 1446 440 1487 in
470 1446 675 1487 beneficio
707 1447 974 1500 putarentur.
1022 1445 1093 1500 Et,
1125 1446 1161 1487 si
1186 1460 1334 1487 verum
1361 1448 1437 1501 est,
1470 1446 1583 1500 quod

243 1505 392 1547 Aristo
414 1504 546 1547 Chius
579 1505 717 1546 dicere
749 1504 929 1558 solebat,
959 1519 1111 1546 nocere
1143 1505 1413 1546 audientibus
1445 1505 1583 1560 philo-

243 1564 403 1619 sophos
430 1564 494 1617 iis,
527 1563 599 1618 qui
625 1564 732 1604 bene
758 1563 872 1605 dicta
897 1562 1009 1604 male
1028 1563 1415 1618 interpretarentur
1436 1565 1582 1619 (posse

244 1623 356 1664 enim
395 1625 539 1664 asotos
579 1637 628 1664 ex
666 1621 898 1677 Aristippi,
943 1622 1118 1664 acerbos
1155 1637 1178 1664 0
1215 1622 1396 1664 Zenonis
1434 1622 1582 1664 schola
1601 1633 1634 1660 25

245 1680 395 1737 exire),
426 1695 615 1736 prorsus,
647 1681 695 1734 si,
728 1681 800 1735 qui
832 1680 1068 1735 audierunt,
1100 1680 1248 1722 vitiosi
1279 1683 1422 1723 essent
1452 1680 1581 1723 dices-

245 1741 350 1794 suri,
392 1740 504 1794 quod
535 1754 734 1795 perverse
765 1739 1124 1794 philosophorum
1156 1739 1490 1794 disputationem
1520 1740 1583 1781 111-

243 1801 597 1853 terpretarentur,
628 1801 769 1840 tacere
800 1801 1042 1853 praestaret
1066 1798 1336 1853 philosophis
1363 1813 1491 1853 quam
1516 1798 1582 1852 iis,

246 1858 318 1912 qui
356 1872 401 1898 se
439 1858 676 1912 audissent,
716 1871 880 1899 nocere.
941 1856 1027 1910 Sic,
1065 1857 1101 1898 si
1137 1856 1332 1898 homines
1368 1857 1581 1899 rationem

244 1917 356 1958 bono
398 1916 576 1958 consilio
619 1931 644 1958 a
681 1915 745 1957 dis
782 1916 1101 1957 immortalibus
1135 1915 1280 1957 datam
1311 1915 1357 1956 ‘m
1385 1915 1581 1957 fraudem
1600 1927 1635 1952 3ο

244 1975 540 2029 malitiamque
566 1977 832 2029 convertunt,
856 1989 944 2017 non
968 1974 1059 2015 dari
1084 1974 1205 2015 illam
1232 1989 1360 2029 quam
1390 1974 1482 2016 dari
1506 1974 1582 2016 hu-

244 2048 371 2075 mano
414 2033 560 2088 generi
598 2033 750 2074 melius
781 2033 874 2074 fuit.
936 2032 1016 2087 Ut,
1057 2032 1094 2074 si
1125 2032 1313 2074 medicus
1346 2033 1453 2075 sciat
1484 2048 1581 2075 eum

246 2094 482 2148 aegrotum,
510 2092 582 2146 qui
601 2092 742 2133 iussus
764 2092 820 2133 sit
839 2091 986 2133 vinum
1006 2106 1185 2146 sumere,
1211 2092 1419 2134 meracius
1440 2106 1581 2146 sump-

244 2153 390 2192 turum
428 2150 660 2205 statimque
692 2150 948 2205 periturum,
986 2164 1145 2205 magna
1176 2150 1233 2191 sit
1262 2150 1306 2191 in
1339 2151 1481 2205 culpa,
1520 2150 1580 2192 sic

243 2212 390 2252 vestra
420 2209 506 2250 ista
536 2208 807 2264 providentia
838 2208 1196 2263 reprehendenda,
1232 2223 1339 2263 quae
1369 2209 1579 2250 rationem
1599 2218 1633 2246 35

246 2268 409 2309 dederit
439 2268 504 2322 iis,
536 2281 642 2322 quos
676 2267 820 2309 scierit
845 2282 895 2308 ea
919 2282 1118 2322 perverse
1145 2269 1187 2309 et
1212 2267 1390 2323 inprobe
1415 2281 1580 2309 usuros.

245 2326 343 2368 Nisi
373 2326 486 2368 forte
518 2326 657 2368 dicitis
691 2341 785 2368 eam
815 2326 1012 2368 nescisse.
1062 2325 1241 2368 Utinam
1273 2325 1460 2381 quidem!
1498 2324 1582 2367 Scd
