1685 2568
402 134 489 169 Llss.
516 134 577 168 III.
605 134 704 169 CAP.
733 138 857 169 7—10.
890 138 909 176 ἓ
937 138 1084 169 11-17.
1332 135 1416 177 337

87 229 255 272 eosdem
281 233 324 272 et
349 230 550 284 cuiusque
577 229 743 285 generis
772 228 776 282 Ι
804 229 951 270 beluas
976 243 1153 271 numero
1179 244 1274 271 con·
1300 232 1353 282 [p.
1376 241 1417 272 18

87 290 273 330 secratas
307 289 499 342 deorum3
531 288 679 329 deinde
711 286 925 341 Graeciae,
958 287 1067 329 sicut
1094 288 1206 342 apud
1230 302 1320 342 nos,
1353 288 1419 329 de-

87 347 211 388 lubra
247 347 476 402 magnifica
507 347 705 388 humanis
737 348 984 388 consecrata
1015 346 1273 400 simulacris,
1312 361 1419 401 quae

86 405 242 447 Persae
279 406 445 447 nefaria
475 407 753 460 putaverunt3
791 419 968 459 eamque
999 420 1127 446 unam
1160 405 1214 446 ob
1247 420 1420 447 causam

51 475 68 501 5
86 463 241 506 Xerses
274 464 531 505 inflammari
556 463 886 505 Atheniensium
916 463 1018 505 fana
1048 464 1223 505 iussisse
1255 464 1420 518 dicitur,

87 523 200 577 quod
238 523 355 576 deos,
394 537 574 576 quorum
612 523 762 564 domus
800 524 913 563 esset
951 522 1088 564 omnis
1125 522 1195 564 hic
1226 523 1421 576 mundus,

85 582 273 623 inclusos
305 581 542 636 parietibus
574 581 783 622 contineri
814 581 933 622 nefas
966 595 1058 622 esse
1090 581 1272 623 duceret.
1314 580 1422 622 Post
1449 591 1491 622 15

87 643 230 682 autem
279 654 375 681 cum
416 638 559 680 Persis
609 642 652 680 et
694 639 938 695 Philippus,
988 640 1060 694 qui
1103 640 1329 695 cogitavit,
1379 642 1422 681 et

86 698 346 752 Alexander,
397 698 469 752 qui
513 698 665 752 gessit,
713 698 823 739 hanc
861 699 1050 740 bellandi
1093 713 1266 740 causam
1308 697 1423 753 infe}-

35 768 68 793 10
86 758 227 811 rebat,
260 757 373 811 quod
404 757 535 798 vellet
568 756 770 798 Graeciae
801 756 902 798 fana
932 757 1124 812 poenire3
1163 771 1270 812 quae
1303 758 1357 809 [p.
1378 767 1421 799 27

85 831 138 858 ne
175 816 401 857 reficienda
438 815 608 870 quidem
646 815 765 857 Graii
801 818 1079 870 putaverunt,
1115 818 1164 857 ut
1201 818 1314 857 esset
1350 830 1424 871 po-

87 875 212 916 steris
258 877 356 916 ante
401 889 447 916 os
492 874 792 916 documentum
829 874 1057 916 Persarum
1101 875 1272 916 sceleris
1317 889 1424 916 sem-

86 935 314 989 piternum.
375 932 512 981 Quam
550 933 693 986 multi,
730 936 779 974 ut
816 932 947 975 Tauri
983 934 1029 974 in
1066 933 1224 988 Axino,
1264 936 1314 975 ut
1349 948 1423 974 rex

87 992 277 1048 Aegypti
307 991 491 1046 Busiris,
534 994 581 1033 ut
614 991 746 1045 Galli,
786 994 832 1033 ut
863 992 1011 1047 Poeni,
1048 992 1242 1034 homines
1275 992 1424 1034 immo-

37 1062 68 1087 15
87 1052 177 1093 lare
215 1054 257 1093 et
297 1051 415 1106 pium
454 1054 496 1092 et
533 1051 596 1092 dis
633 1051 951 1092 immortalibus
991 1051 1299 1106 gratissumum
1331 1065 1423 1092 esse

88 1111 315 1152 duxerunt!
364 1109 491 1151 Vitae
522 1124 623 1151 vero
654 1109 856 1151 instituta
887 1110 947 1151 sie
979 1110 1159 1164 distant,
1195 1112 1244 1151 ut
1276 1109 1422 1152 Cretes

87 1172 130 1211 et
161 1169 308 1210 Aetoli
345 1169 595 1210 latrocinari
630 1168 858 1210 honestum
896 1171 1065 1223 putent,
1098 1168 1424 1210 Lacedaemonii

87 1243 186 1270 suos
213 1242 360 1269 omnes
388 1242 515 1283 agros
543 1241 634 1269 esse
660 1227 911 1282 dictitarint,
939 1226 944 1281 Ι
974 1242 1080 1282 quos
1112 1227 1276 1282 spiculo
1304 1229 1357 1279 [p.
1379 1238 1423 1269 28

86 1289 264 1343 possent
302 1286 526 1342 attingere.
587 1286 872 1328 Athenienses
908 1286 1048 1327 iurare
1087 1286 1216 1328 etiam
1253 1286 1424 1341 publice

35 1356 68 1381 2⁰
88 1346 286 1388 solebant
323 1359 493 1386 omnem
531 1359 652 1386 suam
690 1359 781 1386 esse
812 1347 991 1399 terram,
1029 1359 1136 1399 quae
1168 1345 1307 1386 oleam
1338 1344 1424 1386 fru-

89 1419 216 1461 gesve
264 1404 417 1458 ferret3
473 1402 590 1445 Galli
639 1406 763 1458 turpe
813 1418 904 1445 esse
953 1405 1112 1446 ducunt
1159 1403 1423 1445 frumentum

91 1478 220 1505 manu
263 1477 482 1517 quaerere,
524 1463 669 1516 itaque
713 1463 870 1504 armati
913 1463 1074 1505 alienos
1113 1477 1241 1519 agros
1285 1463 1423 1504 deme-

87 1525 203 1577 tunt3
250 1536 329 1563 nos
378 1536 479 1563 vero
528 1521 754 1562 iustissimi
802 1522 1014 1576 homines,
1064 1522 1137 1576 qui
1179 1521 1424 1577 Transalpi·
1450 1531 1493 1562 16

87 1596 165 1623 nas
205 1581 345 1637 gentis
384 1581 523 1622 oleam
560 1582 603 1622 et
640 1580 772 1621 vitem
810 1595 949 1621 serere
980 1595 1066 1622 non
1098 1580 1294 1635 sinimus,
1338 1595 1423 1635 quo

37 1649 70 1675 25
88 1640 224 1696 pluris
270 1640 357 1680 sint
398 1641 548 1680 nostra
592 1639 753 1680 oliveta
794 1642 1051 1693 nostraeque
1093 1639 1260 1693 vineae3
1310 1640 1424 1694 quod

89 1714 185 1741 cum
224 1698 450 1752 faciamus,
492 1698 723 1752 prudenter
764 1697 905 1740 facere
949 1698 1145 1752 dicimur,
1187 1698 1300 1739 iuste
1336 1713 1424 1740 non

90 1757 291 1813 dicissmur,
322 1759 371 1798 ut
398 1757 664 1812 intellegatis
691 1756 930 1812 discrepare
957 1758 1010 1798 ab
1038 1757 1253 1811 aequitate
1280 1758 1333 1809 [p.
1354 1768 1421 1799 203

90 1816 356 1872 sapientiam.
414 1814 634 1871 Lycurgus
667 1818 828 1870 autem,
863 1816 938 1857 ille
969 1816 1114 1872 legum
1147 1818 1422 1870 optumarum

90 1878 132 1917 et
163 1874 423 1930 aequissumi
453 1875 557 1915 iuris
588 1875 802 1928 inventor,
834 1889 962 1930 agros
994 1875 1275 1930 locupletium
1305 1875 1423 1929 plebi

38 1945 71 1970 ³0
90 1937 138 1976 ut
169 1934 345 1976 servitio
378 1933 578 1975 colendos
610 1933 736 1974 dedit.

178 1992 344 2034 Genera
379 2007 481 2034 vero
513 1991 551 2033 si
581 1991 711 2033 velim
740 1992 863 2047 iuris,
899 1992 1215 2047 institutorum,
1252 2007 1422 2034 morum
1439 1975 1493 2057 119

89 2051 526 2106 consuetudinumque
558 2051 807 2106 describere,
836 2065 924 2093 non
955 2051 1081 2093 modo
1111 2051 1167 2100 in
1186 2053 1254 2093 tot
1287 2051 1422 2107 genti-

88 2110 168 2152 bus
199 2111 335 2165 varia,
368 2111 441 2152 sed
470 2110 516 2151 in
546 2124 631 2151 una
661 2110 778 2164 urbe,
808 2110 877 2152 vel
906 2110 953 2151 in
982 2110 1063 2152 hac
1093 2110 1200 2165 ipsa,
1231 2110 1420 2152 milliens

89 2172 257 2211 mutata
288 2170 589 2223 demonstrem,
620 2171 669 2209 ut
698 2168 768 2210 hic
797 2168 902 2210 iuris
926 2172 1073 2211 noster
1097 2169 1308 2224 interpres
1336 2168 1422 2210 alia

39 2236 71 2263 ⁸5
88 2242 200 2270 nunc
235 2228 438 2270 Manilius
481 2228 575 2268 iura
619 2227 732 2268 dieat
771 2241 863 2268 esse
904 2227 954 2269 de
994 2226 1254 2284 mullierums
1273 2229 1325 2279 [p.
1353 2237 1421 2267 204

89 2287 246 2343 legatis
278 2290 321 2328 et
350 2286 674 2340 hereditatibus,
706 2285 792 2327 alia
824 2286 975 2328 solitus
1007 2287 1064 2328 sit
1090 2286 1335 2328 adulescens
1362 2284 1421 2325 di·

89 2360 182 2388 cere
223 2346 413 2387 nondum
449 2344 642 2387 Voconia
681 2345 775 2401 lege
816 2344 923 2400 lata3
967 2360 1075 2400 quae
1116 2344 1287 2399 quidem
1325 2343 1421 2398 ipsa

159 2420 230 2446 010.
250 2421 303 2449 1v.
324 2421 348 2446 2.
1094 2417 1136 2447 22
