1685 2568
172 632 224 673 61

173 684 238 714 126

174 1476 238 1506 127
260 1467 392 1508 tanda
417 1482 503 1508 non
530 1470 640 1508 sunt.
690 1467 782 1508 Iam
809 1481 909 1508 vero
937 1467 1036 1521 quid
1063 1481 1169 1522 opus
1196 1470 1262 1508 est
1287 1467 1578 1509 circumitione

172 1762 227 1803 62

241 80 326 120 242
706 80 770 114 DE
796 81 1114 116 DIVINATIONE

242 176 412 230 quidem
451 176 580 232 digna
617 177 801 218 ducant?
850 176 940 218 Nec
978 177 1090 218 enim
1128 176 1327 232 ignorare
1367 179 1468 220 deus
1505 195 1577 234 po-

241 237 339 288 test,
371 250 455 290 qua
486 237 627 277 mente
661 236 838 290 quisque
871 235 939 289 sit,
969 250 1046 277 nec
1069 235 1233 277 frustra
1259 251 1307 278 ac
1333 237 1423 278 sine
1449 252 1577 279 causa

242 293 342 348 quid
373 295 512 336 facere
545 294 721 349 dignum
753 294 831 335 deo
864 297 945 348 est,
981 294 1093 348 quod
1125 294 1328 335 abhorret
1360 295 1491 337 etiam
1522 296 1576 337 ab

240 351 428 393 hominis
460 353 714 394 constantia.
763 351 843 406 Ita,
876 352 912 393 si
937 352 1141 407 pleraque
1167 353 1334 394 somnia
1360 356 1434 395 aut
1458 354 1577 409 igno-

241 413 392 452 rantur
418 413 492 452 aut
516 411 816 466 negleguntur,
842 412 916 451 aut
940 410 1076 452 nescit
1098 411 1179 452 hoc
1199 411 1300 452 deus
1323 414 1397 453 aut
1415 412 1578 454 frustra
1615 425 1630 450 5

242 469 506 511 somniorum
548 469 862 524 significatione
905 469 1059 523 utitur3
1104 471 1146 510 et
1188 469 1342 511 horum
1378 473 1577 512 neutrum

241 528 285 568 in
323 528 447 569 deum
486 527 617 581 cadit3
653 527 762 568 nihil
799 527 932 583 igitur
970 542 995 569 a
1026 528 1103 569 deo
1137 528 1313 569 somniis
1346 529 1579 584 significari

240 585 461 628 fatendum
493 589 569 627 est.

328 644 442 686 Illud
481 645 611 686 etiam
649 645 838 699 requiro,
878 659 968 698 cur,
1010 645 1045 686 si
1083 645 1183 686 deus
1214 645 1301 686 ista
1331 646 1424 687 visa
1453 647 1577 688 nobis

241 703 491 758 providendi
517 718 644 745 causa
672 703 757 757 dat,
781 718 868 744 non
892 703 1174 759 vigilantibus
1194 704 1338 758 potius
1359 704 1430 745 det
1449 719 1577 759 quam
1599 718 1631 743 ιο

243 762 564 803 dormientibus.
617 760 714 803 Sive
747 761 858 803 enim
891 765 1089 804 externus
1122 765 1164 803 et
1197 762 1460 805 adventicius
1486 764 1578 819 pul-

242 835 313 862 sus
353 820 519 862 animos
558 820 862 862 dormientium
896 822 1154 874 commovet,
1192 821 1281 862 sive
1312 836 1387 876 per
1419 836 1463 863 se
1494 822 1578 878 ipsi

242 879 374 920 animi
406 882 648 932 moventur,
687 879 775 921 sive
808 894 916 933 quae
948 893 1076 921 causa
1107 879 1192 920 alia
1223 882 1301 934 est,
1331 895 1405 922 cur
1436 895 1578 922 secun-

243 938 343 979 dum
376 938 562 992 quietem
596 938 758 993 aliquid
788 938 947 992 videre,
989 938 1151 992 audire,
1190 952 1316 993 agere
1347 939 1578 994 videamur,

243 997 389 1038 eadem
416 1012 545 1039 causa
570 997 852 1053 vigilantibus
879 1011 970 1038 esse
995 999 1184 1051 poterat3
1216 997 1341 1051 idque
1369 998 1405 1038 si
1429 1001 1578 1040 nostra
1598 1010 1631 1036 15

242 1070 369 1097 causa
395 1056 437 1096 di
464 1056 693 1098 secundum
721 1057 907 1110 quietem
931 1056 1132 1109 facerent,
1158 1056 1439 1111 vigilantibus
1466 1057 1578 1098 idem

240 1114 447 1169 facerent,
484 1115 741 1170 praesertim
780 1129 875 1156 cum
909 1112 1174 1169 Chrysippus
1207 1115 1485 1157 Academicos
1517 1130 1578 1157 re-

239 1173 392 1214 fellens
424 1174 639 1228 permulto
672 1173 856 1215 clariora
888 1175 931 1214 et
963 1173 1146 1215 certiora
1178 1188 1270 1214 esse
1303 1174 1432 1229 dicat,
1471 1189 1578 1229 quae

240 1232 523 1287 vigilantibus
550 1232 787 1286 videantur,
820 1247 948 1286 quam
975 1246 1081 1286 quae
1109 1232 1433 1274 somniantibus.
1478 1232 1578 1274 Fuit

241 1291 375 1346 igitur
400 1291 544 1332 divina
570 1291 850 1332 beneficentia
875 1291 1056 1345 dignius7
1089 1305 1183 1332 eum
1210 1292 1480 1333 consulerent
1505 1306 1577 1334 no-
1598 1304 1630 1331 20

242 1350 326 1403 bis,
359 1350 543 1391 clariora
573 1350 667 1391 visa
699 1350 798 1391 dare
829 1349 1032 1405 vigilanti
1064 1364 1191 1403 quam
1224 1350 1472 1392 obscuriora
1502 1365 1578 1406 per

243 1423 451 1449 somnum.
507 1407 628 1457 Quod
667 1408 867 1462 quoniam
904 1423 990 1449 non
1026 1408 1092 1462 fit,
1134 1408 1300 1449 somnia
1331 1408 1474 1450 divina
1505 1425 1579 1464 pu-

243 1528 286 1567 et
323 1525 536 1580 anfractu,
574 1528 622 1568 ut
654 1525 711 1567 sit
741 1526 945 1567 utendum
976 1525 1283 1580 interpretibus
1316 1527 1577 1568 somniorum

242 1585 398 1640 potius,
431 1600 559 1639 quam
592 1585 760 1627 derecto
787 1585 901 1637 deus,
931 1584 1138 1638 siquidem
1165 1585 1288 1626 nobis
1316 1586 1577 1639 consulebat,
1597 1597 1633 1624 25·

244 1643 370 1685 ‘Hoc
400 1643 580 1698 facito,
617 1643 710 1685 hoc
746 1657 805 1685 ne
842 1642 1047 1684 feceris’
1081 1643 1239 1684 diceret
1276 1643 1402 1698 idque
1438 1644 1577 1686 visum

243 1702 443 1757 vigilanti
474 1703 618 1758 potius
652 1717 779 1768 quam
812 1701 1039 1743 dormienti
1072 1702 1220 1744 daret?

331 1761 423 1802 Iam
472 1776 572 1803 vero
624 1761 717 1816 quis
768 1760 904 1802 dicere
955 1760 1108 1802 audeat
1157 1776 1258 1802 vera
1302 1762 1445 1803 omnia
1488 1777 1578 1804 esse

243 1820 438 1861 somnia?
502 1820 740 1875 ‘Aliquot
785 1819 979 1860 somnia
1022 1819 1174 1873 vera',
1221 1820 1360 1874 inquit
1401 1820 1577 1876 Ennius,

244 1879 349 1920 ‘sed
387 1879 554 1921 omnia
590 1893 804 1921 noenum
841 1892 1046 1920 necesse
1079 1879 1187 1920 est’.
1244 1877 1359 1927 Quae
1393 1882 1457 1921 est
1487 1882 1578 1921 tan·
1595 1890 1648 1918 30.

243 1937 338 1979 dem
369 1937 456 1979 ista
487 1938 734 1979 distinctio?
768 1951 875 1991 quae
906 1951 1024 1991 vera,
1057 1952 1164 1991 quae
1196 1936 1308 1978 falsa
1333 1937 1491 1980 habet?
1525 1940 1577 1993 et,

243 1996 279 2037 si
310 2011 412 2037 vera
444 2011 468 2037 a
501 1996 578 2038 deo
611 1997 859 2048 mittuntur,
897 1995 1009 2037 falsa
1040 1996 1148 2037 unde
1179 1997 1441 2039 nascuntur?
1478 2012 1578 2039 nam
1637 2010 1666 2039 ‚1⁴

243 2055 279 2096 si
312 2069 361 2096 83
393 2069 560 2109 quoque
593 2055 747 2109 divina,
781 2054 880 2109 quid
910 2055 1224 2096 inconstantius
1254 2055 1360 2097 deo?
1393 2055 1494 2109 quid
1518 2056 1577 2097 in·
1636 2070 1649 2085 ⁷*

242 2113 388 2155 scitius
435 2117 578 2155 autem
619 2117 684 2156 est
722 2128 850 2168 quam
888 2116 1051 2154 mentes
1089 2114 1338 2155 mortalium
1375 2113 1498 2155 falsis
1537 2117 1578 2155 et
1636 2116 1648 2157 'e

242 2172 517 2214 mendacibus
548 2172 652 2215 visis
685 2172 926 2214 concitare?
960 2172 1027 2213 sin
1051 2187 1154 2214 vera
1178 2172 1272 2214 visa
1297 2172 1440 2214 divina
1466 2175 1574 2226 sunt,
1592 2153 1684 2223 3513113

241 2231 353 2273 falsa
379 2233 522 2273 autem
549 2234 592 2273 et
618 2231 763 2273 inania
787 2231 986 2283 humana,
1013 2245 1120 2285 quae
1141 2234 1204 2272 est
1223 2231 1308 2272 ista
1328 2230 1576 2287 designandi
1627 2230 1664 2283 ‚iv-

241 2290 428 2345 licentia,
460 2293 507 2331 ut
538 2290 620 2332 hoc
652 2291 765 2345 deus,
798 2290 879 2332 hoc
909 2293 1065 2331 natura
1095 2289 1244 2331 fecerit
1274 2289 1418 2345 potius
1451 2304 1575 2342 quam

1658 1864 1676 1905 Ξ
1648 1805 1671 1845 ⁴¹⁷

1661 1509 1673 1549 221—
1661 1466 1669 1490 11

1676 1525 1684 1550 <-

1660 1583 1677 1622 ’Ξ

1659 1640 1679 1786 Ξῗξῖ-’ἳ
