1685 2568
389 119 478 156 LIB.
504 119 549 156 Π.
576 117 676 154 OAP.
704 121 853 153 52-54.
879 121 899 160 ἓ
927 121 1120 153 130-136.
1369 116 1426 158 95

90 217 397 273 tellegentium,
425 229 554 257 causa
579 215 748 255 tantum
779 213 1012 255 laborasse.
1073 211 1262 261 Quorum
1293 211 1428 267 igitur

91 289 220 318 causa
265 276 358 330 quis
402 273 556 315 dixerit
599 272 796 314 effectum
839 285 932 313 esse
975 270 1209 313 mundum?
1264 269 1428 311 Eorum

92 334 256 376 86111661
293 332 594 385 31111113111111111,
632 345 739 386 quae
776 330 943 372 ratione
980 332 1172 371 utuntur.
1232 327 1290 370 Hi
1329 331 1429 369 sunt

93 393 135 434 di
167 395 210 434 et
240 392 447 444 homines,
479 389 632 445 quibus
663 389 856 444 profecto
887 388 997 430 nihil
1024 390 1090 429 est
1114 387 1285 441 melius3
1316 386 1428 427 ratio

56 462 73 488 5
93 453 160 493 est
199 452 329 505 enim,
373 463 479 505 quae
522 450 715 504 praestet
755 447 964 490 omnibus.
1032 445 1102 488 Ita
1140 446 1192 487 fit
1228 444 1430 488 credibile

93 511 268 552 deorum
300 512 344 552 et
367 508 587 550 hominum
615 521 744 549 631183
767 506 930 549 factum
956 520 1048 547 6886
1074 505 1280 547 mundum
1307 517 1430 558 quae-

94 583 174 624 que
205 569 251 610 in
281 583 331 610 eo
364 566 556 620 [mundo]
590 565 677 606 sint
709 566 862 607 omnia.
910 564 1182 618 Faciliusque
1207 563 1498 618 intellege-54

93 630 164 669 tur
202 643 227 670 a
265 627 328 668 dis
365 624 668 667 inmortalibus
705 624 952 666 hominibus
990 637 1082 665 6886
1119 622 1357 677 provisum,
1396 621 1431 662 si

95 686 176 728 erit
212 688 307 728 tota
341 683 528 726 hominis
564 682 794 725 fabricatio
832 684 1059 738 perspecta
1097 681 1320 735 omnisque
1357 680 1431 721 hu-

43 757 75 781 10
95 760 245 787 manae
276 746 454 786 naturae
485 743 626 798 figura
658 744 785 796 atque
810 741 1028 797 perfectio.
1077 739 1193 782 Nam
1219 754 1315 782 cum
1340 738 1413 780 tri·
1435 748 1500 780 134

96 804 176 846 bus
218 803 343 844 rebus
385 801 671 843 animantium
707 801 799 842 vita
837 802 1052 855 teneatur,
1093 799 1206 853 cibo,
1246 798 1434 853 potione,

97 862 263 918 spiritu,
295 861 347 903 ad
377 860 484 902 haec
516 860 659 902 omnia
684 859 957 915 percipienda
983 872 1030 900 os
1057 860 1122 900 est
1148 857 1434 913 aptissimum,

97 922 209 976 quod
241 919 449 962 adiunctis
480 919 656 960 naribus
690 918 845 972 spiritu
877 920 1070 974 augetur.
1118 916 1332 958 Dentibus
1365 930 1435 957 au-

97 983 186 1022 tem
222 980 266 1021 in
304 993 375 1021 ore
413 977 668 1020 constructis
706 977 922 1018 manditur
954 979 1081 1031 atque
1115 976 1187 1028 [ab
1217 975 1287 1028 iis]
1321 977 1435 1017 exte-

45 1051 78 1076 15
96 1041 255 1081 nuatur
285 1040 328 1080 et
357 1037 536 1078 molitur
567 1036 697 1078 cibus.
757 1035 921 1078 Eorum
952 1035 1120 1077 adversi
1151 1034 1265 1076 acuti
1290 1048 1435 1075 morsu

99 1098 292 1140 dividunt
329 1110 465 1150 68638,
504 1095 646 1137 intimi
685 1097 828 1136 autem
867 1094 1113 1148 conficiunt,
1155 1093 1227 1148 qui
1260 1091 1437 1149 genuini

97 1159 321 1209 vocantur,
361 1169 468 1210 quae
506 1153 715 1197 confectio
755 1154 885 1195 etiam
917 1168 942 1194 3
973 1153 1122 1208 lingua
1155 1152 1347 1193 adiuvari
1378 1150 1437 1192 vi-

100 1216 232 1258 detur.
292 1213 505 1269 Linguam
546 1216 689 1255 autem
731 1213 784 1254 ad
815 1212 978 1254 radices
1017 1212 1107 1252 61118
1138 1210 1320 1252 haerens
1353 1224 1419 1251 ex·
1441 1218 1506 1250 135

100 1274 204 1330 cipit
235 1273 492 1328 stomachus,
526 1286 608 1327 quo
640 1272 828 1326 primum
859 1271 1111 1312 inlabuntur
1144 1284 1204 1324 ea,
1239 1283 1346 1324 quae
1374 1283 1437 1310 ac-

48 1345 81 1370 20
101 1335 226 1388 cepta
256 1334 356 1374 sunt
387 1346 471 1374 ore.
518 1330 562 1373 Is
588 1333 770 1385 utraque
797 1345 848 1371 ex
873 1331 996 1385 parte
1021 1329 1191 1370 tosillas
1219 1328 1439 1383 attingens

99 1392 246 1448 palato
290 1393 479 1433 extremo
525 1392 652 1445 atque
694 1389 848 1432 intimo
885 1389 1152 1430 terminatur.
1220 1387 1364 1442 Atque
1401 1387 1439 1427 is

102 1451 336 1507 agitatione
368 1452 412 1491 et
443 1450 632 1491 motibus
663 1448 836 1503 linguae
869 1463 965 1490 cum
997 1447 1222 1502 depulsum
1247 1448 1291 1487 61
1318 1445 1440 1500 quasi

102 1510 319 1552 detrusum
344 1508 486 1551 cibum
513 1507 688 1563 accepit,
718 1507 906 1563 depellit.
954 1506 1098 1562 Ipsius
1125 1507 1268 1547 autem
1293 1507 1439 1561 partes

104 1583 194 1624 636,
237 1582 343 1624 quae
375 1570 476 1609 sunt
505 1567 618 1608 infra
650 1581 779 1621 quam
810 1566 871 1619 id,
909 1565 1021 1620 quod
1054 1565 1300 1618 devoratur,
1337 1563 1440 1604 dila-

50 1639 84 1664 25
104 1630 267 1682 tantur,
307 1642 415 1682 quae
456 1629 600 1668 autem
638 1640 783 1680 supra,
825 1624 1147 1667 contrahuntur.
1208 1621 1289 1665 Sed
1327 1637 1423 1664 cum
1446 1630 1510 1662 136

104 1701 257 1742 aspera
287 1686 446 1728 arteria
477 1685 557 1741 (sic
589 1685 702 1726 enim
734 1699 760 1726 3
790 1683 965 1726 medicis
992 1680 1256 1738 appellatur)
1283 1682 1442 1724 ostium

103 1746 263 1788 habeat
288 1745 532 1787 adiunctum
557 1744 731 1799 linguae
756 1743 968 1785 radicibus
994 1742 1124 1798 paulo
1146 1756 1287 1797 supra,
1313 1755 1442 1795 quam

107 1805 159 1847 ad
189 1805 382 1860 linguam
413 1803 661 1846 stomachus
694 1802 946 1856 adnectitur,
978 1815 1110 1856 eaque
1140 1800 1193 1842 ad
1218 1800 1442 1855 pulmones

106 1878 239 1918 usque
270 1862 485 1918 pertineat
517 1862 785 1917 excipiatque
818 1861 1017 1914 animam,
1048 1874 1143 1901 eam
1176 1874 1284 1914 quae
1316 1859 1444 1900 ducta

53 1934 87 1960 30
108 1926 173 1964 681
204 1922 372 1978 spiritu,
411 1921 671 1976 eandemque
705 1935 730 1962 a
760 1919 1034 1975 pulmonibus
1066 1918 1248 1973 respiret
1279 1920 1322 1959 61
1353 1917 1443 1958 red-

108 1982 199 2036 dat,
241 1981 403 2037 tegitur
448 1981 630 2035 quodam
675 1980 797 2035 quasi
841 1978 1059 2034 operculo,
1104 1977 1218 2032 quod
1256 1976 1310 2019 ob
1349 1991 1443 2018 eam

108 2055 281 2083 causam
313 2040 460 2081 datum
493 2042 574 2094 est,
610 2054 682 2094 116,
720 2039 757 2080 81
789 2038 891 2093 quid
921 2038 967 2079 in
999 2052 1093 2079 eam
1126 2037 1209 2079 cibi
1240 2036 1352 2078 forte
1383 2036 1445 2076 in-

110 2100 298 2152 cidisset,
343 2099 518 2154 spiritus
561 2098 851 2153 impediretur.
912 2095 995 2138 Sed
1032 2111 1128 2138 cum
1166 2096 1253 2137 alvi
1289 2096 1443 2136 natura

109 2158 301 2201 subiecta
339 2157 560 2200 stomacho
600 2157 683 2199 cibi
721 2159 764 2198 et
800 2155 989 2211 potionis
1028 2156 1084 2197 sit
1114 2154 1445 2210 receptaculum,

56 2227 89 2254 ³5
108 2218 334 2273 pulmones
373 2218 516 2258 autem
553 2218 597 2258 et
634 2230 706 2258 cor
744 2215 1004 2257 extrinsecus
1043 2213 1244 2269 spiritum
1277 2213 1446 2265 ducant,

107 2277 154 2318 in
192 2276 289 2318 alvo
327 2275 466 2316 multa
501 2277 603 2316 sunt
638 2274 895 2316 mirabiliter
933 2274 1099 2327 effecta,
1138 2287 1245 2327 quae
1277 2272 1447 2314 constat

108 2335 198 2377 fere
230 2349 251 2376 e
283 2333 438 2376 nervis.
492 2333 575 2375 Est
605 2336 747 2376 autem
773 2333 1000 2387 multiplex
1026 2334 1069 2374 et
1092 2334 1290 2373 tortuosa
1316 2331 1446 2371 arcet-
