1685 2568
415 101 505 137 LIB.
531 102 595 137 111.
622 101 722 138 CAP.
748 105 899 138 32—36.
926 108 946 145 ,ες
972 106 1121 138 81-86.
1361 105 1440 147 137

103 212 197 240 esse
221 197 371 252 filium,
398 213 493 240 cum
518 198 563 240 in
588 197 786 240 omnibus
811 196 924 239 fanis
950 200 1075 252 pater
1099 199 1290 240 inberbis
1319 204 1441 243 esset,

102 256 250 298 Etiam
290 271 459 298 mensas
498 258 725 313 argenteas
763 255 814 298 de
852 257 1050 298 omnibus
1089 257 1278 299 delubris
1316 259 1442 300 iussit

103 314 273 369 auferri,
304 315 350 356 in
382 315 536 370 quibus
568 329 664 357 cum
695 328 813 356 more
844 315 1002 357 veteris
1030 314 1234 358 Graeciae
1266 316 1443 372 inscrip-

101 376 195 416 tum
233 376 347 416 esset
377 385 600 416 BONORUM
631 384 842 428 DEORUM,
879 374 944 416 uti
981 388 1026 416 se
1063 388 1211 416 eorum
1248 375 1443 418 bonitate

66 446 83 472 5
103 433 214 474 velle
246 433 423 475 dicebat.
473 431 592 474 Idem
622 431 884 474 Victoriolas
917 447 1068 474 aureas
1100 435 1143 475 et
1172 435 1346 489 pateras
1378 449 1443 476 co-

101 505 325 546 ronasque,
357 505 465 546 quae
497 491 823 533 simulacrorum
857 492 1066 547 porrectis
1093 492 1291 534 manibus
1319 494 1444 535 susti-

100 550 329 604 nebantur,
359 550 449 591 sine
482 549 749 591 dubitatione
780 550 966 592 tollebat
998 565 1130 605 eaque
1162 565 1208 593 se
1240 552 1444 607 accipere,

100 623 189 651 non
226 608 393 650 auferre
431 607 616 663 dicebat3
660 623 753 650 esse
791 609 903 651 enim
942 610 1192 665 stultitiam,
1231 625 1257 652 a
1288 611 1443 666 quibus

102 668 215 709 bona
257 682 546 722 precaremur,
594 667 647 709 ab
690 667 744 709 iis
787 668 1109 724 porrigentibus
1153 671 1197 711 et
1241 669 1442 711 dantibus

50 740 82 765 ιο
100 726 217 768 110116
244 740 422 768 sumere.
470 725 749 781 Eundemque
774 726 920 768 ferunt
944 727 1061 782 haec,
1088 742 1196 782 quae
1223 727 1321 783 dixi,
1348 729 1443 770 sub·

100 785 192 826 lata
228 784 278 826 de
315 784 429 826 fanis
466 785 512 826 in
547 784 690 827 forum
728 786 961 852 protulisse
1001 789 1045 828 et
1080 801 1157 842 per
1187 801 1443 842 praeconem

99 843 341 886 vendidisse
373 846 606 910 exactaque
637 844 816 900 pecunia
848 845 1046 900 edixisse,
1082 848 1150 900 ut,
1187 846 1301 912 quod
1333 846 1444 901 quis-

100 917 182 958 que
223 917 248 944 a
285 903 418 945 sacris
455 903 652 957 haberet,
693 903 737 945 id
775 906 873 946 ante
906 904 1018 946 diem
1049 907 1212 946 certam
1242 905 1288 946 in
1319 919 1444 947 suum

102 961 287 1016 quidque
318 961 467 1004 sanum
495 962 685 1004 referret.
734 961 804 1004 Ita
829 962 883 1004 ad
908 962 1213 1018 impietatem
1202 979 1248 1005 111
1274 963 1374 1007 deos
1399 965 1445 1006 in

1469 271 1513 303 84

48 1034 82 1060 15
101 1021 296 1062 homines
323 1021 555 1063 adiunxit
543 1021 756 1063 iniuriam.
805 1021 932 1064 Hunc
955 1022 1092 1078 igitur
1115 1037 1193 1064 nec
1217 1022 1443 1079 Olympius
1459 1025 1517 1069 35

100 1079 296 1135 Iuppiter
320 1079 500 1122 fulmine
525 1080 738 1134 percussit
761 1094 839 1123 nec
861 1080 1147 1136 Aesculapius
1173 1081 1330 1124 misero
1358 1083 1444 1124 diu-

99 1141 312 1193 turnoque
343 1139 496 1180 morbo
528 1139 821 1181 tabescentem
852 1139 1089 1193 interemit,
1128 1143 1258 1194 atque
1288 1141 1334 1182 in
1366 1156 1443 1184 suo

99 1198 258 1240 lectulo
278 1200 474 1239 mortuus
493 1197 538 1238 in
551 1197 581 1251 †
594 1197 812 1253 typanidis
826 1212 982 1253 rogum
995 1198 1157 1240 inlatus
1173 1202 1239 1240 est
1265 1213 1444 1255 eamque

98 1258 373 1312 potestatem,
406 1271 534 1311 quam
565 1256 658 1311 ipse
688 1271 765 1312 per
797 1257 934 1298 scelus
968 1260 1061 1299 erat
1090 1260 1285 1312 nanctus,
1322 1259 1445 1313 quasi

46 1328 80 1353 20
98 1316 258 1357 iustam
285 1318 328 1357 et
353 1315 594 1371 legitimam
619 1315 874 1357 hereditatis
900 1316 995 1358 loco
1021 1316 1111 1358 filio
1137 1317 1327 1359 tradidit.
1377 1317 1444 1359 In-

98 1374 188 1416 vita
213 1374 260 1416 in
283 1375 366 1417 hoc
390 1375 485 1416 loco
514 1377 712 1416 versatur
738 1375 896 1430 orati03
927 1375 1097 1417 videtur
1123 1376 1236 1417 enim
1262 1377 1444 1419 auctori-

98 1435 235 1475 tatem
272 1432 439 1475 adferre
475 1433 695 1488 peccandi3
734 1436 848 1476 recte
884 1434 1120 1490 videretur,
1159 1435 1245 1476 nisi
1283 1438 1327 1477 et
1362 1436 1444 1478 vir-

98 1492 206 1534 tutis
239 1495 282 1534 et
312 1492 518 1534 vitiorum
550 1492 642 1534 sine
670 1493 760 1534 ulla
786 1493 931 1535 divina
955 1493 1123 1536 ratione
1151 1508 1282 1550 grave
1307 1494 1443 1550 ipsius

99 1551 384 1594 conscientiae
421 1551 589 1607 pondus
621 1554 752 1606 esset,
794 1566 878 1607 qua
911 1552 1083 1594 sublata
1113 1552 1256 1595 iacent
1288 1554 1443 1596 omnia.

46 1622 80 1648 25
99 1609 161 1652 Ut
187 1611 300 1652 enim
324 1625 403 1653 nec
428 1610 579 1653 domus
603 1625 681 1653 nec
706 1625 774 1652 res
799 1611 974 1666 publica
994 1611 1162 1654 ratione
1188 1612 1374 1667 quadam
1401 1615 1444 1655 et

99 1669 326 1725 disciplina
358 1669 598 1726 dissignata
628 1670 836 1724 videatur,
871 1670 909 1712 si
933 1671 978 1712 in
1004 1685 1054 1712 ea
1078 1685 1156 1713 nec
1181 1673 1295 1713 recte
1314 1671 1442 1714 factis

97 1729 290 1784 praemia
321 1731 468 1770 extent
497 1729 589 1771 ulla
618 1743 696 1771 nec
727 1729 941 1784 supplicia
971 1730 1172 1785 peccatis,
1203 1729 1265 1772 sic
1295 1731 1444 1772 mundi

99 1787 242 1830 divina
281 1787 343 1840 [in
373 1787 587 1841 homines]
629 1788 867 1830 moderatio
906 1788 1100 1844 profecto
1131 1789 1253 1831 nulla
1284 1792 1367 1844 est,
1406 1790 1444 1831 si

98 1846 144 1887 in
174 1861 224 1888 ea
255 1847 483 1889 discrimen
512 1847 681 1889 nullum
714 1849 780 1889 est
810 1847 1023 1889 bonorum
1055 1850 1098 1889 et
1130 1848 1355 1890 malorum.

45 1916 80 1942 so
188 1904 249 1946 At
285 1906 399 1947 enim
435 1905 604 1947 minora
641 1906 685 1948 di
720 1906 960 1962 neglegunt
989 1921 1127 1961 neque
1159 1907 1326 1963 agellos
1359 1907 1442 1949 sin-

100 1963 299 2018 gulorum
327 1979 406 2007 nec
436 1964 636 2007 viticulas
667 1967 983 2021 persequuntur
1012 1980 1102 2020 nec,
1135 1965 1172 2007 si
1202 1966 1334 2008 uredo
1368 1969 1443 2008 aut

99 2022 263 2078 grando
290 2023 511 2079 quippiam
535 2024 693 2079 nocuit,
717 2024 762 2065 id
780 2023 875 2066 Iovi
895 2024 1323 2067 animadvertendum
1340 2023 1442 2079 fuit,

32 2080 36 2086 '
96 2095 151 2122 ne
181 2081 228 2122 in
257 2082 403 2137 regnis
435 2083 606 2137 quidem
635 2097 761 2139 reges
793 2083 938 2125 omnia
968 2083 1147 2125 minima
1178 2086 1349 2138 curant3
1381 2083 1442 2125 sic

99 2139 213 2182 6111111
254 2140 406 2182 dicitis.
471 2140 602 2190 Quasi
643 2156 723 2198 ego
764 2143 894 2197 paulo
936 2145 1036 2184 ante
1078 2143 1128 2184 de
1166 2142 1300 2185 fundo
1341 2142 1440 2184 For-

45 2208 81 2236 35
99 2199 242 2240 miano
274 2198 320 2240 P.
351 2198 508 2241 Rutilii
545 2201 627 2242 sim
664 2204 858 2256 questus,
894 2216 984 2243 non
1014 2201 1065 2243 de
1098 2201 1258 2243 amissa
1290 2201 1441 2243 salute.

1470 1327 1515 1359 85

1469 1915 1514 1947 86

97 2257 243 2313 Atque
273 2257 356 2300 hoc
388 2258 559 2313 quidem
590 2274 737 2301 omnes
769 2260 976 2302 mortales
1009 2260 1070 2302 sic
1100 2260 1276 2314 habent,
1308 2262 1442 2301 exter-
1457 2260 1514 2302 36

96 2330 176 2359 nas
208 2317 555 2373 commoditates,
585 2318 748 2374 vineta,
780 2321 961 2375 segeteS,
993 2319 1166 2374 oliveta,
1196 2319 1442 2360 ubertatem
