1685 2568
402 99 491 135 LIB.
516 99 561 135 ΙΙ.
589 99 688 134 CAP.
717 103 864 135 17—19.
890 103 910 142 g
935 104 1083 136 43—47.
1326 101 1411 142 4:23

84 197 182 252 (11ος
211 198 434 251 itemque
465 198 635 239 cetera
662 195 810 237 huius
837 195 1056 250 exempli
1081 195 1210 236 dona
1235 194 1412 237 sunto'

82 255 201 297 Haec
237 256 303 296 illi
339 257 527 311 placent3
571 253 643 295 sed
680 267 760 309 ego
797 256 938 295 cetera
973 267 1061 295 non
1097 255 1187 294 tam
1218 253 1413 295 restricte

85 314 289 370 praefinio
325 315 394 356 vel
431 313 652 355 hominum
689 312 806 354 vitiis
837 311 905 353 vel
938 311 1140 353 subsidiis
1171 314 1415 366 temporum

87 374 239 427 victus,
275 375 414 414 terrae
452 372 614 413 cultum
651 371 891 427 segniorem
923 371 1117 425 suspicor
1146 370 1256 424 fore,
1294 370 1331 411 si
1362 369 1416 411 ad

51 447 65 470 ε·
85 447 178 474 03111
215 406 415 473 iitendam
449 430 647 485 ferroque
679 429 961 485 subigendam
992 428 1310 484 superstitionis
1343 428 1416 469 ali-

85 491 186 546 quid
217 490 454 532 accesserit.

171 550 271 591 Arr.
302 548 452 590 Habeo
490 548 594 601 ista3
630 561 742 589 nunc
779 547 830 589 de
867 547 1000 590 sacris
1037 546 1255 602 perpetuis
1293 548 1337 587 et
1366 545 1417 587 de

87 607 275 650 Manium
312 607 402 648 iure
434 608 581 647 restat.
642 606 704 647 M.
736 605 771 647 Ο
803 606 957 648 miram
988 605 1257 659 memoriam,
1293 603 1417 646 Pom-

86 667 203 722 poni,
233 667 370 707 tuam!
403 667 449 706 at
471 664 586 721 ,mihi
616 665 701 705 ista
733 664 988 706 exciderant.
1047 665 1149 707 Ars.
1180 663 1250 706 Ita
1281 663 1417 717 credo,

36 739 67 764 ιο
87 725 160 767 3οἀ
194 728 340 766 tamen
375 723 457 765 hoc
494 723 633 778 magis
672 737 742 764 eas
774 738 842 764 res
875 726 918 764 et
947 723 1124 765 memini
1155 725 1199 764 et
1229 725 1418 777 expecto,

86 784 198 838 quod
240 786 283 825 et
326 783 378 825 ad
422 782 688 838 pontificium
729 782 794 822 ius
839 784 882 823 ct
926 782 979 823 ad
1022 782 1147 824 civile
1190 781 1417 837 pertinent.

84 843 147 885 M.
178 841 309 896 Vero,
347 844 390 883 et
421 856 446 882 a
476 840 748 896 peritissimis
782 843 881 881 sunt
911 840 1009 882 istis
1042 841 1091 882 de
1123 840 1250 882 rebus
1282 842 1326 881 et
1356 853 1419 881 re·

86 916 243 956 sponsa
273 903 317 942 et
348 900 508 955 scripta
539 900 687 954 multa,
719 902 762 940 et
794 913 874 955 ego
905 899 950 940 in
975 899 1055 941 hoc
1082 899 1198 941 omni
1224 913 1418 941 sermone

84 963 252 1015 nostro,
295 959 408 1015 quod
445 958 499 1000 ad
535 973 714 1012 cumque
750 958 862 1013 legis
901 972 1035 1013 genus
1074 973 1141 1000 me
1182 958 1417 1013 disputatio

33 1032 66 1057 15
84 1022 234 1061 nostra
264 1018 500 1071 deduxerit,
537 1017 752 1071 tractabo,
791 1017 931 1071 quoad
961 1020 1130 1072 potero,
1163 1017 1251 1058 01113
1282 1016 1418 1072 ipsius

87 1078 254 1133 generis
285 1078 352 1119 ius
384 1076 507 1118 civile
537 1079 752 1129 nostrum,
785 1076 858 1117 sed
888 1076 964 1130 ita,
994 1076 1113 1117 locus
1145 1078 1194 1117 ut
1223 1076 1315 1131 ipse
1346 1090 1419 1117 no-

85 1141 155 1178 tus
197 1137 271 1190 sit,
310 1151 360 1177 ex
398 1150 480 1190 quo
519 1134 698 1176 ducatur
735 1149 927 1189 quaeque
958 1149 1059 1190 pars
1090 1134 1214 1189 iuris,
1253 1136 1303 1175 ut
1331 1148 1420 1176 non

86 1195 258 1237 difficile
296 1196 370 1248 sit,
414 1193 487 1249 qui
522 1193 648 1235 modo
685 1193 857 1249 ingenio
895 1193 1036 1248 possit
1072 1193 1251 1247 moveri,
1296 1207 1420 1247 quae-

85 1268 264 1308 cumque
289 1268 401 1295 nova
426 1267 554 1294 causa
579 1252 891 1294 consultatiove
918 1252 1131 1306 acciderit,
1160 1252 1249 1293 eius
1275 1254 1418 1293 tencre

32 1327 67 1351 20
84 1313 169 1379 1113,
206 1327 335 1367 quom
373 1312 498 1366 scias,
537 1326 562 1353 a
599 1326 681 1365 quo
720 1311 776 1352 sit
812 1311 951 1365 capite
987 1311 1276 1366 repetendum.
1338 1309 1420 1352 Sed

84 1372 190 1413 iuris
222 1371 407 1413 consulti
438 1371 528 1411 sive
559 1370 716 1411 erroris
748 1370 964 1411 obiciundi
995 1384 1140 1424 031133,
1179 1385 1262 1424 quo
1294 1347 1467 1436 plura4

85 1433 129 1472 et
160 1429 402 1472 difficiliora
434 1429 540 1471 scire
572 1429 808 1483 videantur,
840 1429 941 1483 sive,
973 1429 1087 1483 quod
1119 1429 1301 1470 similius
1329 1429 1421 1471 veri

85 1491 164 1543 est,
194 1489 463 1545 ignoratione
496 1488 673 1529 docendi
704 1487 822 1543 (nam
847 1502 934 1529 non
960 1488 1100 1529 solum
1126 1489 1233 1530 scire
1259 1487 1421 1542 aliquid

86 1522 192 1590 artis
212 1524 314 1602 Dest,
351 1547 424 1589 sed
461 1547 671 1602 quaedam
702 1560 771 1588 ars
802 1551 861 1588 est
890 1547 1021 1588 etiam
1053 1545 1248 1602 docendi)
1282 1561 1421 1602 saepe,

33 1619 66 1645 25
86 1606 199 1661 quod
235 1606 424 1661 positum
455 1608 521 1647 est
551 1606 596 1647 in
625 1620 711 1647 una
747 1605 1010 1661 cognitione,
1046 1605 1091 1647 id
1126 1607 1173 1648 in
1207 1606 1422 1647 infinitam

86 1666 406 1720 dispertiuntur,
437 1665 557 1706 velut
581 1665 627 1705 in
651 1664 732 1706 hoc
756 1665 851 1718 ipso
879 1678 1033 1720 genere
1060 1679 1189 1719 quam
1214 1679 1421 1731 magnum

83 1724 191 1766 illud
223 1722 451 1765 Scaevolae
476 1723 650 1777 faciunt,
681 1723 905 1778 pontifices
932 1723 1059 1765 ambo
1086 1726 1129 1766 et
1154 1723 1290 1765 cidem
1315 1723 1421 1765 iuris

84 1783 353 1839 peritissimi!
397 1781 576 1836 ‘Saepess
606 1782 746 1836 inquit
772 1781 917 1823 Publii
947 1782 1074 1837 filius,
1106 1782 1173 1824 ex
1190 1785 1323 1849 patre
1351 1797 1421 1824 au·

86 1842 171 1883 divi
214 1842 461 1897 pontificem
504 1816 664 1882 boilum
705 1841 919 1882 neminem
965 1856 1074 1895 esse,
1116 1842 1201 1883 11131
1245 1841 1318 1897 qui
1354 1842 1420 1883 ius

31 1913 66 1938 30
85 1901 208 1943 civile
240 1899 496 1956 cognosset?
557 1900 797 1942 Totumne?
836 1900 938 1963 quid
967 1900 1059 1942 ita‘?
1091 1901 1193 1955 quid
1224 1901 1336 1942 enim
1368 1901 1422 1942 ad

84 1960 330 2015 pontificem
374 1959 424 2001 de
466 1959 557 2000 iure
598 1959 812 2014 parietum
856 1962 930 2001 aut
974 1974 1182 2014 aquarum
1220 1963 1294 2001 aut
1330 1960 1420 2002 ullo

85 2019 258 2061 omnino
289 2018 374 2060 nisi
404 2033 471 2072 eo,
509 2017 622 2072 quod
653 2033 745 2060 cum
778 2018 989 2074 religione
1020 2019 1294 2061 coniunctum
1326 2019 1420 2061 est?

83 2077 127 2118 id
159 2080 302 2119 autem
334 2077 589 2132 quantulum
622 2078 703 2118 est!
752 2076 817 2118 De
849 2077 1002 2130 330113,
1040 2078 1182 2132 010(10,
1214 2078 1265 2119 de
1295 2077 1421 2132 votiS,

84 2137 135 2177 de
158 2136 278 2177 feriis
310 2139 352 2177 et
379 2137 429 2178 de
448 2135 699 2191 sepulchris,
726 2137 769 2176 et
789 2135 825 2177 si
845 2136 946 2190 quid
967 2136 1056 2177 eius
1077 2137 1193 2178 modi
1214 2139 1290 2178 est.
1334 2135 1420 2178 Cur

29 2206 64 2233 35
84 2195 218 2250 igitur
242 2195 347 2237 haec
372 2198 496 2236 tanta
520 2195 731 2236 facimus?
764 2209 892 2249 quom
918 2198 1060 2237 cetera
1084 2210 1295 2251 perparva
1321 2195 1420 2249 sint,

84 2254 135 2295 de
168 2254 298 2295 sacris
331 2256 487 2308 autem,
519 2254 592 2309 qui
623 2254 741 2295 locus
773 2256 894 2308 patet
925 2254 1072 2307 latius,
1109 2254 1214 2295 haec
1246 2254 1303 2294 sit
1333 2268 1419 2295 una

84 2312 308 2367 sententia,
340 2315 388 2354 ut
419 2315 723 2355 conserventur
754 2327 921 2367 semper
953 2315 995 2354 et
1021 2313 1216 2367 deinceps
1241 2312 1419 2353 familiis

1443 675 1487 706 46

1437 1295 1489 1376 149
