1685 2568
460 101 549 135 LIB.
577 101 639 136 VI.
665 99 765 135 CAP.
792 104 894 135 3—7.
922 104 941 142 ξ
967 105 1069 135 3-7.
1373 103 1457 145 369

121 198 221 240 dum
250 198 314 248 sit,
345 197 417 250 qui
446 210 532 238 rem
556 194 767 250 publicam
796 208 886 236 cum
912 195 1146 248 prudentia,
1175 198 1346 247 iustitia,
1374 198 1457 249 for-

121 256 294 298 titudine
323 270 372 297 ae
400 255 672 296 moderatione
702 255 972 295 tractaverint.
1021 253 1103 295 Sed
1130 254 1198 295 ille
1222 254 1460 298 Platonicus

119 317 360 356 secretorum
389 314 539 355 relator
563 313 629 354 Er
652 313 820 365 quidam
844 313 1007 354 nomine
1029 313 1122 364 fuit,
1152 314 1318 354 natione
1335 313 1459 354 Pam-

113 373 284 426 phulus,
320 372 436 415 miles
466 372 617 425 officio,
653 372 724 424 qui
755 385 845 413 cum
875 371 1107 412 vulneribus
1136 371 1183 412 in
1205 372 1363 424 proelio
1393 385 1459 413 ac-

86 439 101 465 5
120 433 241 485 ceptis
276 432 404 473 vitam
440 430 629 482 effudisse
663 431 774 472 visus
808 431 1040 471 duodecimo
1071 431 1232 471 demum
1261 430 1327 472 die
1354 431 1461 472 inter

121 493 266 532 ceteros
288 503 376 531 una
392 492 617 543 peremptos
641 489 784 530 ultimo
810 492 907 530 esset
923 488 1185 530 honorandus
1203 489 1306 542 iqne,
1330 489 1460 531 subito

118 562 190 591 seu
229 551 386 601 recepta
427 549 572 589 anima
606 561 676 590 seu
711 551 883 597 retenta,
926 548 1117 600 quicquid
1150 548 1319 590 emensis
1354 549 1462 589 inter

118 611 333 660 utramque
361 607 490 649 vitam
519 606 657 648 diebus
687 610 821 659 eqerat
849 607 1059 657 videratve,
1091 609 1301 659 tamquam
1323 607 1460 660 publi-

123 679 216 708 eum
238 665 449 719 professus
472 666 671 707 indicium
695 665 874 706 humano
896 666 1033 732 qeneri
1056 666 1293 707 enuntiavit.
1336 665 1462 707 Hanc

0 720 18 747 ²¹
69 733 103 759 10
119 724 307 791 fabulam
337 724 474 767 Cicero
506 725 595 766 licet
623 724 674 765 ab
704 724 877 766 indoctis
906 725 1026 777 quasi
1054 725 1140 777 ipse
1168 724 1253 766 veri
1282 725 1462 766 conscius

0 789 4 794 '
119 783 253 826 doleat
286 783 475 834 irrisam,
513 783 737 836 exemplum
773 786 909 824 tamen
943 783 1114 825 stolidae
1141 782 1462 836 reprehensionis

119 844 255 884 vitans
284 843 453 884 excitari
482 845 754 884 narraturum
783 855 908 896 quam
937 843 1167 884 reviviscere
1196 842 1354 883 maluit.

119 960 234 1002 nobis
273 963 345 1010 est,
385 974 413 1001 a
452 974 528 1013 quo
561 974 703 1012 qenere
737 959 949 1001 hominum
982 960 1144 1002 Tullius
1178 963 1369 1002 memoret
1403 960 1463 1001 vel

0 1016 20 1042 ⁸¹
70 1026 103 1052 15
121 1019 291 1060 irrisam
321 1019 516 1060 Platonis
544 1019 730 1071 fabulam
760 1019 831 1069 vel,
862 1033 912 1060 ne
941 1019 1020 1061 sibi
1048 1019 1154 1060 idem
1185 1020 1350 1069 eveniat,
1379 1032 1463 1060 non

120 1079 257 1119 vereri.
319 1078 405 1119 Nec
441 1079 548 1119 enim
584 1077 649 1119 his
684 1078 813 1119 verbis
847 1078 934 1119 vult
969 1078 1191 1131 inperitum
1226 1078 1370 1131 vulqus
1399 1079 1462 1119 in-

123 1137 263 1190 telleqi,
287 1137 358 1178 sed
370 1150 497 1189 qenus
515 1137 726 1178 hominum
744 1137 828 1178 veri
847 1138 1039 1189 iqnarum
1058 1137 1130 1178 sub
1141 1137 1318 1189 peritiae
1337 1139 1461 1178 osten-

123 1196 282 1246 tatione,
313 1197 460 1248 quippe
484 1209 582 1248 quos
605 1198 643 1237 et
667 1196 805 1249 leqisse
829 1196 932 1236 talia
957 1198 994 1237 et
1015 1196 1073 1237 ad
1094 1195 1462 1248 reprehendendum

121 1255 327 1296 animatos
362 1257 570 1296 constaret.
625 1253 820 1296 Dicemus
851 1255 995 1308 iqitur,
1032 1257 1070 1295 et
1098 1268 1197 1307 quos
1227 1255 1273 1295 in
1303 1257 1464 1295 tantum

68 1321 104 1348 20
114 1313 401 1367 philosophum
442 1313 594 1365 referat
636 1314 844 1366 quandam
880 1327 1072 1355 censurae
1108 1314 1326 1355 exercuisse
1372 1313 1463 1354 levi-

123 1375 260 1423 tatem,
299 1373 436 1425 qui-sve
465 1385 604 1413 eorum
634 1373 756 1413 etiam
786 1373 980 1425 scriptam
1011 1372 1219 1425 reliquerit
1247 1373 1464 1414 accusatio-

121 1444 232 1472 nem.
252 1463 262 1472 .
282 1464 291 1472 .
311 1463 321 1472 .
372 1430 668 1483 Epicureorum
706 1434 788 1472 tota
821 1431 946 1483 factio
983 1445 1107 1484 aequo
1142 1444 1297 1485 semper
1332 1444 1464 1472 errore

122 1503 150 1531 a
184 1502 276 1531 vero
318 1490 435 1531 devia
477 1493 515 1531 et
556 1490 632 1531 illa
673 1502 828 1542 semper
862 1490 1101 1532 existimans
1131 1490 1320 1540 ridenda,
1362 1503 1464 1543 quae

123 1549 293 1599 neseiat,
329 1561 492 1590 sacrum
522 1549 708 1591 volumen
738 1552 776 1590 et
805 1549 1097 1602 auqustissima
1126 1549 1264 1591 irrisit
1291 1552 1466 1590 naturae

0 1606 32 1632 ’ἥ
70 1615 105 1643 25
123 1608 242 1649 seria.
303 1605 456 1649 Colotes
497 1621 587 1649 vero
630 1608 738 1649 inter
773 1607 951 1660 Epicuri
985 1608 1190 1650 auditores
1227 1608 1466 1661 loquacitate

121 1666 341 1708 notabilior
370 1666 494 1707 etiam
522 1667 570 1708 in
601 1666 750 1708 librum
778 1666 944 1717 rettulit,
975 1680 1079 1719 quae
1108 1667 1156 1708 de
1182 1665 1254 1708 hoc
1277 1667 1466 1708 amarius

123 1725 337 1767 cavillatus
365 1728 432 1767 est.
481 1723 564 1767 Sed
590 1728 728 1776 cetera,
759 1739 863 1778 quae
886 1726 1047 1767 iniuria
1070 1726 1236 1776 notavit,
1266 1725 1466 1778 siquidem

123 1785 180 1826 ad
212 1784 434 1834 somnium,
470 1784 518 1825 de
553 1797 630 1837 quo
666 1784 732 1826 hic
758 1785 941 1837 procedit
975 1797 1123 1834 sermo,
1160 1797 1244 1826 non
1281 1785 1465 1835 attinent,

123 1842 195 1885 hoc
231 1843 313 1884 loco
349 1842 465 1885 nobis
501 1843 722 1884 omittenda
750 1846 867 1893 sunt‚·
905 1843 1023 1885 illam
1054 1843 1306 1884 calumniam
1328 1855 1464 1896 perse-

73 1911 106 1937 30
123 1915 310 1955 quemur,
351 1914 455 1954 quae
494 1902 579 1943 nisi
619 1902 896 1955 supplodetur,
939 1902 1117 1943 manebit
1154 1901 1339 1944 Ciceroni
1374 1915 1466 1943 cum

124 1960 299 2002 Platone
328 1960 566 2002 communis.
613 1960 691 2002 Ait
719 1974 747 2002 a
768 1960 1007 2014 philosopho
1035 1960 1223 2013 fabulam
1246 1973 1329 2002 non
1354 1974 1466 2014 opor-

125 2020 247 2061 tuisse
276 2019 463 2073 confinqi,
493 2020 689 2072 quoniam
719 2019 881 2061 nullum
909 2021 1093 2074 fiqmenti
1118 2033 1246 2073 qenus
1269 2020 1354 2061 veri
1369 2032 1466 2073 pro-

121 2078 341 2130 fessoribus
376 2079 614 2120 conveniret.
670 2076 756 2120 Cur
790 2079 915 2129 enim,
953 2079 1102 2145 inquit,
1139 2079 1177 2120 si
1212 2090 1351 2120 rerum
1380 2091 1466 2119 eae-

126 2137 285 2179 lestium
319 2138 540 2189 notionem,
576 2137 615 2179 si
651 2136 836 2178 habitum
864 2150 939 2179 nos
968 2138 1207 2179 animarum
1237 2138 1371 2179 docere
1400 2150 1466 2178 vo-

73 2205 118 2232 ⁸5
115 2195 251 2247 luisti,
281 2208 365 2239 non
394 2170 573 2248 simplici
602 2198 640 2237 et
668 2195 853 2238 absoluta
882 2195 954 2238 hoc
978 2196 1255 2238 insinuatione
1279 2198 1466 2237 curatum

115 2246 198 2305 est,
233 2255 305 2297 sed
340 2256 525 2308 quaesita
555 2267 734 2307 persona
769 2267 960 2308 casusque
990 2248 1212 2308 excoqitata
1242 2255 1401 2295 novitas
1431 2256 1469 2295 et

116 2287 344 2384 {composita
373 2313 557 2356 advocati
586 2326 732 2355 scaena
760 2314 942 2367 fiqmenti
971 2314 1105 2367 ipsam
1134 2313 1353 2366 quaerendi
1382 2312 1468 2353 veri

196 2387 342 2415 01c.1v.
362 2389 386 2415 2.
1136 2385 1181 2416 24

208 901 272 942 Ac
293 902 418 954 prius
441 915 565 954 quam
590 902 741 943 somnii
763 901 882 942 verba
906 901 1175 954 consulamus,
1206 901 1462 943 enodandum
1488 885 1513 927 7

1488 938 1507 969 7
