1685 2568
480 122 570 158 ΜΒ.
597 121 641 157 V.
670 121 770 156 CAP.
797 125 900 157 2-7.
933 125 952 163 s
978 125 1081 156 3—9.
1361 121 1446 161 363

110 221 207 262 tuta
238 218 428 274 legibus,
465 232 594 273 quam
625 216 896 270 verecundia,
933 229 1062 270 quam
1093 217 1250 256 natura
1281 214 1447 256 homini

111 278 226 319 dedit
259 278 381 332 quasi
410 277 621 332 quendam
645 274 975 330 vituperationis
1001 288 1087 315 non
1112 273 1298 314 iniustae
1324 273 1448 313 timo-

110 351 212 378 rem.
268 335 391 378 Hanc
428 336 502 376 ille
539 337 680 376 rector
717 348 859 375 rerum
897 333 1167 388 publicarum
1205 331 1324 373 auxit
1362 330 1449 384 opi-

110 394 310 436 nionibus
341 393 602 450 perfecitque
634 393 846 434 institutis
879 394 922 433 et
954 391 1202 446 disciplinis,
1234 391 1282 430 ut
1313 389 1450 444 pudor

74 465 92 491 5
111 453 215 496 civis
246 468 333 495 non
359 453 498 494 minus
525 467 550 493 a
576 451 741 493 delictis
769 453 932 492 arceret
959 465 1086 504 quam
1113 451 1266 490 metus.
1306 448 1450 501 Atque

110 513 216 554 haec
243 511 248 565 Ι
278 511 447 566 quidem
486 510 539 552 ad
570 510 741 552 laudem
773 510 1008 564 pertinent,
1047 522 1155 563 quae
1188 507 1271 548 dici
1303 508 1355 559 [p.
1382 517 1449 547 ‘200

111 571 243 612 latius
275 570 532 624 uberiusque
563 571 809 624 potuerunt.
1479 606 1496 629 Γ

199 628 268 670 Ad
293 629 428 670 vitam
454 631 598 669 autem
623 642 832 682 usumque
851 627 1021 669 vivendi
1042 641 1091 668 ea
1111 625 1317 680 discripta
1337 624 1449 665 ratio
1477 618 1503 687 εἶ

111 690 178 730 est
214 688 338 728 iustis
371 687 552 742 nuptiis,
590 686 797 742 legitimis
830 686 996 738 liberis,
1035 685 1195 727 sanctis
1227 684 1449 739 penatium

60 759 92 785 ιο
112 747 287 788 deorum
318 746 563 800 Larumque
600 745 880 786 familiarium
920 745 1108 797 sedibus,
1148 746 1197 784 ut
1229 756 1375 784 omnes
1409 744 1451 782 et

110 806 407 848 communibus
451 804 687 846 commodis
731 807 774 845 et
818 804 905 845 suis
943 805 1184 857 uterentur,
1227 800 1304 843 nec
1342 801 1450 842 bene

110 865 198 907 vivi
236 864 326 905 sine
364 865 478 905 bona
516 878 561 905 re
600 863 774 918 publica
810 865 959 918 posset
989 876 1066 903 nee
1098 875 1190 903 esse
1223 861 1451 916 quicquam

111 923 287 965 civitate
324 923 432 964 bene
470 923 707 964 constituta
744 922 923 963 beatius.
980 920 1187 969 Quocirca
1217 920 1451 975 permirum

112 983 218 1023 mihi
249 982 386 1024 videri
418 982 541 1035 solet,
574 995 681 1036 quae
713 981 770 1022 sit
801 984 925 1022 tanta
956 980 1053 1021 doc.
1075 1013 1083 1021 .
1104 1013 1142 1021 ..

0 1057 1 1060 ¹
60 1053 94 1078 15
201 1041 402 1083 Consnmo
433 1042 560 1094 vffl'tnr
589 1054 706 1082 omne
733 1044 887 1093 tempus
910 1040 1181 1089 considerans,
1211 1040 1368 1091 quanta
1392 1037 1453 1078 vis
1477 1018 1504 1099 ἓ

111 1101 166 1142 sit
194 1101 310 1142 illius
339 1101 431 1150 viri,
462 1113 578 1153 quem
608 1100 760 1141 nostris
791 1099 907 1140 libris
930 1099 1032 1140 satis
1056 1098 1277 1151 diliyenter,
1308 1099 1356 1138 nt
1379 1096 1453 1137 tibi

111 1160 273 1212 quidem
302 1160 496 1209 videmur,
527 1159 807 1211 expressimus.
861 1158 1037 1199 Tenesne
1061 1157 1199 1210 iqitnr,
1230 1156 1451 1197 moderato-

111 1232 197 1259 rem
227 1218 345 1259 illum
375 1218 436 1258 rei
451 1218 640 1270 publicae
663 1231 739 1270 qno
764 1216 913 1269 referre
936 1216 1105 1257 velimus
1130 1215 1299 1256 omnia?
1339 1214 1453 1255 Nam

111 1277 169 1318 sic
199 1277 349 1329 quinto,
379 1279 427 1317 nt
455 1277 609 1329 opinor,
640 1276 685 1316 in
717 1276 818 1317 libro
851 1276 1028 1328 loquitur
1052 1273 1211 1326 Scipio:
1246 1272 1307 1314 Ut
1339 1273 1452 1313 enim

58 1347 94 1373 20
114 1334 394 1391 gubernatori
424 1349 572 1376 cursus
599 1334 819 1389 secundus,
850 1333 1013 1375 medico
1041 1333 1170 1387 salus,
1201 1331 1455 1387 imperatori

113 1394 306 1448 victoria,
334 1393 395 1435 sic
420 1393 519 1434 huic
545 1393 807 1435 moderatori
832 1393 893 1434 rei
919 1391 1117 1447 publicae
1142 1392 1271 1432 beata
1298 1391 1453 1432 civium

113 1453 205 1495 vita
242 1452 467 1508 proposita
504 1455 588 1506 est7
628 1455 676 1493 ut
714 1453 867 1507 opibus
899 1452 1042 1505 firma,
1083 1450 1217 1506 copiis
1250 1450 1454 1504 locuples,

116 1511 256 1568 gloria
288 1511 451 1566 ampla,
488 1511 649 1552 virtute
680 1510 865 1553 honesta
897 1511 969 1564 sit3
1010 1510 1136 1551 huius
1168 1509 1281 1551 enim
1314 1509 1454 1564 operis

114 1571 292 1612 maximi
328 1571 440 1611 inter
476 1570 672 1611 homines
711 1573 840 1625 atque
879 1569 1033 1625 optimi
1069 1569 1192 1610 illum
1233 1582 1324 1609 esse
1362 1582 1455 1623 per-

0 1648 2 1653 ·
61 1641 95 1666 25
113 1629 320 1671 fectorem
350 1629 462 1671 volo.
511 1629 668 1682 (Cicero
698 1631 754 1671 ad
782 1630 868 1671 Ati.
912 1628 1030 1670 VIII
1055 1631 1118 1670 11.
1149 1628 1207 1682 1.)

203 1688 261 1730 Et
292 1688 366 1729 ubi
398 1690 474 1742 est,
507 1688 620 1744 quod
652 1690 694 1729 et
726 1691 894 1730 vestrae
926 1687 1098 1728 litterae
1126 1687 1251 1728 illum
1277 1686 1457 1727 laudant

114 1747 282 1803 patriae
320 1749 548 1802 rectorem,
588 1747 662 1802 qui
693 1748 841 1802 populi
872 1746 1055 1788 utilitati
1086 1745 1226 1801 magis
1259 1746 1457 1787 consulat

116 1821 244 1861 quam
275 1805 520 1848 voluntati?
569 1805 849 1860 (Augustinus
877 1820 935 1860 ep.
966 1808 1061 1847 104.
1094 1808 1122 1847 7
1152 1808 1227 1846 ext.
1261 1805 1308 1846 T.
1334 1804 1393 1846 II
1411 1818 1456 1858 p.

115 1869 204 1909 292
234 1865 361 1917 Ben.)

62 1935 98 1961 30
206 1925 351 1966 Etiam
379 1924 541 1966 Tullius
569 1924 664 1966 hine
694 1925 954 1966 dissimulare
978 1937 1061 1965 non
1078 1924 1217 1977 potnit
1239 1924 1284 1964 in
1310 1923 1456 1964 eisdem
1482 1953 1502 1983 9

117 1983 248 2035 libris,
288 1997 386 2036 qnos
422 1984 469 2025 de
505 1997 548 2025 re
578 1984 745 2036 publiea
781 1984 960 2037 scripsit,
1000 1983 1071 2024 nbi
1109 1983 1286 2035 loquitur
1316 1982 1363 2023 de
1393 1982 1456 2022 in-

115 2043 314 2084 stituendo
350 2043 539 2096 principe
581 2043 772 2092 civitatis,
819 2056 936 2095 quem
979 2042 1079 2084 dicit
1120 2041 1319 2082 alendum
1364 2054 1456 2081 esse

118 2101 269 2157 gloria,
300 2104 339 2142 et
366 2105 645 2154 consequenter
674 2104 957 2143 commemorat
980 2100 1164 2142 maiores
1192 2114 1291 2142 suos
1318 2099 1457 2140 multa

116 2160 227 2202 mira
252 2162 381 2215 atque
406 2160 630 2216 praeclara
656 2160 820 2215 gloriae
839 2159 1073 2215 cupiditate
1092 2159 1255 2201 fecisse.
1296 2158 1458 2212 (Aisgyii—

0 2237 2 2242 ·
63 2229 98 2255 35
115 2220 249 2261 stinus
279 2220 326 2261 de
356 2220 426 2261 civ.
458 2220 523 2261 dei
562 2219 603 2260 V
626 2219 711 2273 13.)

209 2278 371 2320 Tullius
406 2279 452 2319 in
490 2279 605 2320 libris
635 2279 683 2319 de
712 2292 756 2319 re
777 2278 944 2331 publiea
973 2278 1137 2331 scripsit
1164 2277 1314 2319 scilieet
1342 2275 1458 2330 prin-

116 2335 254 2393 cipem
286 2336 474 2379 civitatis
507 2336 647 2393 gloria
679 2351 770 2378 esse
803 2337 1014 2382 alendum,
1046 2339 1089 2377 et
1120 2339 1211 2377 tam
1243 2334 1314 2375 diu
1341 2335 1456 2374 stare
