1685 2568
381 116 470 153 LIB.
496 115 541 152 11.
575 116 677 151 CAP.
705 119 853 151 26-28.
887 120 906 159 ξ
932 121 1080 152 66—71.
1345 118 1396 158 71

62 210 210 252 eadem
254 213 320 252 est
365 211 478 253 enim
521 210 692 253 Lucina.
758 210 928 266 Itaque,
971 213 1019 252 ut
1063 212 1175 267 apud
1213 211 1399 254 Graecos

60 268 259 323 Dianam,
292 284 470 324 eamque
489 269 742 323 Luciferam,
769 269 830 311 sic
854 270 968 325 apud
992 273 1165 312 nostros
1191 269 1399 312 Iunonem

60 326 267 369 Lucinam
314 328 360 369 in
402 328 605 384 pariendo
645 328 865 382 invocant3
916 343 1023 383 quae
1068 328 1215 371 eadem
1258 328 1399 371 Diana

63 385 325 442 ‘Omnivaga’
346 387 512 441 dicitur,
542 400 630 428 non
655 401 680 427 a
705 387 910 439 venando,
937 387 1011 428 sed
1037 388 1150 442 quod
1168 387 1214 428 in
1233 391 1398 443 septem

25 448 314 486 5numeratur
353 448 576 500 tamquam
613 445 886 500 vagantibus.
946 445 1087 488 Diana
1125 446 1257 500 dicta,
1298 446 1399 501 quia
1425 458 1466 490 69

60 505 191 545 noctu
222 504 345 558 quasi
376 503 487 545 diem
519 502 718 545 efficeret.
775 503 1019 546 Adhibetur
1050 507 1194 547 autem
1227 505 1280 546 ad
1303 519 1400 560 par·

61 563 149 615 tus,
192 562 304 616 quod
343 562 375 603 ii
415 564 708 604 maturescunt
746 565 821 604 aut
852 565 1016 618 septem
1047 578 1134 605 non
1163 578 1399 618 numquam

62 622 158 674 aut,
201 623 250 662 ut
285 620 557 675 plerumque,
599 635 754 663 novem
785 621 911 663 lunae
943 622 1156 676 cursibus,
1195 622 1268 677 qui
1299 623 1401 677 quia

63 693 210 720 mensa
242 679 384 734 spatia
415 679 662 734 conficiunt,
701 680 911 722 ‘menses'
942 681 1231 723 nominantur.
1293 680 1400 724 Con·

26 749 42 774 0
61 737 285 792 cinneque,
316 740 365 779 ut
396 738 545 793 multa,
577 738 790 793 Timaeus,
821 739 894 794 qui
924 753 1021 782 oum
1051 740 1097 781 in
1127 740 1311 782 historia
1342 740 1401 781 di-

61 796 208 850 xisset,
240 810 324 851 qua
347 799 473 839 nocte
498 799 626 839 natus
647 797 891 839 Alexander
916 801 1041 852 esset,
1068 799 1215 841 eadem
1233 798 1400 840 Dianae

60 854 275 910 Ephesiae
312 856 523 911 templum
562 856 884 912 deflagravisse,
927 857 1120 899 adiunxit
1150 858 1325 899 minime
1356 857 1401 899 id

63 927 154 955 esse
187 913 446 964 mirandum,
486 915 599 969 quod
629 914 787 969 Diana,
820 930 916 957 cum
947 916 993 957 in
1023 919 1151 972 partu
1183 916 1400 972 Olympia-

63 972 126 1013 dis
152 972 300 1014 adesse
324 973 544 1027 voluisset‚
570 973 748 1016 afuisset
773 974 910 1016 domo.
949 973 1066 1024 Quae
1087 978 1230 1017 autem
1251 976 1329 1018 dea
1347 975 1402 1017 ad

27 1042 42 1068 5
61 1045 129 1072 res
155 1045 304 1073 omnes
324 1032 503 1087 veniret,
525 1031 736 1074 Venerem
755 1034 894 1075 nostri
911 1034 1253 1089 nominaverunt,
1273 1037 1401 1090 atque

62 1104 113 1132 ex
151 1105 201 1131 ea
236 1090 381 1145 potius
413 1090 658 1133 ‘venustas’
698 1106 827 1146 quam
861 1091 1049 1134 ‘Venus’
1081 1108 1132 1134 ex
1163 1096 1400 1135 venustate.

149 1147 373 1190 Videtisne
412 1149 564 1205 igitur,
604 1152 653 1191 ut
694 1164 720 1191 a
749 1150 940 1205 physicis
972 1151 1100 1193 rebus
1132 1152 1240 1193 bene
1272 1155 1400 1207 atque
1415 1134 1469 1218 ξιξ

61 1207 227 1249 utiliter
269 1207 456 1249 inventis
487 1210 630 1250 tracta
666 1208 778 1250 ratio
818 1209 876 1250 sit
913 1209 967 1251 ad
997 1210 1320 1252 commenticios
1358 1213 1402 1252 et

62 1266 186 1308 fictos
220 1265 350 1308 deos?
383 1280 491 1321 quae
523 1281 591 1308 res
624 1267 773 1323 genuit
803 1267 938 1310 falsas
970 1269 1193 1324 opiniones
1221 1284 1402 1312 errores-

27 1337 43 1362 ο
63 1339 143 1379 que
186 1325 461 1377 turbulentos
504 1328 547 1367 et
591 1326 920 1381 superstitiones
958 1342 1092 1382 paene
1130 1328 1277 1370 aniles.
1343 1328 1403 1371 Et

60 1383 225 1426 formae
263 1383 376 1425 enim
411 1384 537 1426 nobis
570 1384 746 1426 deorum
777 1387 820 1427 et
852 1388 1015 1428 aetates
1049 1389 1092 1428 et
1122 1387 1305 1429 vestitus
1339 1402 1403 1430 or-

59 1445 273 1498 natusque
298 1443 393 1485 noti
419 1445 530 1498 sunt,
563 1457 720 1500 genera
744 1447 979 1499 praeterea,
1012 1445 1222 1502 coniugia,
1248 1460 1403 1502 cogna-

60 1501 200 1543 tiones
242 1501 470 1556 omniaque
507 1502 706 1545 traducta
744 1503 797 1544 ad
837 1503 1164 1546 similitudinem
1195 1505 1403 1547 inbecilli-

61 1560 165 1602 tatis
196 1560 429 1615 humanae3
459 1575 560 1602 nam
586 1564 630 1603 et
654 1562 919 1617 perturbatis
946 1563 1100 1605 animis
1125 1563 1404 1619 inducuntur3

28 1630 44 1656 5
64 1619 304 1674 accepimus
338 1620 451 1661 enim
483 1620 659 1662 deorum
684 1621 955 1676 cupiditates,
987 1622 1290 1677 aegritudines,
1321 1623 1402 1665 ira-

62 1678 258 1733 cundias3
287 1692 366 1721 nec
390 1693 504 1732 vero,
535 1681 585 1720 ut
608 1679 782 1721 fabulae
805 1680 963 1735 ferunt,
988 1680 1116 1723 bellis
1141 1682 1401 1737 proeliisque

62 1739 308 1792 caruerunt,
351 1752 429 1779 neo
467 1738 625 1792 solum,
668 1741 717 1780 ut
755 1739 868 1794 apud
897 1738 1154 1794 Homerum,
1191 1755 1287 1783 eum
1319 1741 1400 1784 duc

63 1795 273 1838 exercitus
305 1796 545 1838 contrarios
578 1797 653 1838 alii
684 1797 752 1839 dei
777 1812 827 1839 ex
854 1798 941 1840 alia
964 1801 1089 1854 parte
1116 1798 1391 1842 defenderent

63 1854 137 1896 sed
174 1855 324 1909 etiam,
364 1858 413 1897 ut
444 1870 542 1897 cum
573 1855 758 1911 Titanis,
799 1859 848 1898 ut
879 1872 975 1899 cum
1008 1857 1287 1913 Gigantibus,
1325 1873 1404 1902 sua

27 1924 43 1949 0
61 1913 237 1968 propria
267 1913 384 1956 bella
415 1917 652 1971 gesserunt.
700 1915 819 1958 Haec
851 1918 894 1957 et
926 1916 1124 1958 dicuntur
1154 1919 1197 1959 et
1228 1917 1402 1959 credun-

60 1974 132 2012 tur
170 1972 425 2015 stultissime
463 1976 506 2014 et
543 1974 673 2029 plena
711 1977 811 2016 sunt
846 1975 1092 2017 futtilitatis
1126 1990 1401 2031 summaeque

60 2030 264 2072 levitatis.
313 2029 395 2073 Sed
424 2034 572 2074 tamen
602 2032 670 2074 his
701 2032 862 2075 fabulis
895 2034 1052 2089 spretis
1086 2049 1134 2077 ac
1162 2035 1399 2090 repudiatis
1427 2044 1466 2075 71

61 2089 164 2130 deus
201 2090 418 2144 pertinens
456 2106 534 2146 per
571 2094 773 2134 naturam
804 2092 1007 2148 cuiusque
1038 2093 1118 2147 rei,
1154 2108 1232 2149 per
1262 2096 1401 2136 terras

62 2145 209 2202 Ceres,
241 2162 317 2203 per
357 2150 495 2191 maria
530 2149 778 2206 Neptunus,
820 2151 895 2193 alii
934 2167 1012 2207 per
1053 2153 1156 2207 alia,
1197 2155 1401 2208 poterunt

62 2205 260 2262 intellegi
292 2206 365 2262 qui
396 2208 628 2263 qualesque
654 2209 759 2265 sint,
798 2224 966 2265 quoque
998 2225 1071 2253 eos
1102 2212 1275 2253 nomine
1307 2226 1402 2253 oon-

62 2265 242 2307 suetudo
279 2268 608 2322 nuncupaverit,
643 2267 725 2310 hoe
764 2283 835 2310 eos
873 2272 916 2311 et
952 2270 1148 2311 venerari
1189 2272 1232 2311 et
1263 2270 1401 2311 colere

62 2323 276 2366 debemus.
331 2323 484 2367 Cultus
517 2327 660 2367 autem
692 2326 867 2369 deorum
899 2330 965 2369 est
992 2329 1180 2383 optimus
1204 2328 1401 2383 idemque
