1685 2568
386 145 474 181 LIB.
502 145 564 181 III.
592 143 692 181 CAP.
718 148 845 180 8-10.
877 149 897 187 ξ
923 149 1072 181 20—25.
1319 147 1403 188 115

70 241 282 283 fidicinem
315 241 445 283 etiam
476 243 519 282 et
549 240 793 294 tubicinem‚
826 240 1028 294 quoniam
1060 255 1205 282 earum
1239 256 1406 296 quoque

71 300 229 342 artium
255 300 448 342 homines
474 314 525 341 ex
550 313 599 341 eo
624 300 933 354 procreantur?
971 298 1092 340 Nihil
1112 299 1247 355 igitur
1268 300 1407 341 adfert

70 361 193 414 pater
224 359 306 400 iste
332 357 583 412 Stoicorum,
615 371 746 412 quare
778 357 983 399 mundum
1008 359 1174 399 ratione
1199 358 1263 399 uti
1289 361 1407 413 pute-

70 431 177 471 mus,
208 432 260 459 ne
292 432 366 460 cur
397 417 659 458 animantem
691 415 860 470 quidem
893 430 995 458 esse.
1045 415 1145 458 Non
1176 419 1243 458 est
1273 417 1408 472 igitur

35 489 51 514 5
71 476 252 517 mundus
285 476 399 530 deus,
431 478 473 517 et
503 478 649 516 tamen
677 474 786 515 nihil
819 477 885 516 est
916 489 966 517 eo
998 475 1170 529 melius3
1201 474 1310 516 nihil
1343 477 1408 517 est

70 535 184 576 enim
210 549 258 577 eo
278 533 510 590 pulchrius,
536 533 645 574 nihil
667 534 899 575 salutarius
918 533 1056 588 nobis,
1081 534 1190 575 nihil
1214 534 1407 576 ornatius

71 596 246 648 aspectu
277 595 480 646 motuque
512 592 792 634 constantius.
847 590 1008 641 Quodsi
1033 592 1215 634 mundus
1242 592 1408 634 univer-

71 667 142 694 sus
166 667 253 694 non
279 654 344 693 est
370 651 483 705 deus,
508 665 561 692 ne
588 651 739 692 stellae
766 651 948 706 quidem,
975 665 1081 706 quas
1100 653 1149 692 tu
1168 651 1409 693 innumera-

70 711 170 752 bilis
201 711 246 751 in
277 710 452 751 deorum
482 724 659 751 numero
691 710 940 765 reponebas,
972 724 1153 765 quarum
1184 713 1227 751 te
1259 724 1407 752 cursus

19 783 50 808 ιο
70 769 315 823 aequabiles
348 769 594 823 aeternique
632 768 921 823 delectabant,
963 783 1042 810 nec
1074 768 1316 811 mehercule
1347 769 1408 810 in-

68 828 196 882 iuria3
234 830 334 869 sunt
372 827 485 869 enim
522 827 767 869 admirabili
797 827 1120 882 incredibilique
1152 827 1407 870 constantia.

69 885 151 928 Sed
175 901 262 928 non
287 886 442 940 omnia,
467 885 615 940 Balbe,
642 900 749 941 quae
776 900 923 928 cursus
943 889 1082 928 certos
1103 888 1147 928 et
1166 886 1404 929 constantis
1431 895 1476 926 24

68 945 247 998 habent,
287 959 337 987 ea
373 945 451 986 deo
488 945 632 1000 potius
663 945 891 986 tribuenda
923 948 1022 987 sunt
1054 960 1184 1000 quam
1214 948 1405 987 naturae.

70 1003 179 1053 Quid
222 1003 466 1046 Chalcidico
502 1003 666 1058 Euripo
706 1004 752 1045 in
791 1006 912 1045 motu
951 1004 1184 1046 identidem
1224 1004 1406 1059 recipro-
1424 1008 1477 1049 10

19 1075 52 1100 15
72 1063 206 1105 cando
244 1065 371 1118 putas
408 1062 502 1104 fieri
532 1077 659 1118 posse
690 1063 987 1104 constantius?
1029 1063 1130 1117 quid
1160 1062 1272 1105 freto
1308 1062 1408 1105 Sici-

72 1121 226 1163 liensi‘?
260 1121 361 1176 quid
393 1121 550 1163 Oceani
579 1121 748 1163 fervore
779 1121 868 1162 illis
900 1121 945 1162 in
976 1121 1095 1176 locis,

128 1203 381 1257 Europam
400 1202 712 1258 Libyamque
737 1217 895 1257 rapax
920 1203 1007 1245 ubi
1033 1203 1221 1245 dividit
1246 1204 1407 1246 unda?

71 1297 208 1347 Quid?
241 1300 384 1339 aestus
416 1296 623 1338 maritimi
647 1297 716 1338 vel
742 1296 1051 1352 Hispanienses
1077 1298 1145 1340 vel
1168 1296 1409 1340 Britannici

71 1370 300 1411 eorumque
331 1356 458 1398 certis
490 1356 757 1411 temporibus
789 1356 857 1398 vel
891 1370 1084 1398 accessus
1116 1357 1184 1399 vel
1216 1371 1408 1399 recessus

18 1427 52 1453 20
72 1416 161 1457 sine
200 1415 277 1457 deo
308 1415 402 1456 fieri
431 1429 520 1457 non
549 1415 760 1470 possunt?
821 1414 947 1469 Vide,
986 1429 1162 1470 quaeso,
1201 1416 1237 1457 si
1269 1416 1407 1458 omnis

72 1477 214 1516 motus
241 1474 481 1528 omniaque,
507 1488 615 1528 quae
635 1473 763 1516 certis
783 1474 1050 1529 temporibus
1072 1474 1264 1516 ordinem
1285 1489 1408 1516 suum

71 1535 337 1587 conservant,
369 1533 512 1574 divina
537 1532 729 1587 dicimus,
759 1547 812 1574 ne
837 1533 1046 1574 tertianas
1074 1548 1242 1588 quoque
1266 1533 1407 1575 febres

71 1594 115 1634 et
144 1594 376 1646 quartanas
403 1591 568 1633 divinas
595 1605 687 1633 esse
713 1591 935 1633 dicendum
963 1592 1031 1646 sit,
1063 1607 1244 1646 quarum
1269 1606 1408 1634 rever-

72 1651 190 1693 sione
223 1653 266 1692 et
296 1652 415 1693 motu
448 1650 550 1705 quid
580 1653 725 1706 potest
757 1665 848 1692 esse
875 1651 1173 1693 constantius?
1214 1649 1296 1692 Sed
1322 1665 1408 1693 om-

20 1720 53 1746 25
70 1710 189 1751 nium
232 1709 386 1751 talium
428 1723 572 1750 rerum
615 1709 726 1751 ratio
770 1709 984 1751 reddenda
1027 1712 1103 1752 est.
1171 1707 1293 1759 Quod
1329 1724 1407 1752 vos

72 1783 168 1811 cum
197 1768 337 1810 facere
367 1782 455 1810 non
482 1768 677 1824 potestiS,
707 1770 931 1823 tamquam
955 1768 1001 1810 in
1027 1783 1147 1811 aram
1173 1768 1407 1825 confugitis

72 1827 125 1869 ad
157 1827 292 1869 deum.

158 1886 217 1928 Et
248 1885 514 1941 Chrysippus
551 1886 634 1927 tibi
671 1888 793 1928 acute
826 1886 963 1928 dicere
994 1885 1237 1941 videbatur,
1276 1886 1407 1929 homo

74 1944 164 1986 sine
196 1944 323 1987 dubio
354 1947 553 1986 versutus
585 1947 630 1986 et
661 1945 840 1987 callidus
873 1943 1088 2002 (versutos
1121 1959 1193 1987 eos
1223 1946 1408 2001 appello,

21 2014 55 2039 30
75 2018 256 2057 quorum
286 2004 480 2045 celeriter
511 2018 632 2045 mens
663 2006 877 2058 versatur,
909 2004 1088 2046 callidos
1120 2006 1275 2059 autem,
1307 2018 1409 2059 quo-

73 2077 185 2115 rum,
222 2064 443 2116 tamquam
474 2077 626 2104 manus
659 2077 803 2118 opere,
841 2063 902 2105 sic
933 2063 1101 2105 animus
1132 2077 1213 2105 usu
1244 2063 1409 2105 concal-

75 2119 192 2176 luit);
229 2120 266 2162 is
303 2120 453 2176 igitur:
493 2120 559 2163 ‘Si
590 2121 752 2176 aliquid
784 2121 885 2176 est',
915 2121 1074 2176 inquit,
1113 2121 1247 2176 ‘quod
1277 2122 1407 2164 homo

74 2179 240 2221 efficere
270 2193 358 2221 non
387 2179 543 2235 possit,
575 2180 648 2235 qui
678 2180 722 2221 id
754 2180 904 2235 efficit,
935 2180 1088 2222 melior
1120 2183 1186 2222 est
1216 2180 1407 2234 homine3

73 2238 202 2280 homo
235 2240 379 2279 autem
408 2238 530 2293 haec,
568 2253 675 2293 quae
705 2239 751 2280 in
782 2239 938 2281 mundo
972 2241 1089 2294 sunt,
1124 2239 1290 2281 efficere
1320 2253 1407 2280 non

22 2307 55 2334 ³5
73 2299 235 2352 potest3
273 2296 346 2351 qui
376 2297 518 2352 potuit
547 2297 700 2353 igitur,
729 2298 767 2339 is
797 2300 993 2354 praestat
1023 2297 1205 2353 homini3
1242 2296 1407 2339 homini

75 2358 217 2398 autem
266 2358 486 2411 praestare
536 2356 630 2410 quis
674 2356 814 2412 possit
854 2356 939 2398 nisi
983 2356 1114 2398 deus?
1165 2358 1230 2398 est
1272 2355 1406 2411 igitur

1078 2425 1124 2458 88

1434 1718 1477 1749 25
