1685 2568
444 104 533 140 LIB.
561 105 587 138 Ι.
617 103 716 140 CAP.
746 108 894 139 18-22.
921 108 941 145 ‚s
967 109 1116 141 30-35.
1356 105 1438 147 287

101 215 194 244 esse
226 201 384 243 scimus
416 203 460 242 et
490 201 702 254 videmus,
735 200 771 241 si
801 199 846 241 id
877 199 1074 241 effectum
1107 200 1182 254 sit,
1215 203 1257 241 et
1289 201 1441 242 melius

99 274 178 302 nos
211 274 304 301 esse
335 260 525 301 victuros
558 262 601 301 et
632 259 813 301 beatius.

188 318 297 359 Tum
317 318 501 360 Mucius:
527 317 637 366 Quid
663 332 755 359 esse
779 317 916 373 igitur
940 331 1098 371 censes,
1124 316 1256 371 Laeli,
1283 317 1443 359 discen·
1458 294 1514 375 ἓξ

101 377 201 418 dum
244 377 387 430 nobis,
430 380 478 418 ut
514 376 630 418 istud
669 376 835 418 efficere
873 376 1088 430 possimus
1125 376 1286 431 ipsum,
1331 376 1445 430 quod

66 448 82 472 ⁵
101 436 328 491 postulas?
366 436 416 477 L.
441 435 528 477 Eas
562 435 680 487 artis,
714 449 822 489 quae
848 434 1049 489 efficiant,
1081 437 1130 476 ut
1155 435 1251 476 usui
1277 434 1444 476 civita-ti

100 494 253 548 simus3
278 494 321 535 id
347 494 460 535 enim
487 508 580 535 esse
606 493 1000 548 praeclarissimum
1026 493 1262 548 sapientiae
1289 507 1443 535 munus

100 553 419 607 maximumque
450 553 625 594 virtutis
653 552 658 606 Ι
686 553 755 594 vel
788 552 1088 594 documentum
1114 552 1183 594 vel
1209 551 1269 594 of·
1302 553 1354 604 [p.
1375 563 1443 593 216

100 611 243 653 ficium
280 614 398 667 puto.
460 610 598 660 Quam
636 611 691 652 ob
730 625 839 665 rem,
876 614 926 652 ut
955 611 1037 653 hae
1067 610 1202 653 feriae
1231 611 1358 653 nobis
1390 611 1444 652 ad

100 669 356 712 utilissimos
399 669 463 711 rei
499 669 697 725 publicae
736 684 953 711 sermones
991 669 1266 724 potissimum
1305 669 1444 711 confe-

52 742 81 766 10
100 731 263 783 rantur,
295 727 538 784 Scipionem
570 742 791 784 rogemus,
829 731 877 769 ut
909 728 1111 784 explicet,
1143 743 1269 784 quem
1302 728 1445 770 existi-

99 790 189 830 met
214 802 307 829 esse
333 788 547 842 optimum
573 789 737 828 statum
764 787 966 829 civitatis.
1016 786 1181 829 Deinde
1207 787 1294 829 alia
1319 802 1444 842 quae-

99 861 260 901 remus3
305 847 460 901 quibus
501 846 687 902 cognitis
729 860 854 901 spero
895 860 974 888 nos
1014 846 1067 888 ad
1104 846 1212 888 haec
1247 846 1343 902 ipsa
1374 847 1446 888 via

99 908 381 960 perventuros
415 919 647 960 earumque
677 919 821 946 rerum
853 905 1078 960 rationem,
1111 919 1219 960 quae
1246 919 1358 947 nune
1383 905 1444 947 in-

101 966 231 1017 stant,
264 964 565 1019 explicaturos.

50 1035 80 1060 15
189 1021 296 1065 Cum
328 1023 372 1064 id
404 1026 446 1065 et
477 1023 628 1064 Philus
660 1025 703 1064 et
727 1022 931 1064 Manilius
965 1025 1007 1064 et
1032 1022 1265 1065 Mummius
1297 1023 1444 1065 admo·
1459 1003 1514 1086 ἐξ

101 1081 202 1123 dum
234 1082 593 1137 adprobavissent.
615 1115 623 1123 .
644 1115 653 1122 .
673 1115 682 1123 .

425 1176 742 1228 [Desiderantur
765 1177 947 1230 paginae
977 1176 1110 1228 duae]

187 1258 298 1301 Sane
339 1259 531 1301 dixerunt
570 1262 750 1300 auctores
795 1257 1007 1300 ‘simulat'
1040 1272 1117 1312 per
1155 1257 1237 1309 (α’,
1280 1259 1352 1300 hoc
1388 1262 1447 1301 est

100 1314 314 1372 ὁμοιάζει,
351 1321 398 1359 ut
428 1317 563 1359 Cicero
602 1318 650 1359 de
684 1331 728 1359 re
763 1317 948 1370 publica:
990 1316 1171 1358 Nullum
1210 1320 1276 1359 est
1308 1332 1445 1359 exem-

99 1377 237 1433 plum,
275 1376 343 1419 cui
380 1376 582 1418 malimus
615 1376 875 1418 adsimulare
906 1390 998 1417 rem
1029 1376 1259 1431 publicam.
1321 1376 1445 1430 (Dio-

49 1446 82 1472 20
99 1437 230 1478 medes
261 1436 326 1477 lib.
357 1435 390 1477 I
406 1449 451 1489 p.
482 1436 576 1478 365.
607 1438 665 1477 20
695 1435 827 1489 Keil.)

187 1495 250 1537 M.
284 1495 446 1536 Tullius
485 1495 533 1536 de
569 1508 612 1536 re
634 1494 803 1547 publica
834 1494 900 1535 lib.
932 1493 980 1535 I:
1026 1492 1183 1548 Quare,
1222 1493 1258 1535 si
1289 1493 1444 1548 placet,

100 1554 232 1596 deduc
282 1553 521 1595 orationem
564 1555 685 1594 tuam
730 1552 780 1594 de
825 1553 943 1594 caelo
988 1552 1041 1594 ad
1083 1553 1189 1594 haee
1232 1552 1444 1594 citeriora.

100 1613 284 1666 (Nonius
307 1627 352 1666 p.
385 1614 450 1654 85.
481 1616 534 1654 19
565 1615 603 1654 et
623 1625 668 1666 p.
699 1615 798 1654 289.
830 1612 889 1666 8.)

47 1683 50 1686 ’
109 1705 118 1714 .
139 1705 148 1713 .
168 1706 177 1713 .
198 1686 304 1713 .non
331 1671 471 1713 solum
497 1671 552 1713 ob
579 1685 674 1712 eam
700 1685 873 1712 causam
892 1670 986 1712 fieri
1004 1670 1135 1725 volui,
1168 1670 1282 1725 quod
1309 1671 1361 1722 [p.
1375 1680 1443 1712 293

48 1740 80 1766 2⁵
101 1733 193 1772 erat
228 1744 410 1785 aequum
442 1730 493 1771 de
524 1744 570 1771 re
600 1729 775 1785 publiea
806 1729 1081 1784 potissimum
1112 1729 1351 1784 principem
1381 1729 1446 1771 rei

98 1789 297 1845 publicae
330 1789 479 1842 dicere,
512 1788 586 1830 sed
618 1788 749 1830 etiam
783 1789 897 1842 quod
927 1789 1207 1830 memineram
1238 1802 1444 1843 persaepe

99 1851 143 1890 te
169 1863 265 1890 cum
283 1847 492 1889 Panaetio
520 1847 728 1889 disserere
754 1847 931 1889 solitum
958 1862 1103 1889 coram
1122 1846 1318 1902 Polybio,
1345 1846 1445 1888 duo-

99 1908 180 1949 bus
212 1907 389 1949 Graecis
420 1907 489 1948 vel
515 1905 790 1961 peritissimis
816 1921 959 1947 rerum
986 1906 1189 1960 civilium,
1221 1906 1443 1960 multaque

101 1966 306 2022 colligere
347 1980 396 2007 ac
434 1966 601 2019 docere,
642 1965 854 2020 optimum
891 1966 1020 2021 longe
1059 1967 1223 2006 statum
1255 1965 1444 2006 civitatis

52 2035 84 2060 30
103 2040 195 2066 esse
245 2039 359 2078 eum,
410 2039 537 2078 quem
579 2024 764 2065 maiores
805 2024 945 2066 nostri
986 2024 1112 2066 nobis
1156 2023 1444 2079 reliquissent.

104 2083 196 2132 Qua
232 2083 278 2124 in
309 2083 600 2138 disputatione
634 2082 836 2137 quoniam
866 2085 915 2125 tu
943 2082 948 2136 Ι
976 2083 1169 2138 paratior
1200 2097 1263 2136 es,
1297 2083 1349 2135 [p.
1376 2093 1445 2123 294

101 2142 266 2196 feceris,
297 2144 346 2184 ut
378 2142 508 2183 etiam
534 2156 612 2197 pro
639 2141 707 2182 his
735 2141 884 2195 dicam,
917 2142 964 2196 si,
997 2142 1048 2183 de
1072 2156 1119 2183 re
1143 2141 1318 2197 publica
1344 2141 1444 2196 quid

103 2201 276 2254 sentias,
308 2201 548 2255 explicaris,
578 2200 704 2242 nobis
738 2203 911 2255 gratum
943 2201 1154 2242 omnibus.

191 2260 302 2301 Tum
333 2259 424 2301 ille:
457 2258 556 2301 Non
586 2273 764 2314 possum
796 2259 992 2313 equidem
1025 2259 1162 2301 dicere
1193 2274 1261 2300 me
1287 2259 1376 2300 ulla
1400 2258 1446 2298 in
1459 2243 1515 2325 {2

53 2329 84 2354 ⁸5
103 2318 366 2375 cogitatione
398 2318 538 2360 acrius
571 2321 645 2359 aut
677 2317 926 2374 diligentius
959 2318 1098 2360 solere
1126 2317 1290 2359 versari
1316 2331 1442 2372 quam
1495 2307 1512 2326 ‘³
