1685 2568
216 91 305 127 LIB.
331 91 394 127 ΙΙΙ.
429 90 530 126 ΟΑΡ.
557 93 707 125 38—40.
740 92 760 131 ξ
786 92 935 124 92-95,
980 87 1292 123 FRAGMENTA.
1342 87 1422 128 141

87 187 170 230 Sed
202 186 403 242 quoniam
429 184 756 242 advesperascit,
789 183 910 226 dabis
935 183 1061 225 nobis
1088 183 1199 224 diem
1227 182 1427 237 aliquem,

87 249 136 289 ut
179 249 329 288 eontra
364 246 450 288 ista
488 245 689 288 dieamus.
755 242 838 285 Est
874 242 987 284 enim
1025 241 1132 283 mihi
1168 244 1311 283 tecum
1347 256 1425 296 pro

88 305 175 347 aris
213 307 256 346 et
292 304 400 347 foeis
438 306 656 347 certamen
693 304 736 344 et
772 315 850 356 pro
883 301 1059 343 deorum
1090 300 1265 355 templis
1298 302 1426 354 atque

89 363 278 406 delubris
324 377 487 419 proque
530 361 650 404 urbis
694 360 845 414 muris,
896 373 1002 415 quos
1045 373 1140 414 vos,
1191 358 1427 414 pontifices,

53 435 70 461 5
89 425 260 465 sanctos
311 436 403 464 esse
453 421 593 463 dicitis
643 419 976 475 diligentiusque
1025 418 1177 459 urbem
1219 417 1428 473 religione

89 496 218 536 quam
250 480 355 536 ipsis
388 480 610 522 moenibus
643 478 836 534 cingitis;
868 491 976 532 quae
1002 477 1140 518 deseri
1165 491 1191 518 a
1216 491 1295 531 me,
1328 476 1428 517 dum

90 540 260 595 quidem
287 540 450 595 spirare
474 541 638 593 potero,
668 537 791 579 nefas
816 536 968 579 iudico.
1017 535 1128 577 Tum
1153 534 1300 578 Cotta:
1331 534 1427 591 Ego

88 613 190 641 vero
223 601 266 640 et
297 600 399 653 opto
431 597 632 652 redargui
664 611 749 650 me,
787 595 942 650 Balbe,
974 597 1017 637 et
1048 609 1115 649 ea,
1149 609 1257 649 quae
1289 594 1429 649 dispu-

89 657 192 712 tavi,
226 656 434 698 disserere
465 656 600 698 malui
633 670 762 710 quam
792 654 981 696 iudicare
1012 656 1055 695 et
1085 653 1212 695 facile
1244 667 1311 695 me
1338 668 1363 695 a
1386 655 1429 694 te

37 729 71 754 10
89 715 202 758 vinci
232 729 360 770 posse
392 717 508 757 certo
547 714 647 757 seio.
709 713 893 769 Quippe,
930 712 1072 768 inquit
1102 711 1314 767 Velleius,
1359 711 1431 766 qui

90 774 220 817 etiam
253 774 420 816 somnia
450 776 574 829 putet
606 773 660 815 ad
690 787 768 815 nos
802 772 919 814 mitti
951 772 1005 814 ab
1037 771 1157 825 Iove,
1196 785 1305 826 quae
1335 770 1432 826 ipsa

88 836 235 876 tamen
274 835 365 875 tam
404 833 518 875 levia
554 847 641 874 non
679 834 795 886 sunt,
836 846 965 886 quam
1003 832 1069 872 est
1100 828 1344 872 Stoicorum
1381 829 1432 871 de

88 895 245 934 natura
289 892 465 934 deorum
509 891 660 934 oratio.
725 890 844 932 Haeo
881 905 977 932 eum
1015 891 1159 931 essent
1196 889 1327 944 dieta,
1369 888 1433 930 ita

91 951 374 1005 discessimus,
406 953 454 992 ut
485 950 652 992 Velleio
685 948 839 992 Cottae
872 948 1108 1004 disputatio
1140 948 1293 1003 verior,
1325 947 1433 989 mihi

39 1021 71 1047 15
90 1009 219 1052 Balbi
260 1010 314 1052 ad
354 1010 550 1052 veritatis
589 1008 915 1050 similitudinem
952 1007 1170 1049 videretur
1208 1021 1300 1049 esse
1337 1021 1434 1062 pro-

91 1083 276 1125 penslor.

546 1312 986 1367 FRAGMENTA.

204 1436 276 1474 EX
306 1434 466 1474 LIBRo
499 1435 570 1473 DE
602 1436 824 1474 NATURA
855 1434 1081 1474 DEORUM
1113 1434 1321 1475 TERTIO.

185 1539 222 1580 1.
270 1537 457 1580 Laetam.
500 1539 594 1581 inst.
637 1539 715 1581 div.
752 1539 813 1580 H
842 1542 881 1581 3.
917 1541 948 1581 2
996 1538 1258 1593 Intelleyebac·
1299 1538 1436 1582 Cicero

92 1598 206 1651 falsa
245 1611 342 1652 esse,
384 1611 486 1651 quae
522 1597 703 1639 homines
739 1599 969 1640 adorarent.
1031 1598 1146 1640 Nam
1183 1612 1276 1640 cum
1305 1599 1437 1640 multa

94 1658 274 1711 dixisset,
304 1670 406 1710 quae
437 1657 494 1698 ad
521 1658 764 1699 eversionem
794 1657 1038 1710 reliyiomcm
1067 1658 1256 1711 valerent,
1286 1658 1350 1699 ait
1379 1660 1437 1699 ta—

94 1729 188 1758 men
215 1729 304 1757 non
335 1729 427 1757 esse
458 1715 536 1757 illa
565 1715 698 1771 vulgo
732 1715 1002 1770 disputanda,
1032 1729 1086 1757 ne
1116 1717 1337 1771 susceptas
1363 1731 1438 1772 pu-

94 1774 206 1816 blice
237 1774 468 1830 religiones
502 1774 737 1830 disputatio
770 1774 872 1816 talis
906 1774 1166 1831 exstinguat.

185 1834 223 1875 2,
266 1833 454 1875 Laetam.
479 1834 572 1876 inst.
597 1834 676 1875 div.
702 1832 762 1874 ΙΙ
782 1837 820 1876 8.
848 1837 901 1875 10
932 1833 1068 1876 Cicero
1098 1835 1146 1876 de
1174 1837 1328 1876 natura
1353 1835 1439 1876 deo-

97 1906 191 1934 rum
228 1893 442 1946 disputans
471 1893 530 1934 sie
559 1893 642 1934 ait:
678 1891 872 1934 Primum
903 1892 1039 1948 igitur
1069 1907 1157 1934 non
1189 1894 1254 1934 est
1285 1893 1439 1948 proba-

98 1950 185 1992 bile
217 1965 311 1992 eam
335 1951 563 1993 materiam
588 1966 743 2006 rerum,
774 1951 885 1993 unde
910 1953 1008 1993 orta
1033 1954 1134 1993 sunt
1159 1951 1315 2006 omnia,
1347 1967 1439 1994 esse

99 2009 243 2050 divina
284 2010 554 2064 providentia
592 2011 804 2065 effectam,
848 2010 923 2052 sed
959 2010 1119 2052 habere
1157 2013 1200 2053 et
1235 2011 1439 2053 habuisse

32 2092 37 2098 ·
98 2068 187 2110 vim
231 2070 274 2109 et
309 2071 510 2111 naturam
547 2083 681 2111 suam.
748 2068 811 2112 Ut
846 2069 982 2125 igitur
1018 2069 1159 2124 faber,
1203 2085 1299 2112 eum
1339 2070 1440 2125 quid

102 2126 402 2169 aedificaturus
433 2130 510 2182 est,
540 2142 628 2170 non
658 2128 751 2183 ipse
781 2127 887 2170 facit
912 2128 1152 2183 materiam,
1185 2129 1259 2170 sed
1285 2144 1335 2170 ea
1359 2129 1439 2170 uti-

99 2187 182 2239 tur,
215 2200 323 2240 quae
355 2185 413 2227 sit
442 2189 606 2241 parata,
636 2187 845 2243 fictorque
874 2186 980 2229 item
1012 2202 1120 2243 cera,
1151 2187 1212 2230 sie
1243 2188 1318 2229 isti
1345 2202 1439 2243 pro-

99 2244 312 2286 videntiae
344 2244 512 2286 divinae
543 2246 769 2288 materiam
799 2248 973 2302 praesto
1000 2261 1092 2288 esse
1118 2246 1324 2302 oportuit,
1354 2261 1441 2287 non

102 2318 230 2358 quam
254 2303 346 2359 ipse
371 2303 544 2358 faceret,
569 2305 643 2346 sed
670 2319 800 2360 quam
823 2305 1004 2347 haberet
1023 2308 1234 2361 paratam.
1279 2303 1441 2353 Quodsi
