1685 2568
204 122 261 164 96
617 121 682 156 DE
707 120 909 156 NATURA
934 119 1139 155 DEORUM

207 235 288 275 que
326 221 370 262 et
407 219 618 273 continet,
656 218 745 261 sive
782 217 890 259 illud
928 217 1095 259 aridum
1127 219 1193 258 est
1224 217 1313 259 sive
1345 218 1550 273 umidum,

208 279 320 334 quod
351 279 530 334 recepit,
562 281 610 319 ut
640 278 685 318 id
716 277 876 318 mutari
908 278 951 317 et
982 275 1191 330 concoqui
1221 276 1378 331 possit,
1416 291 1550 331 eaque

205 341 299 380 tum
332 337 606 392 astringitur,
636 339 729 377 tum
760 337 979 377 relaxatur
1010 337 1139 389 atque
1172 349 1309 389 omne,
1341 336 1454 390 quod
1486 350 1551 377 ac·

207 398 335 452 cepit,
380 397 498 451 cogit
535 397 578 436 et
615 394 856 447 confundit,
893 397 943 435 ut
976 393 1105 435 facile
1144 395 1187 435 et
1224 393 1385 449 calore,
1424 409 1551 448 quem

207 456 391 497 multum
433 454 584 508 habet,
627 455 671 495 et
707 453 884 495 terendo
922 453 1016 494 cibo
1055 454 1098 494 et
1134 454 1359 506 praeterea
1396 453 1553 508 spiritu
1589 462 1603 490 5

208 516 354 556 omnia
392 515 514 556 cocta
552 515 679 567 atque
718 512 912 554 confecta
942 512 988 553 in
1018 511 1231 566 reliquum
1262 525 1417 566 corpus
1450 511 1552 552 divi-

138 573 194 616 55
209 574 376 615 dantur.
438 571 489 613 In
520 572 798 628 pulmonibus
831 573 976 612 autem
1007 571 1120 612 inest
1152 570 1309 611 raritas
1344 571 1554 625 quaedam

208 635 252 673 et
289 631 500 673 adsimilis
540 630 733 686 spongiis
772 629 998 671 mollitudo
1030 630 1083 670 ad
1114 629 1400 670 hauriendum
1432 629 1554 684 spiri-

208 693 302 732 tum
346 690 589 746 aptissima,
634 690 706 744 qui
750 691 845 730 tum
885 703 930 730 se
970 688 1230 730 contrahunt
1271 688 1555 743 adspirantes,

208 753 301 792 tum
332 749 378 791 in
408 750 623 804 respiratu
656 748 850 801 dilatant,
882 749 931 789 ut
955 747 1203 802 frequenter
1229 747 1409 789 ducatur
1434 747 1553 789 cibus
1575 758 1608 783 10

142 818 206 850 137
229 809 447 862 animalis,
486 822 570 862 quo
609 807 794 849 maxime
834 807 1008 848 aluntur
1041 806 1292 847 animantes.
1352 806 1418 847 Ex
1449 806 1555 848 inte—

211 867 334 910 stinis
374 870 518 909 autem
563 869 753 908 secretus
797 881 822 907 a
864 865 1031 919 reliquo
1075 864 1169 906 cibo
1209 879 1333 907 sucus
1370 865 1426 919 is,
1471 879 1554 918 quo

211 928 382 981 alimur,
421 928 648 982 permanat
686 925 739 967 ad
776 925 891 966 iecur
922 938 998 979 per
1030 923 1236 978 quasdam
1268 938 1294 965 a
1324 923 1463 965 medio
1494 924 1556 965 in-

209 986 370 1028 testino
402 999 538 1040 usque
570 985 623 1026 ad
653 986 802 1040 portas
834 983 986 1025 iecoris
1020 981 1099 1038 (sic
1125 982 1238 1024 enim
1265 981 1555 1038 appellantur)

211 1045 361 1087 ductas
394 1046 438 1086 et
468 1045 660 1086 derectas
693 1043 797 1097 vias,
830 1057 938 1098 quae
969 1042 1188 1098 pertinent
1214 1041 1267 1082 ad
1292 1042 1408 1083 iecur
1433 1041 1556 1096 eique
1576 1050 1609 1077 15

212 1104 457 1146 adhaerent.
526 1103 670 1158 Atque
714 1102 811 1144 inde
856 1101 965 1143 aliae
1007 1101 1091 1142 alio
1133 1100 1399 1155 pertinentes
1444 1102 1557 1154 srmt,

212 1178 289 1218 per
327 1177 433 1218 quas
472 1162 586 1204 cadit
623 1162 743 1203 cibus
785 1176 810 1202 a
840 1160 979 1202 iecore
1012 1159 1217 1215 dilapsus.
1278 1159 1347 1202 Ab
1380 1174 1429 1202 eo
1461 1159 1557 1202 cibo

213 1237 309 1264 cum
343 1224 409 1263 est
436 1223 599 1263 secreta
623 1220 724 1262 bilis
751 1221 874 1274 eique
899 1233 1083 1273 umores,
1117 1218 1189 1273 qui
1215 1233 1236 1260 e
1262 1219 1435 1260 renibus
1461 1233 1557 1274 pro-

212 1281 462 1334 funduntur,
477 1280 643 1334 reliqua
658 1294 702 1321 se
716 1279 761 1320 in
777 1278 1030 1334 sanguinem
1045 1280 1219 1319 vertunt
1233 1277 1286 1319 ad
1301 1277 1556 1332 easdemque

213 1342 363 1395 portas
394 1339 546 1381 iecoris
579 1339 810 1392 confluunt,
842 1338 896 1379 ad
922 1352 1027 1392 quas
1055 1350 1203 1378 omnes
1229 1337 1319 1378 eius
1344 1337 1440 1378 viae
1466 1351 1557 1392 per·
1577 1348 1611 1373 20

213 1399 373 1453 tinent3
404 1413 481 1454 per
513 1412 618 1453 quas
650 1398 797 1452 lapsus
829 1397 949 1438 cibus
975 1396 1021 1437 in
1045 1395 1127 1437 hoc
1152 1396 1247 1450 ipso
1274 1396 1367 1438 1000
1393 1396 1438 1437 in
1464 1410 1559 1437 eam

214 1473 379 1512 venam,
412 1472 520 1512 quae
552 1471 657 1498 cava
689 1456 943 1511 appellatur,
976 1454 1252 1496 confunditur
1276 1469 1437 1510 perque
1463 1469 1559 1496 eam

215 1517 269 1559 ad
309 1531 382 1559 cor
423 1516 641 1558 confectus
668 1515 766 1561 ‚iam
804 1517 1032 1568 coctusque
1070 1513 1327 1568 perlabitur,
1371 1528 1397 1556 a
1433 1513 1558 1556 corde

216 1578 360 1618 autem
398 1575 443 1616 in
482 1577 624 1616 totum
656 1588 810 1629 corpus
843 1572 1115 1614 distribuitur
1144 1587 1222 1628 per
1251 1587 1383 1614 venas
1416 1572 1559 1614 admo-

217 1635 317 1676 dum
367 1634 527 1676 multas
576 1634 621 1675 in
665 1647 812 1675 omnes
856 1635 1003 1688 partes
1047 1631 1238 1686 corporis
1282 1632 1557 1686 pertinentes.
1578 1642 1612 1668 25

151 1701 213 1734 138
236 1693 370 1743 Quem
415 1694 467 1735 ad
512 1693 686 1735 modum
731 1694 876 1734 autem
918 1691 1123 1745 reliquiae
1168 1690 1251 1732 cibi
1289 1691 1559 1745 depellantur

216 1756 309 1795 tum
359 1752 700 1808 astringentibus
746 1766 790 1792 se
833 1750 1068 1804 intestinis,
1117 1752 1210 1791 tum
1253 1749 1560 1804 relaxantibus,

216 1812 331 1854 haud
372 1826 473 1853 sane
515 1811 688 1853 difficile
728 1810 844 1852 dictu
883 1812 965 1863 est,
1006 1809 1079 1850 sed
1110 1811 1255 1850 tamen
1288 1811 1560 1863 praetereun-

218 1872 319 1913 dum
360 1874 442 1925 est,
482 1885 535 1912 ne
574 1870 674 1925 quid
712 1870 872 1911 habeat
911 1867 1233 1910 iniucunditatis
1266 1867 1417 1909 oratio.
1477 1866 1560 1908 Illa

218 1930 362 1986 potius
408 1930 641 1984 explicetur
683 1928 946 1971 incredibilis
989 1927 1155 1968 fabrica
1196 1928 1394 1968 naturae:
1444 1925 1558 1968 Nam
1579 1937 1612 1964 30

221 2004 327 2045 quae
367 1989 523 2044 spiritu
559 1989 606 2030 in
643 1989 865 2043 pulmones
905 1987 1048 2028 anima
1078 1985 1263 2040 ducitur,
1302 2000 1352 2027 ea
1384 1985 1559 2027 calescit

218 2049 406 2105 primum
437 2048 531 2103 ipso
559 2048 612 2089 ab
641 2047 806 2102 spiritu,
838 2046 987 2088 deinde
1013 2044 1267 2100 contagione
1292 2045 1559 2099 pulmonum,

220 2123 269 2149 ex
314 2122 447 2162 eaque
491 2121 591 2162 pars
635 2106 826 2147 redditur
868 2104 1137 2160 respirando,
1181 2118 1281 2159 pars
1323 2104 1560 2158 concipitur

220 2167 358 2209 cordis
391 2168 514 2221 parte
547 2166 742 2220 quadam,
775 2179 900 2219 quem
932 2163 1217 2206 ventriculum
1249 2162 1388 2204 cordis
1418 2163 1560 2218 appel-

219 2227 323 2280 lant,
355 2225 422 2267 cui
455 2224 605 2266 similis
640 2225 750 2266 alter
783 2223 1007 2265 adiunctus
1040 2224 1117 2276 est,
1148 2222 1193 2263 in
1226 2236 1352 2277 quem
1384 2221 1557 2277 sanguis
1578 2230 1611 2257 35

221 2301 246 2327 a
276 2285 414 2327 iecore
447 2299 522 2338 per
553 2298 706 2325 venam
737 2283 857 2324 illam
883 2296 1032 2324 cavam
1057 2280 1210 2322 influit.
1259 2280 1408 2335 quue
1434 2280 1560 2322 modo

221 2359 271 2386 ex
302 2343 370 2385 his
401 2342 599 2398 partibus
632 2344 675 2383 et
708 2341 880 2394 sanguis
911 2355 988 2396 per
1018 2354 1149 2381 venas
1179 2339 1225 2381 in
1256 2353 1381 2381 omne
1406 2353 1559 2393 corpus
