1685 2568
173 1188 217 1219 27

179 1657 222 1688 28

178 2150 221 2180 )9

237 85 293 126 56
648 82 711 117 DE
738 82 938 117 NATURA
963 81 1167 116 DEORUM

239 180 379 223 doceri
403 180 542 235 possit
568 179 722 233 omnia,
749 193 857 233 quae
881 181 998 220 terra
1016 178 1229 233 concipiat
1248 179 1422 234 semina,
1448 195 1572 234 quae-

240 254 321 294 que
352 239 447 294 ipsa
479 254 529 280 ex
561 253 605 280 se
638 240 843 293 generata
874 238 1080 292 stirpibus
1112 237 1244 279 infixa
1269 239 1496 293 contineat,
1523 254 1573 280 ea

239 297 549 353 temperatione
601 297 755 338 caloris
799 299 842 337 et
886 296 989 337 oriri
1032 299 1075 337 et
1119 310 1355 351 augescere.
1428 298 1572 352 Atque

240 371 376 412 aquae
426 356 556 397 etiam
606 355 843 396 admixtum
892 369 984 395 esse
1025 355 1211 396 calorem
1253 356 1439 410 primum
1482 357 1573 411 ipse

239 416 382 470 liquor
414 429 548 468 aquae
581 413 772 454 declarat
803 415 845 453 et
875 412 999 466 fusio,
1032 428 1139 467 quae
1170 428 1306 468 neque
1338 414 1573 470 conglacia-
1610 430 1627 455 5

239 478 305 516 ret
334 473 571 529 frigoribus
602 486 739 526 neque
769 471 866 512 nive
898 472 1134 526 pruinaque
1159 476 1461 526 concresceret,
1490 474 1575 514 nisi

241 533 388 574 eadem
419 545 464 573 se
496 530 685 572 admixto
719 530 859 571 calore
890 530 1123 584 liquefacta
1155 534 1197 571 et
1229 531 1396 586 dilapsa
1427 532 1576 573 diffun-

241 592 371 633 deret.
437 589 590 644 Itaque
634 592 676 630 et
720 588 992 643 aquilonibus
1036 590 1297 644 reliquisque
1340 589 1574 645 frigoribus

242 649 471 692 adstrictus
517 648 703 689 durescit
739 661 880 701 umor,
924 650 966 688 et
1003 647 1115 689 idem
1152 648 1341 689 vicissim
1380 649 1576 696 mollitur

241 708 480 763 tepefactus
513 710 556 748 et
587 706 771 748 tabescit
799 705 952 747 calore.
1002 707 1145 760 Atque
1172 707 1302 748 etiam
1328 708 1464 748 maria
1489 709 1576 763 agi-
1596 724 1629 748 ic

242 771 335 809 tata
366 767 505 808 ventis
537 766 600 806 ita
630 767 870 819 tepescunt,
902 767 950 805 ut
980 765 1177 820 intellegi
1207 766 1332 807 facile
1363 766 1502 821 possit
1533 767 1578 808 in

242 826 377 868 tantis
427 825 515 866 illis
560 824 782 865 umoribus
827 837 919 864 esse
962 823 1174 865 inclusum
1219 825 1414 866 calorem.
1488 824 1578 867 Nec

244 885 357 927 enim
387 884 462 925 ille
495 885 695 924 externus
729 885 772 924 et
804 882 1067 923 adventicius
1100 882 1319 924 habendus
1353 886 1418 924 est
1443 887 1578 938 tepor,

244 943 317 985 sed
361 958 411 984 ex
453 942 618 983 intimis
662 941 793 982 maris
837 941 1033 995 partibus
1079 941 1316 996 agitatione
1357 943 1578 996 excitatus,

244 1002 357 1057 quod
386 1001 549 1043 nostris
581 1014 749 1054 quoque
780 1000 1031 1054 corporibus
1063 1000 1294 1056 contingit,
1332 1015 1427 1042 cum
1459 1004 1580 1042 motu
1600 1015 1631 1041 15

243 1065 371 1112 atque
417 1059 720 1101 exercitatione
758 1058 1034 1100 recalescunt.
1095 1058 1194 1113 Ipse
1232 1073 1333 1101 vero
1373 1064 1462 1113 a'er,
1507 1061 1580 1114 qui

243 1122 400 1162 natura
431 1121 497 1160 est
528 1118 711 1159 maxime
743 1116 946 1172 frigidus,
984 1117 1159 1159 minime
1192 1120 1257 1159 est
1290 1133 1438 1173 expers
1471 1120 1580 1160 calo-

244 1179 322 1232 ris3
365 1178 440 1218 ille
476 1191 578 1218 vero
618 1179 660 1218 et
697 1177 833 1217 multo
872 1176 1042 1229 quidem
1079 1177 1220 1218 calore
1252 1177 1464 1218 admixtus
1498 1181 1581 1232 est3

243 1238 335 1292 ipse
363 1236 476 1277 enim
502 1235 639 1277 oritur
665 1250 715 1276 ex
739 1234 1022 1289 respiratione
1046 1250 1270 1289 aquarum3
1296 1250 1441 1277 earum
1468 1237 1580 1277 enim

246 1296 369 1350 quasi
418 1309 553 1349 vapor
603 1294 775 1348 quidam
829 1297 901 1335 ae'r
949 1293 1170 1335 habendus
1216 1297 1298 1348 est3
1355 1295 1392 1335 is
1438 1298 1581 1336 autem
1601 1309 1635 1334 20

245 1354 393 1396 existit
423 1356 545 1394 motu
577 1353 665 1394 eius
698 1352 866 1406 caloris7
897 1352 969 1406 qui
995 1353 1116 1421 aquis
1144 1328 1395 1394 continetur.
1446 1352 1582 1402 Quam

245 1412 572 1456 similitudinem
616 1426 786 1453 cernere
829 1414 1057 1466 possumus
1101 1412 1145 1452 in
1187 1412 1239 1453 iis
1285 1412 1423 1466 aquis,
1474 1427 1582 1466 quae

246 1472 538 1514 ecfervescunt
565 1470 748 1512 subditis
774 1469 960 1525 ignibus.
1008 1469 1101 1511 Iam
1121 1485 1221 1511 vero
1241 1471 1407 1525 reliqua
1428 1474 1583 1526 quarta

247 1545 347 1586 pars
380 1529 539 1583 mundi,
571 1543 621 1570 ea
652 1531 695 1570 et
725 1529 821 1584 ipsa
851 1531 947 1570 tota
976 1532 1133 1570 natura
1163 1528 1326 1571 fervida
1359 1533 1423 1571 est
1449 1533 1492 1571 et
1520 1545 1582 1572 ce·

245 1590 349 1631 teris
391 1588 557 1630 naturis
601 1587 800 1629 omnibus
838 1587 1072 1628 salutarem
1109 1588 1286 1642 inpertit
1325 1591 1367 1630 et
1404 1589 1582 1630 vitalem
1602 1601 1634 1627 25

249 1649 446 1690 calorem.
496 1647 562 1688 Ex
595 1661 678 1701 quo
711 1646 989 1701 concluditur,
1021 1661 1116 1688 611111
1146 1661 1292 1688 01111163
1318 1648 1464 1689 1111111(11
1490 1663 1584 1702 par-

245 1710 311 1748 tes
351 1706 645 1748 sustineantur
682 1706 841 1759 calore,
880 1705 1084 1746 mundum
1117 1706 1248 1747 etiam
1279 1706 1420 1760 ipsum
1452 1707 1585 1747 simili

245 1766 423 1830 parique
465 1767 623 1806 natura
662 1765 707 1805 in
743 1766 868 1806 tanta
906 1764 1188 1805 diuturnitate
1227 1765 1405 1819 servari,
1450 1779 1583 1819 eoque

246 1825 398 1879 magis,
426 1823 539 1878 quod
565 1823 763 1878 intellegi
783 1823 909 1864 debet
929 1823 1113 1864 calidum
1133 1823 1241 1863 illud
1261 1824 1419 1877 atque'
1408 1838 1583 1878 igneum

246 1883 309 1924 ita
346 1883 391 1923 in
429 1882 546 1923 omni
581 1859 744 1923 fusumO
764 1896 855 1923 esse
891 1884 1064 1935 natura,
1102 1884 1149 1922 ut
1180 1881 1225 1922 in
1269 1896 1316 1923 eo
1354 1882 1459 1923 insit
1490 1897 1584 1937 pro-
1603 1895 1635 1919 30
1672 1846 1679 1944 l

248 1941 419 1983 creandi
443 1941 508 1982 vis
536 1943 579 1982 et
604 1955 733 1982 causa
759 1941 974 1995 gignendi,
1006 1955 1031 1981 a
1057 1955 1139 1994 quo
1168 1943 1210 1981 et
1236 1941 1473 1982 animantia
1499 1956 1585 1982 om-

246 2000 319 2041 nia
351 2003 393 2040 et
426 2014 492 2053 ea,
531 2014 712 2054 quorum
744 1975 900 2053 stiipes
931 2002 1047 2040 terra
1078 1999 1361 2054 continentur,
1394 2002 1436 2041 et
1467 2000 1585 2041 nasci

250 2059 307 2100 sit
338 2073 510 2100 necesse
543 2061 585 2099 et
618 2072 855 2111 augescere.

180 2099 232 2138 11
278 2121 309 2157 C
337 2116 507 2158 Natura
539 2119 604 2157 est
629 2117 776 2172 igitur⁷
809 2131 916 2170 quae
943 2116 1161 2157 contineat
1186 2117 1390 2158 mundum
1416 2132 1585 2159 omnem

1672 1958 1674 1976 l

1672 2023 1673 2043 1

1672 2047 1673 2066 l

250 2190 429 2230 eumque
467 2178 666 2229 tueatur,
696 2177 738 2216 et
776 2189 825 2216 ea
860 2175 1029 2229 quidem
1060 2190 1146 2216 non
1179 2176 1267 2217 sine
1301 2190 1426 2216 sensu
1458 2179 1584 2230 atque
1603 2186 1636 2212 35
1671 2174 1674 2214 Ι

250 2235 434 2288 ratione3
474 2248 643 2276 omnem
676 2233 787 2274 enim
818 2236 1017 2274 naturam
1049 2248 1221 2275 11666336
1254 2237 1329 2288 est,
1363 2249 1468 2288 quae
1500 2249 1587 2276 non

252 2293 448 2335 solitaria
479 2293 536 2333 sit
566 2307 702 2346 neque
735 2292 928 2347 simplex,
962 2293 1033 2333 sed
1059 2308 1154 2334 cum
1179 2293 1264 2334 alio
1291 2293 1433 2334 iuncta
1460 2296 1588 2348 atque
