1685 2568
437 99 524 136 LIB.
552 100 613 134 1V.
641 98 740 134 CAP.
770 103 868 133 1-5.
895 102 915 140 ξ
943 103 1042 133 1—5.
1328 99 1415 140 355

163 195 227 238 M.
256 196 296 236 T
292 195 417 237 ullius
446 196 493 236 de
521 208 565 236 re
587 194 699 247 publ.
733 193 798 235 lib.
823 193 914 234 IV:
945 207 1032 234 non
1064 193 1191 235 modo
1216 195 1266 235 ut
1291 192 1412 248 Spar-

74 257 158 308 tae,
184 268 334 308 rapere
361 254 435 295 ubi
460 253 582 308 pueri
608 256 650 293 et
676 252 841 307 clepere
868 251 1046 293 discunt.
1078 251 1415 305 (NonpAEOA.)

163 312 229 354 Dc
254 312 510 354 Cretensibus
540 312 776 364 accepimus,
807 311 913 363 quod
941 311 986 351 in
1017 323 1175 351 amores
1190 323 1415 363 puerorum

73 373 385 424 intemperantes
411 370 585 422 fuerint,
622 370 728 422 quod
748 372 890 422 postea
920 370 966 410 in
996 369 1185 410 Laconas
1215 371 1252 410 et
1281 369 1327 409 in
1358 371 1413 409 to-

39 442 57 469 ⁵
77 434 161 471 tam
188 429 405 472 Graeciam
436 428 683 470 translatum
713 431 781 478 est,
812 428 910 469 adeo
940 430 987 468 nt
1016 431 1053 468 et
1078 426 1212 469 Cicero
1236 427 1348 468 dicat
1369 427 1415 467 in

76 489 191 530 libris
221 489 269 530 de
296 502 340 529 re
363 488 530 541 publiea
562 486 793 542 opprobrio
823 485 957 528 fuisse
984 485 1346 538 adulescentibus,
1379 485 1415 526 si

75 549 290 589 amatores
315 560 402 587 non
427 545 647 587 haberent.
684 545 873 599 (Servius
897 546 953 586 ad
979 545 1090 598 Very.
1111 545 1212 585 Aen.
1237 544 1283 586 X
1299 544 1415 598 325.)

173 639 180 646 .
202 639 210 646 .
231 639 239 646 .
261 604 433 646 .nudari
456 604 673 659 puberem.
722 603 791 645 Ita
818 607 917 645 sunt
943 604 1030 645 alte
1056 603 1241 659 repetita
1272 604 1324 655 [p.
1349 614 1413 643 113

76 663 199 718 quasi
228 663 511 704 fundamenta
559 663 767 717 quaedam
817 662 1105 704 verecundiae.
1172 660 1415 702 Iuventutis

25 735 56 760 ιο
74 736 175 764 vero
219 722 467 763 exercitatio
511 736 639 776 quam
680 721 866 762 absurda
902 721 948 762 in
987 720 1241 777 gymnasiis!
1286 735 1416 775 quam

75 780 182 822 levis
215 780 478 836 epheborum
508 780 586 821 illa
616 780 792 821 militia!
825 795 954 834 quam
987 779 1347 822 contrectationes
1374 781 1417 820 et

75 854 241 882 amores
280 839 412 881 soluti
448 841 491 881 et
529 839 670 881 liberi!
713 839 840 880 mitto
873 838 986 893 apud
1015 838 1145 880 Eleos
1178 841 1220 879 et
1252 837 1416 879 Theba-

73 913 170 952 nOS,
221 898 334 953 apud
378 912 484 953 quos
525 898 570 939 in
609 912 751 939 amore
789 898 1072 953 ingenuorum
1111 897 1246 938 libido
1285 897 1416 938 etiam

74 957 329 1012 permissam
361 957 494 998 habet
525 959 568 998 et
599 957 788 998 solutam
819 956 1058 1010 licentiam3
1089 955 1415 998 Lacedaemonii

24 1029 56 1054 ιε,
74 1016 170 1071 ipsi,
203 1031 299 1058 cum
327 1016 330 1070 Ι
360 1016 504 1058 omnia
536 1015 771 1058 concedunt
801 1015 846 1056 in
872 1030 1016 1056 amore
1042 1015 1242 1056 iuvenum
1271 1016 1325 1067 [p.
1350 1025 1417 1055 114

75 1077 246 1130 praeter
274 1077 483 1130 stuprum,
509 1075 628 1116 tenui
653 1089 754 1115 sane
782 1088 903 1115 muro
930 1074 1197 1128 dissaepiunt
1222 1073 1277 1127 id,
1304 1073 1418 1128 quod

76 1134 310 1188 excipiunt3
353 1134 583 1188 conplexus
628 1133 740 1174 enim
784 1133 1120 1187 concubitusque
1159 1133 1417 1187 permittunt

75 1193 221 1247 palliis
266 1192 517 1234 interiectis.
572 1191 654 1233 Hic
693 1191 883 1233 Laelius:
926 1191 1152 1233 Praeclare
1195 1191 1416 1246 intellego,

77 1250 236 1306 Scipio,
274 1253 317 1292 te
353 1251 399 1291 in
430 1251 483 1292 iis
516 1249 718 1292 Graeciae
752 1250 1008 1305 disciplinis,
1046 1264 1152 1304 quas
1184 1250 1417 1304 reprendis,

0 1318 56 1346 ³20
76 1325 171 1351 cum
197 1309 369 1366 populis
394 1310 675 1351 nobilissimis
701 1310 831 1350 malle
859 1324 987 1363 quam
1014 1323 1108 1350 cum
1138 1311 1213 1350 tuo
1234 1308 1416 1350 Platone

75 1368 240 1422 luctari,
273 1383 400 1423 quem
423 1383 477 1410 ne
503 1368 684 1423 attingis
712 1368 893 1423 quidem,
918 1367 1175 1423 praesertim
1201 1382 1316 1409 cum.
1338 1401 1346 1409 .
1368 1401 1376 1409 .
1397 1401 1405 1409 .

163 1427 338 1469 Plato..
351 1428 450 1480 quia
468 1428 586 1470 deum
603 1429 817 1481 iynoravit,
837 1428 883 1468 in
902 1427 1042 1468 multis
1061 1428 1121 1468 ita
1135 1427 1272 1480 lapsus
1285 1430 1352 1476 est,
1370 1429 1417 1467 ut
1441 1408 1469 1490 ἓ

73 1500 188 1528 nemo
219 1487 392 1528 deterius
416 1487 621 1537 erraverit,
653 1487 697 1527 in
714 1487 867 1538 primis
891 1487 998 1539 quod
1019 1487 1066 1527 in
1092 1485 1206 1527 libris
1230 1485 1415 1527 civilibus

76 1547 216 1586 onmia
234 1545 419 1587 omnibus
436 1546 565 1587 voluit
581 1558 661 1587 esse
679 1546 921 1586 communia.
962 1544 1027 1586 De
1037 1545 1306 1597 patrimoniis
1325 1544 1416 1586 tole·

0 1611 8 1637 ⁵
74 1604 204 1645 rabile
228 1607 294 1652 est,
321 1605 409 1645 licet
435 1605 489 1645 sit
511 1605 732 1654 iniustztm‚·
763 1617 833 1645 nee
857 1605 965 1645 enim
989 1607 1064 1644 aut
1081 1603 1209 1645 obesse
1227 1604 1417 1656 cuiquam

75 1663 194 1713 debet,
213 1663 250 1704 si
268 1676 345 1704 sua
363 1664 569 1704 industria
580 1663 678 1716 plus
696 1662 821 1714 habet,
845 1666 919 1704 aut
928 1663 1128 1716 prodesse,
1147 1663 1185 1704 si
1204 1676 1281 1704 sna
1299 1663 1418 1715 culpa

75 1723 233 1770 minus,·
257 1722 337 1771 sed,
355 1725 401 1762 ut
418 1722 519 1772 dixi,
532 1725 662 1774 potest
680 1722 817 1774 aliquo
838 1722 952 1763 modo
969 1722 1082 1774 ferri.
1113 1721 1310 1762 Etiamne
1327 1735 1417 1763 con-

75 1781 196 1834 iuyae,
222 1781 394 1822 etiamne
419 1780 534 1822 liberi
557 1794 784 1822 communes
803 1780 951 1822 erunt?
990 1780 1087 1821 Non
1106 1781 1184 1821 erit
1202 1780 1418 1833 sanguinis

75 1839 163 1881 ulla
181 1840 385 1881 distinctio
402 1852 473 1880 nec
487 1852 614 1892 yenas
632 1843 781 1880 certum
799 1853 870 1880 nec
880 1839 1068 1891 familiae
1081 1853 1150 1880 nec
1163 1840 1417 1892 coynationes

0 1906 12 1932 1
41 1909 58 1934 0
74 1911 144 1940 nec
174 1899 418 1951 adfinitates,
449 1898 520 1951 sed
547 1898 651 1939 sicat
678 1899 723 1939 in
750 1899 936 1951 yreyibns
959 1899 1160 1951 pecudum
1185 1898 1355 1950 confusa
1379 1901 1417 1939 et

75 1957 295 1998 indiscreta
332 1957 488 2009 omnia,
525 1957 643 1998 nulla
681 1958 758 1998 erit
786 1958 831 1998 in
861 1958 963 1998 viris
993 1957 1259 2007 continentia,
1296 1957 1416 1998 nulla

75 2017 122 2057 in
155 2016 320 2068 feminis
349 2016 565 2069 pudicitia.
629 2015 729 2068 Quis
765 2029 846 2058 esse
881 2016 927 2057 in
962 2017 1143 2068 utrisque
1181 2029 1297 2057 amor
1327 2029 1416 2057 con·

75 2075 226 2128 iuyalis
247 2078 390 2128 potest,
420 2076 466 2116 in
496 2074 640 2127 quibus
669 2088 753 2116 non
782 2078 840 2116 est
872 2078 1000 2116 certas
1030 2078 1105 2116 aut
1119 2075 1319 2128 proprius
1343 2076 1414 2116 ad·-

74 2133 232 2186 fectas?
268 2134 360 2186 quis
389 2135 467 2175 erit
494 2135 541 2174 in
563 2136 726 2186 patrem
748 2134 848 2186 pius
880 2135 1090 2187 iynorans,
1120 2135 1229 2175 wide
1258 2135 1313 2175 sit
1342 2147 1415 2174 na-

45 2202 56 2209 ·
77 2192 172 2234 tus?
214 2193 306 2245 quis
342 2192 477 2245 filium
514 2192 666 2245 diliyet,
703 2205 818 2244 quem
846 2193 1012 2245 putabit
1041 2192 1256 2234 alienum?
1309 2192 1418 2243 Quin

77 2252 200 2292 etiam
228 2251 395 2303 feminis
426 2252 584 2292 curiam
614 2251 822 2301 reseravit,
863 2252 1056 2292 militiam
1086 2254 1124 2292 et
1152 2252 1418 2304 magistratus

1 2317 16 2345 ὲ
76 2313 114 2351 et
141 2311 317 2364 imperia
340 2311 541 2363 permisit.
600 2309 765 2361 Quanta
795 2310 872 2351 erit
900 2310 1120 2362 infelicitas
1149 2310 1262 2351 urbis
1295 2309 1417 2359 illius,

1060 2377 1132 2412 23*

1440 587 1468 668 ⁸5²·ss
