1685 2568
181 313 235 353 ls)

181 365 222 394 ιο

181 637 218 666 11

178 1691 219 1721 12

250 118 334 159 358
727 117 791 151 DE
816 118 878 152 RE
904 117 1110 152 PUBLICA

338 214 472 268 Neyat
501 214 654 267 Cicero,
694 215 732 255 si
761 215 984 267 duplicetur
1012 214 1091 255 sibi
1120 217 1248 265 aetas,
1278 214 1511 258 habiturum
1540 230 1584 258 se

249 276 412 326 tempus,
443 287 519 326 quo
551 274 656 326 teglat
685 273 836 325 lyricos.
886 273 1056 325 (Seneca
1086 286 1143 326 ep.
1173 275 1241 314 49.
1272 273 1332 327 5.)

336 332 452 373 Sicut
486 333 599 384 apud
628 331 855 372 Ciceronem
886 331 1021 383 Scipio
1059 331 1258 383 loquitur:
1299 330 1406 374 Cum
1444 335 1581 374 artem

249 391 455 432 ludicram
481 403 761 443 scaenamque
786 391 924 430 totam
950 390 996 430 in
1020 390 1178 444 probro
1205 390 1416 444 ducerent,
1448 405 1581 446 genus

247 449 291 490 id
321 449 543 490 hominum
573 463 660 489 non
691 447 817 489 modo
849 448 1009 489 honore
1041 448 1197 490 civium
1228 449 1491 503 reliquorum
1517 464 1581 491 ca·
1600 463 1616 487 5

247 523 357 562 rere,
399 507 473 548 sed
515 507 645 547 etiam
682 506 801 547 tribu
837 507 1000 548 moveri
1035 507 1258 548 notatione
1290 509 1481 549 censoria
1511 522 1582 550 vo·

247 568 418 608 luerunt
449 565 683 620 (Romani).
733 565 1010 619 (Anyustinus
1039 567 1086 607 de
1115 567 1187 607 civ.
1217 567 1281 608 dei
1310 566 1371 607 II
1395 566 1482 621 13.)

338 626 447 676 Quid
486 628 620 665 autem
661 624 756 665 hinc
793 625 992 666 senserint
1027 624 1209 666 Romani
1243 628 1402 676 veteres,
1446 625 1582 668 Cicero

249 687 415 725 testatur
445 684 492 725 in
524 683 650 732 tibris,
681 696 779 735 Quos
809 684 856 724 de
884 697 928 724 re
949 683 1116 736 publica
1145 684 1315 736 scripsit,
1346 684 1416 725 ubi
1446 684 1582 738 Scipio

247 744 461 796 disputans
496 743 577 782 ait:
621 740 868 796 Numquam
908 742 1168 795 comoediae,
1204 742 1288 783 nisi
1319 743 1580 786 consuetudo
1601 756 1636 781 ιο
1683 761 1685 783 i

247 801 361 843 vitae
384 802 616 856 pateretur,
641 801 824 855 probare
845 815 922 841 sua
941 801 1122 842 theatris
1142 801 1310 856 flagitia
1328 801 1583 856 potuissent.

247 861 307 901 Et
346 860 496 901 Gracci
538 860 698 912 quidem
741 860 990 912 antiquiores
1031 861 1197 901 vitiosae
1239 874 1337 901 sitae
1379 861 1583 913 opinionis

245 920 455 972 quandam
479 919 796 959 convenientiam
820 921 1087 969 servaverant,
1112 919 1225 971 apud
1247 933 1344 972 quos
1360 920 1445 970 fnit
1461 920 1583 961 etiam

247 978 326 1031 tegle
356 990 597 1027 concessam,
634 981 698 1031 at,
735 978 842 1029 qnod
869 977 998 1030 vellet,
1029 978 1246 1031 comoedia,
1277 979 1324 1019 de
1349 991 1427 1030 qno
1457 979 1582 1030 vellet,

245 1037 490 1078 nominatim
520 1037 674 1077 diceret.
722 1035 884 1088 Itaque,
925 1036 1029 1077 sicut
1057 1037 1103 1077 in
1134 1037 1277 1078 eisdem
1310 1037 1424 1078 tibris
1456 1037 1580 1090 loqui·
1602 1050 1634 1075 15

246 1099 313 1136 tnr
343 1096 583 1147 Africanas,
616 1109 741 1149 quem
772 1095 849 1136 illa
878 1109 965 1136 non
997 1094 1153 1150 adtigit
1184 1095 1251 1136 vel
1281 1095 1425 1149 potius
1456 1110 1583 1150 quem

245 1168 331 1195 non
363 1154 563 1195 vexavit?
602 1153 669 1195 cui
699 1153 918 1208 pepercit?
968 1153 1094 1207 Esto,
1125 1154 1354 1208 populares
1386 1154 1581 1196 homines

246 1213 462 1267 inprobos,
494 1213 538 1253 in
563 1227 608 1253 re
633 1212 807 1267 publica
833 1212 1070 1266 seditiosos,
1103 1211 1316 1267 Cleonem,
1343 1211 1582 1268 Cleophon-

245 1274 352 1325 tem,
390 1271 686 1326 Hyperbolum
725 1271 861 1312 laesit.
916 1270 1154 1325 Patiamur,
1190 1272 1340 1324 inquit,
1378 1272 1459 1312 etsi
1491 1272 1579 1313 eius

245 1330 362 1372 modi
394 1330 506 1371 cives
539 1345 564 1371 a
589 1344 763 1371 censore
792 1329 944 1371 melius
972 1332 1037 1370 est
1063 1344 1191 1384 quam
1216 1344 1242 1371 a
1266 1332 1394 1384 poe'ta
1418 1331 1580 1385 notari3
1600 1344 1634 1369 20
1683 1360 1685 1388 3

245 1389 319 1430 sed
351 1388 561 1442 Periclen,
602 1403 697 1430 cum
734 1388 821 1430 iam
854 1403 954 1430 suae
986 1389 1151 1430 civitati
1183 1389 1369 1430 maxima
1401 1389 1581 1431 auctori·

245 1450 336 1489 tate
368 1448 577 1502 plurimos
611 1461 745 1488 annos
778 1447 892 1489 domi
923 1449 966 1488 et
997 1448 1101 1488 belli
1125 1447 1394 1502 praefuisset,
1425 1448 1581 1489 violari

244 1506 452 1559 versibus,
485 1509 527 1547 et
559 1520 631 1547 eos
664 1506 736 1561 agi
766 1506 810 1546 in
843 1521 994 1548 scaena
1024 1521 1111 1547 non
1143 1506 1241 1560 plus
1268 1506 1418 1560 decuit,
1452 1521 1580 1560 quam

246 1566 283 1606 si
307 1565 501 1619 Plautus,
532 1566 676 1617 inquit,
706 1567 854 1606 noster
878 1565 1087 1606 voluisset
1112 1566 1186 1606 aut
1210 1564 1398 1606 Naevius
1423 1564 1578 1608 Publio

246 1626 289 1665 et
327 1623 473 1665 Gnaeo
512 1623 700 1678 Scipioni
738 1626 811 1665 aut
849 1622 1059 1665 Caecilius
1097 1623 1242 1665 Marco
1276 1623 1430 1665 Catoni
1467 1624 1579 1666 male
1598 1638 1632 1663 25

247 1683 396 1724 dicere.
446 1683 605 1724 Deinde
621 1683 750 1736 panto
766 1686 881 1736 post:
913 1682 1111 1736 Nostrae,
1135 1683 1280 1746 inquit,
1305 1685 1454 1724 contra
1480 1683 1579 1725 duo-

246 1742 382 1783 decim
425 1742 600 1783 tabulae
640 1756 734 1782 cum
771 1755 1006 1796 perpaucas
1043 1755 1111 1782 res
1150 1741 1288 1796 capite
1326 1741 1579 1797 sanxissent,

245 1801 289 1841 in
328 1801 395 1841 his
434 1801 544 1842 hanc
582 1814 749 1854 quoque
787 1800 1059 1841 sanciendam
1096 1802 1374 1854 putaverunt,
1415 1801 1452 1841 si
1483 1800 1577 1855 quis

245 1859 556 1901 occentavisset
588 1859 676 1900 sive
708 1873 878 1900 carmen
909 1858 1179 1913 condidisset,
1211 1859 1324 1913 quod
1354 1858 1577 1901 infamiam

243 1918 404 1959 faceret
446 1918 718 1973 flagitiumve·
757 1917 893 1958 alteri.
959 1917 1204 1971 Praeclare,
1252 1917 1419 1959 iudiciis
1464 1918 1576 1960 enim
1595 1930 1631 1955 30

244 1976 595 2031 magistratuum,
640 1976 1021 2030 disceptationibus
1065 1976 1272 2031 legitimis
1310 1976 1577 2031 propositam

243 2035 397 2089 vitam,
440 2049 526 2076 non
562 2037 787 2089 poetarum
825 2035 1026 2090 ingeniis,
1066 2035 1223 2076 habere
1262 2035 1463 2076 debemus
1499 2050 1577 2078 nec

242 2095 448 2149 probrum
486 2094 630 2135 audire
667 2093 751 2135 nisi
782 2108 831 2134 ea
862 2094 973 2149 lege,
1010 2095 1058 2134 ut
1089 2093 1344 2149 respondere
1377 2094 1502 2135 liceat
1534 2097 1577 2136 et

243 2153 397 2195 iudicio
430 2152 665 2194 defendere.
723 2153 840 2194 Haec
868 2167 916 2194 ccc
946 2152 1149 2195 Ciceronis
1179 2156 1323 2205 quarto
1353 2154 1401 2194 de
1429 2167 1474 2194 re
1494 2167 1575 2206 pa-

241 2213 347 2253 blica
390 2212 490 2253 libro
532 2213 589 2253 ad
628 2212 790 2252 verbam
833 2212 1076 2264 excerpenda
1111 2212 1335 2253 arbitratus
1368 2224 1459 2252 sum
1493 2225 1576 2253 non
1594 2222 1630 2248 35

240 2271 368 2312 nullis
390 2273 557 2323 propter
584 2271 811 2322 faciliorem
841 2271 1082 2311 intellectam
1111 2270 1170 2311 vet
1192 2271 1493 2323 praetermissis
1517 2271 1576 2312 vel

234 2329 456 2382 paulutum
492 2330 763 2371 commutatis.
784 2361 793 2370 .
813 2361 823 2370 .
842 2361 852 2369 .
904 2329 1020 2370 Dicit
1048 2329 1189 2370 deinde
1217 2329 1305 2370 alia
1334 2332 1372 2370 ct
1399 2329 1457 2371 sic
1487 2342 1576 2370 con-
