1685 2568
170 420 213 451 27

240 80 327 122 284
722 79 786 114 DE
811 79 876 114 RE
899 78 1107 114 PUBLICA

241 176 299 217 sit
329 179 458 231 terra,
489 176 676 230 primum
701 175 911 229 universa,
944 175 1093 216 deinde
1119 189 1170 216 ea
1193 189 1294 229 pars
1320 175 1422 230 eius,
1452 190 1581 230 quam

240 234 435 276 homines
476 235 685 288 incolant,
723 248 935 288 quamque
965 248 1044 274 nos
1075 234 1121 273 in
1152 233 1306 289 exigua
1337 234 1426 275 eius
1457 236 1581 288 parte

241 293 370 336 adfixi
407 293 605 349 plurimis
644 292 908 348 ignotissimi
945 291 1146 346 gentibus
1185 305 1404 346 speremus
1435 294 1582 333 tamen

240 371 276 404 p.
306 354 388 404 122]
421 354 619 393 nostrum
650 365 806 392 nomen
838 350 1022 391 volitare
1055 352 1098 390 et
1129 349 1281 405 vagari
1307 350 1313 405 Ι
1340 350 1580 392 latissime?

243 412 386 466 Agros
424 425 525 452 vero
564 412 607 451 et
644 409 836 450 aedificia
874 411 917 449 et
953 408 1134 463 pecudes
1173 411 1216 449 et
1245 408 1488 450 inmensum
1519 423 1583 450 ar-

243 469 362 525 genti
393 469 560 524 pondus
593 470 721 522 atque
753 467 847 508 auri
879 466 952 520 qui
982 467 1096 508 bona
1126 481 1204 508 nec
1231 470 1384 522 putare
1408 482 1486 509 nec
1511 482 1581 522 ap-

241 528 405 583 pellare
443 528 598 581 soleat,
643 526 756 580 quod
794 540 941 566 earum
984 540 1127 566 rerum
1167 525 1363 567 videatur
1400 526 1438 567 ei
1475 526 1582 567 levis

240 587 418 640 fructus,
450 586 628 640 exiguus
654 598 770 637 usus,
801 584 990 626 incertus
1016 584 1273 638 dominatus,
1299 599 1425 639 saepe
1451 585 1583 626 etiam

242 644 570 686 deterrimorum
605 643 828 684 hominum
859 643 1054 684 inmensa
1085 643 1318 697 possessio,
1357 658 1485 697 quam
1517 645 1583 684 est

241 704 311 745 hic
347 703 594 744 fortunatus
631 702 866 756 putandus!
910 701 977 743 cui
1016 701 1099 743 soli
1135 716 1233 743 vere
1274 702 1401 744 liceat
1439 702 1583 743 omnia

240 777 328 804 non
365 760 614 815 Quiritium,
659 760 732 801 sed
776 760 1034 814 sapientium
1078 760 1169 801 iure
1207 775 1284 815 pro
1324 760 1411 802 suis
1449 760 1583 802 vindi-

240 840 276 873 p.
306 822 389 873 139]
423 819 542 876 caire,
573 833 651 860 nec
682 818 799 860 civili
829 833 950 873 nexo,
982 819 1056 860 sed
1087 819 1303 860 communi
1334 819 1430 874 lege
1460 821 1584 860 natu-

240 894 331 933 rae,
372 893 480 933 quae
517 880 638 919 vetat
667 878 803 918 ullam
835 892 926 918 rem
959 891 1050 918 esse
1083 877 1334 931 cuiusquam
1364 878 1449 919 nisi
1480 878 1583 932 eius,

242 939 314 993 qui
357 939 545 978 tractare
583 939 626 978 et
663 937 727 977 uti
766 936 891 990 sciat,
936 936 1008 990 qui
1045 936 1211 990 inperia
1249 936 1582 990 consulatusque

240 999 414 1038 nostros
452 996 497 1037 in
526 995 798 1049 necessariis,
838 1009 925 1036 non
955 995 1001 1036 in
1032 995 1279 1049 expetendis
1310 995 1455 1049 rebus,
1493 1010 1582 1036 mu-

240 1055 354 1096 neris
386 1054 594 1110 fungendi
626 1054 769 1109 gratia
794 1053 1050 1108 subeundos,
1080 1068 1167 1095 non
1192 1054 1482 1108 praemiorum
1508 1056 1583 1095 aut

242 1114 407 1169 gloriae
439 1127 569 1155 causa
600 1112 861 1167 adpetendos
893 1115 1034 1166 putet,
1067 1112 1140 1167 qui
1172 1112 1364 1166 denique,
1395 1114 1444 1154 ut
1468 1111 1576 1153 Afri-

241 1188 393 1214 canum
431 1187 559 1213 avum
597 1186 738 1212 meum
778 1171 928 1212 scribit
960 1170 1068 1212 Cato
1101 1171 1278 1212 solitum
1310 1185 1402 1212 esse
1434 1171 1582 1226 dicere,

240 1251 275 1283 p.
294 1233 376 1284 140]
404 1230 544 1286 possit
569 1230 682 1271 idem
708 1230 758 1271 de
785 1244 830 1270 se
849 1230 1108 1284 praedicare,
1132 1244 1368 1283 numquam
1390 1227 1394 1285 Ι
1418 1244 1462 1271 se
1482 1230 1580 1284 plus

241 1305 386 1346 agere,
426 1304 554 1343 quam
591 1288 700 1330 nihil
738 1303 835 1330 011111
873 1291 1039 1344 ageret,
1076 1303 1310 1342 numquam
1342 1289 1483 1329 minus
1516 1303 1581 1330 so-

173 1365 179 1372 ·
241 1350 331 1390 lum
370 1362 479 1402 esse,
519 1363 647 1402 quam
685 1361 781 1389 cum
820 1347 936 1388 solus
969 1350 1093 1388 esset.
1149 1346 1252 1395 Quis
1285 1347 1397 1388 enim
1428 1349 1582 1402 putare

241 1422 340 1450 vere
377 1409 521 1462 potest
558 1407 656 1461 plus
695 1406 834 1461 egisse
865 1405 1122 1460 Dionysium
1158 1408 1268 1459 tum,
1309 1420 1406 1447 cum
1438 1405 1582 1447 omnia

241 1466 455 1508 moliendo
489 1465 694 1520 eripuerit
725 1465 890 1506 civibus
923 1465 1010 1506 suis
1043 1465 1302 1518 libertatem,
1335 1479 1464 1519 quam
1491 1464 1580 1506 eius

240 1526 376 1567 civem
396 1524 710 1578 Archimedem,
743 1538 838 1565 cum
869 1523 1000 1565 istam
1032 1523 1173 1578 ipsam
1199 1523 1440 1578 sphaeram,
1470 1523 1579 1564 nihil

241 1599 337 1626 cum
358 1598 485 1639 agere
508 1582 735 1636 videretur,
759 1582 827 1634 [de
851 1597 935 1636 qua
957 1582 1083 1624 modo
1105 1582 1341 1634 dicebatur]
1365 1582 1580 1624 effecerit?

240 1662 275 1694 p.
299 1644 382 1695 141]
416 1642 511 1696 quis
544 1644 688 1683 autem
718 1655 807 1682 non
837 1640 988 1696 massgis
1021 1641 1138 1682 30103
1170 1655 1275 1694 esse,
1307 1640 1380 1695 qui
1410 1640 1456 1682 in
1485 1640 1580 1682 foro

240 1702 464 1755 turbaque,
497 1701 669 1755 quicum
700 1700 899 1754 conloqui
931 1700 1077 1753 libeat,
1108 1714 1195 1741 non
1220 1699 1420 1753 habeant,
1452 1714 1581 1753 quam

241 1761 314 1815 qui
349 1760 470 1801 nullo
504 1759 669 1800 arbitro
702 1758 770 1800 vel
803 1773 945 1800 secum
977 1759 1061 1813 ipsi
1093 1759 1326 1812 loquantur
1357 1759 1426 1799 vel
1458 1758 1582 1812 quasi

241 1818 587 1860 doctissimorum
613 1817 836 1858 hominum
861 1817 906 1858 in
932 1817 1112 1859 concilio
1133 1817 1288 1871 adsint,
1313 1831 1408 1858 cum
1434 1831 1581 1858 eorum

1603 1006 1685 1032 15]

1601 1300 1634 1325 20

1601 1593 1634 1618 25

240 1877 426 1918 inventis
468 1876 725 1931 scriptisque
763 1890 808 1917 se
845 1876 1089 1917 oblectent?
1140 1875 1243 1924 Quis
1280 1890 1381 1917 vero
1415 1875 1581 1917 divitio-
1599 1885 1633 1911 30

240 1951 329 1977 rem
358 1950 615 1990 quemquam
641 1937 765 1989 putet
791 1949 920 1988 quam
946 1949 1054 1988 eum,
1086 1935 1154 1976 cui
1177 1934 1287 1975 nihil
1314 1934 1436 1988 desit,
1469 1934 1582 1988 quod

241 1995 413 2050 quidem
442 1995 600 2035 natura
625 1994 846 2047 desideret,
878 1996 953 2034 aut
977 1993 1266 2048 potentiorem
1292 2007 1420 2047 quam
1445 1993 1581 2047 illum,

240 2072 275 2105 p.
304 2055 387 2106 142]
416 2053 489 2108 qui
515 2053 671 2106 omnia,
704 2067 812 2106 quae
838 2050 1034 2107 expe[tat,
1061 2054 1358 2106 consequatur,
1385 2054 1459 2092 aut
1484 2052 1580 2092 bea-

240 2112 416 2166 tiorem,
453 2125 583 2165 quam
616 2111 688 2165 qui
721 2111 777 2151 sit
810 2111 925 2151 omni
957 2111 1282 2166 perturbatione
1315 2110 1446 2151 animi
1478 2110 1581 2151 libe-

239 2173 378 2225 ratus,
422 2172 496 2211 aut
533 2170 722 2211 firmiore
760 2169 952 2223 fortuna,
991 2184 1119 2224 quam
1158 2169 1231 2224 qui
1268 2184 1317 2210 ea
1348 2169 1579 2223 possideat,
1598 2162 1668 2234 35,ι

240 2244 348 2284 quae
381 2243 535 2282 secum,
566 2231 615 2269 ut
647 2228 779 2282 aiunt,
811 2229 878 2269 vel
910 2242 932 2269 e
963 2227 1190 2283 naufragio
1221 2227 1361 2282 possit
1392 2227 1579 2269 ecferre?

241 2288 363 2337 Quod
396 2290 538 2328 autem
564 2286 803 2341 imperium,
837 2287 909 2341 qui
935 2287 1229 2342 magistratus,
1262 2286 1374 2340 quod
1398 2300 1578 2341 regnum
