1685 2568
263 90 353 125 LIB.
378 89 422 125 V.
456 88 554 124 CAP.
583 92 685 124 7—9.
711 91 731 130 ξ
757 91 883 129 9-11,
916 86 1005 122 LIB.
1034 87 1094 121 Vl.
1122 86 1306 123 ARGUM.
1372 87 1458 128 365

122 187 226 230 mali
268 185 408 228 facere
445 183 630 237 videtur,
674 182 748 237 qui
785 181 996 235 oratione,
1041 195 1170 235 quam
1211 181 1284 235 qui
1320 181 1458 236 pretio

122 245 303 288 iudicem
341 242 594 297 corrumpit,
632 241 745 295 quod
783 239 962 295 pecunia
999 253 1272 293 corrumpere
1304 240 1461 294 puden-

122 308 211 346 tem
247 317 371 345 nemo
410 303 573 357 potest,
611 299 785 341 dicendo
824 301 982 354 potest.
1030 297 1304 352 (Ammianus
1341 298 1462 340 ΙΙΙαν-

123 363 290 406 cellinus
321 361 458 403 XXX
485 363 524 401 4.
554 359 641 413 10.)

89 434 105 460 5
211 421 274 463 M.
315 420 477 462 Tullius
517 418 565 460 de
600 431 644 459 re
673 417 785 471 publ.
825 417 889 458 lib.
929 415 984 458 V:
1029 414 1146 464 Quae
1187 429 1282 457 curn
1321 412 1463 469 Scipio

125 479 313 533 dixisset,
346 477 574 520 admodum
605 477 793 531 probans
818 474 1069 528 Mummius3
1102 475 1195 516 erat
1227 473 1340 515 enim
1367 473 1464 515 odio

123 539 154 594 †
173 552 356 593 quorum
386 536 608 578 rhetorum
640 535 836 576 inbutus.
858 567 895 576 ..
937 534 1123 587 (Nonius
1145 547 1190 586 p.
1222 535 1315 574 521.
1347 533 1436 587 12.)

214 596 349 639 Cicero
385 596 432 638 de
466 609 510 636 re
539 594 706 648 publiea
737 594 837 635 libro
870 593 926 635 V:
963 595 1057 634 tum
1086 592 1132 633 in
1164 591 1374 645 optimam
1406 606 1467 651 {e-

127 658 269 712 getem
294 654 519 710 praeclara
545 655 688 694 essent
709 666 860 708 sparsa
881 652 1056 693 semina.
1088 649 1326 705 (Comment.
1347 664 1468 692 anon.

76 727 109 754 10
128 710 338 767 αιΐἿῘεφῃ.
381 712 523 765 Geory.
560 711 593 753 I
631 713 687 753 in.
727 712 841 766 apud
878 711 1067 753 Bandin.
1107 710 1225 752 catal.
1267 710 1336 752 lat.
1377 709 1468 752 bibl.

127 774 256 816 Laur.
287 772 349 815 II
365 786 410 826 p.
441 771 559 826 348.)
1324 773 1327 788 ³
1362 782 1373 795 ⁴>
1470 795 1473 799 «

459 985 522 1032 Μ.
563 984 776 1031 TULLII
813 982 1142 1031 CICERONIS

331 1103 391 1166 D
419 1103 474 1165 E
542 1102 603 1165 R
628 1101 682 1164 E
744 1100 798 1164 P
825 1100 887 1165 U
911 1100 966 1163 B
993 1100 1047 1163 L
1071 1100 1107 1163 I
1133 1099 1181 1163 O
1209 1100 1272 1164 A

601 1232 763 1271 LIBER
795 1231 1005 1269 SEXTUS.

571 1408 1040 1448 ARGUMENTUM.

231 1498 329 1541 Quas
349 1509 406 1534 res
427 1498 530 1534 sexto
550 1498 646 1533 libro
668 1497 883 1543 complexus
904 1496 954 1532 sit
969 1496 1108 1540 Cicero,
1129 1497 1291 1532 maxima
1311 1508 1354 1533 ex
1372 1498 1479 1543 parte

136 1548 365 1594 ignoramus,
396 1557 483 1581 nam
513 1545 714 1580 minutiora
746 1546 785 1580 et
816 1544 998 1580 dissoluta
1021 1544 1232 1590 fragmenta
1256 1555 1386 1589 parum
1411 1556 1479 1580 nos

138 1595 309 1632 edocent.
358 1593 602 1638 Quamquam,
635 1593 668 1627 si
694 1603 737 1628 ea
762 1591 957 1628 emendate
982 1603 1005 1626 a
1030 1592 1281 1637 grammaticis
1307 1592 1477 1628 adferun-

138 1644 216 1684 tur,
254 1641 401 1676 constat
437 1639 477 1675 in
507 1641 610 1675 sexto
642 1651 788 1684 quoque
818 1639 915 1674 libro
948 1640 1203 1674 continuatum
1236 1650 1317 1674 esse
1349 1640 1395 1675 de
1426 1639 1481 1675 rei

138 1688 311 1735 publicae
342 1689 485 1723 rectore
517 1698 739 1730 sermonem,
774 1686 866 1722 item
898 1686 1038 1721 dictum
1070 1687 1115 1721 de
1147 1686 1392 1721 seditionibus
1425 1698 1481 1722 re-

139 1746 292 1780 rumque
322 1735 555 1781 publicarum
586 1733 888 1770 conversionibus
921 1744 1118 1778 earumque
1146 1733 1282 1777 causis,
1314 1736 1356 1769 ut
1380 1733 1480 1778 luxu,

140 1782 355 1826 ambitione,
374 1781 542 1824 libidine,
563 1780 774 1826 depravatis
793 1780 967 1817 moribus.
1005 1780 1076 1815 Sed
1096 1782 1220 1816 tamen
1240 1780 1284 1815 de
1299 1780 1481 1826 religione

142 1831 241 1865 certe
277 1829 318 1864 in
352 1829 424 1864 hac
459 1829 650 1874 postrema
680 1829 802 1874 operis
833 1829 939 1873 parte
972 1828 1061 1873 quin
1094 1828 1326 1873 disputatum
1356 1828 1480 1871 fuerit,

142 1876 295 1912 dubium
324 1887 399 1911 non
431 1876 595 1918 videtur3
627 1886 713 1910 narn
744 1877 783 1910 et
804 1875 925 1910 Laelii
957 1875 1002 1910 de
1027 1875 1209 1920 religione
1236 1875 1355 1910 oratio
1387 1886 1482 1910 com-

140 1924 382 1967 memoratur,
407 1934 477 1958 nec
502 1922 549 1957 ad
568 1922 677 1957 illum
702 1922 835 1957 somnii
860 1921 1117 1957 admirabilem
1143 1922 1332 1968 epilogum
1358 1922 1483 1968 potuit

140 1971 215 2007 nisi
243 1971 314 2006 hac
345 1970 488 2006 ratione
521 1969 717 2015 perveniri.
767 1970 903 2004 Actum
933 1971 1128 2015 praeterea
1152 1970 1210 2004 est
1235 1970 1280 2005 de
1306 1969 1482 2015 praemiis

141 2017 292 2053 virtutis
318 2018 357 2052 et
381 2017 426 2052 de
451 2017 734 2052 immortalitate
760 2017 975 2059 animorum,
1003 2017 1106 2051 cuius
1132 2017 1323 2061 utriusque
1349 2017 1404 2052 rei
1428 2018 1483 2052 te-

143 2067 238 2100 stem
274 2065 452 2100 habemus
490 2064 719 2099 Macrobium
755 2064 795 2099 in
833 2064 1144 2099 commentatione
1178 2064 1330 2107 somnii,
1370 2075 1485 2108 eaque

142 2111 308 2148 Platonis
340 2111 502 2147 imitatio
535 2111 623 2154 fuit,
656 2111 720 2156 qui
750 2112 975 2156 postremam
1007 2122 1160 2156 eamque
1194 2111 1284 2146 satis
1309 2122 1486 2156 mag-nam

143 2160 320 2195 librorum
352 2159 398 2194 de
428 2170 468 2194 re
499 2158 650 2204 publica
680 2160 825 2204 partem
857 2158 896 2192 in
927 2169 971 2193 eo
998 2159 1216 2203 argumento
1244 2157 1484 2202 consumpsit.

144 2206 376 2241 Enumeratis
407 2205 524 2252 igitur
554 2205 617 2248 iis,
652 2216 745 2249 quae
776 2205 875 2240 inter
906 2205 1075 2240 homines
1101 2206 1303 2249 habentur,
1334 2204 1486 2239 virtutis

143 2253 330 2300 praemiis,
357 2264 440 2288 cum
466 2264 510 2288 ea
534 2252 624 2287 satis
651 2252 772 2287 facere
796 2263 870 2288 non
895 2252 1126 2298 viderentur,
1153 2253 1266 2287 immo
1291 2252 1394 2286 nulla
1419 2251 1488 2285 ali-

145 2300 291 2346 quando
323 2301 464 2344 essent,
497 2311 617 2335 sermo
644 2298 831 2335 Ciceronis
861 2299 1043 2347 paulatim
1069 2310 1113 2336 eo
1139 2299 1312 2345 delapsus
1339 2299 1414 2342 est,
1445 2299 1488 2332 ut
