1685 2568
399 119 488 156 LIB.
515 120 541 156 I.
570 119 669 156 CAP.
696 124 845 156 30-32.
872 124 891 163 ᾖ
916 124 1066 157 85-91.
1345 124 1401 165 33

64 214 270 256 tollamus
304 229 418 271 ergo⁷
451 230 558 270 quae
591 217 665 256 aut
694 215 877 257 historia
901 216 1026 257 nobis
1053 219 1127 258 aut
1153 218 1263 260 ratio
1289 233 1402 261 nova

65 273 215 314 adfert.
264 272 334 315 Ita
357 275 420 328 fit,
445 277 494 315 ut
519 274 818 315 mediterranei
843 289 960 316 mare
987 289 1078 316 esse
1103 290 1190 318 non
1214 277 1400 319 credant.

65 330 181 380 Quae
226 334 326 373 sunt
369 335 515 373 tantae
553 332 684 373 animi
722 333 975 388 angustiae?
1035 333 1113 388 Ut,
1159 334 1195 375 si
1233 333 1402 390 Seriphi

63 392 190 431 natus
230 405 343 432 esses
380 405 456 432 nec
492 405 696 445 umquam
735 405 932 446 egressus
965 406 1015 433 ex
1046 392 1204 448 insula,
1241 394 1286 434 in
1317 408 1402 448 qua

29 460 46 486 5
65 449 309 504 lepusculos
339 449 672 503 vulpeculasque
705 464 830 505 saepe
861 450 1060 505 vidisses,
1091 466 1177 493 non
1208 452 1400 494 crederes

4 521 5 526 ¹
65 507 209 549 leones
236 510 279 549 et
303 507 536 562 pantheras
564 522 667 562 esse,
700 523 795 550 cum
820 509 913 563 tibi,
939 510 1087 563 quales
1114 513 1268 565 essent,
1295 511 1402 553 dicc-

4 595 5 617 ,
63 568 199 620 retur3
239 566 275 607 si
305 580 405 607 vero
438 566 487 607 de
519 566 749 621 elephanto
782 567 876 621 quis
909 567 1078 623 diceret,
1110 569 1240 610 etiam
1271 569 1401 610 rideri

4 701 5 721 1
66 683 139 724 sed
172 683 506 738 dialecticorum,
539 698 646 738 quae
678 683 869 726 funditus
901 699 1005 741 gens
1036 688 1182 728 vestra
1211 701 1299 728 non
1328 701 1401 729 no-

4 739 5 794 ]
30 753 45 778 ο
63 741 138 794 vit,
164 744 417 797 argumento
439 742 696 784 sententiam
716 743 980 785 conclusisti:
1005 743 1163 787 Beatos
1185 759 1277 787 esse
1299 745 1400 787 deos

4 809 5 855 ζ
64 800 298 855 sumpsisti.
359 799 651 843 Concedimus.
712 800 896 844 Beatum
932 805 1075 844 autem
1113 804 1203 845 sine
1240 804 1400 846 virtute

4 862 6 877 ³
61 859 276 900 neminem
314 873 406 901 esse
444 874 581 915 posse.
642 859 691 901 Id
730 875 897 915 quoque
934 861 1100 917 damus,
1138 865 1182 904 et
1215 862 1400 904 libenter
1414 865 1470 906 32

4 955 6 970 ,
64 917 246 971 quidem.
271 917 489 960 Virtutem
510 921 654 960 autem
668 918 757 960 sine
771 920 938 962 ratione
952 923 1148 962 constare
1160 936 1248 963 non
1260 936 1400 977 posse.

6 1022 7 1027 ¹
64 975 302 1018 Conveniat
326 977 370 1017 id
395 992 562 1032 quoque
587 992 758 1019 necesse
785 981 860 1020 est.
910 978 1141 1035 Adiungis:
1167 994 1245 1022 nec
1270 980 1400 1022 ratio-

6 1033 45 1072 ἰο
64 1049 162 1076 nem
200 1049 291 1076 esse
322 1035 406 1076 nisi
436 1036 482 1077 in
511 1036 696 1077 hominis
728 1037 878 1092 figura.
940 1036 1074 1086 Quem
1105 1038 1188 1080 tibi
1217 1038 1299 1081 hoc
1331 1039 1400 1080 da-

6 1101 7 1106 ’
64 1096 209 1134 turum
245 1094 401 1148 putas?
446 1094 483 1135 si
523 1095 634 1135 enim
672 1095 734 1136 ita
771 1098 900 1149 esset,
944 1096 1045 1150 quid
1083 1111 1189 1151 opus
1227 1100 1320 1139 erat
1356 1100 1399 1139 te

64 1152 279 1208 gradatim
309 1152 420 1194 istuc
450 1153 701 1208 pervenire?
733 1154 989 1208 sumpsisses
1020 1157 1095 1196 tuo
1126 1155 1229 1197 iure.
1290 1155 1400 1204 Quid

64 1213 207 1252 autem
240 1213 306 1252 est
335 1211 446 1253 istuc
478 1211 721 1266 gradatim?
752 1227 853 1254 nam
885 1227 910 1254 a
939 1213 1078 1254 beatis
1105 1213 1158 1255 ad
1183 1214 1399 1269 virtutem,

64 1283 90 1310 a
128 1268 286 1310 virtute
324 1269 378 1311 ad
417 1270 628 1311 rationem
664 1270 786 1312 video
824 1273 867 1313 te
903 1272 1070 1313 venisse
1109 1273 1332 1328 gradibus,
1375 1288 1400 1315 a

8 1338 11 1371 ¹.
31 1338 46 1363 0
64 1327 230 1369 ratione
257 1327 310 1369 ad
335 1328 567 1370 humanam
591 1329 775 1385 figuram
801 1344 883 1384 quo
904 1331 1030 1372 modo
1051 1331 1243 1373 accedis?
1273 1331 1399 1374 Prae-

63 1386 241 1441 cipitare
271 1387 383 1429 istuc
414 1387 584 1442 quidem
617 1390 698 1441 est,
734 1402 822 1430 non
853 1388 1115 1431 descendere.
1176 1389 1267 1432 Nec
1297 1405 1398 1433 vero
1425 1400 1470 1431 90

63 1445 288 1501 intellego,
320 1460 394 1488 cur
424 1446 625 1488 maluerit
656 1446 866 1502 Epicurus
898 1448 999 1490 deos
1029 1448 1253 1490 hominum
1285 1449 1399 1491 simi-

10 1521 11 1535 *
62 1503 125 1546 les
157 1503 293 1546 dicere
326 1519 454 1559 quam
484 1505 679 1547 homines
712 1506 897 1548 deorum.
960 1506 1164 1561 Quaeres,
1206 1507 1307 1562 quid
1338 1509 1398 1550 in-

10 1561 11 1564 ’
62 1562 206 1617 tersit3
250 1562 286 1604 si
330 1563 442 1605 enim
485 1563 566 1606 hoc
605 1564 671 1605 illi
714 1565 853 1606 simile
897 1566 970 1619 sit,
1014 1580 1106 1608 esse
1143 1566 1252 1608 illud
1288 1566 1398 1609 huic.

10 1631 44 1657 5
62 1619 217 1676 Vide03
256 1621 329 1663 sed
358 1622 440 1664 hoc
472 1622 582 1677 dico,
617 1637 705 1665 non
736 1624 789 1665 ab
820 1624 1066 1667 hominibus
1097 1624 1262 1667 formae
1292 1626 1399 1681 figu-

62 1694 157 1721 ram
193 1680 359 1722 venisse
396 1681 450 1723 ad
487 1681 606 1736 deos,
643 1682 686 1723 di
723 1682 834 1724 enim
872 1697 1039 1739 semper
1075 1683 1266 1739 fuerunt,
1305 1684 1399 1726 nati

61 1746 296 1794 numquam
334 1742 450 1794 sunt,
488 1740 697 1795 siquidem
729 1742 892 1783 aeterni
923 1745 1023 1783 sunt
1052 1742 1206 1797 futuri3
1250 1744 1296 1784 at
1326 1743 1399 1785 ho-

11 1806 13 1851 j
63 1797 198 1839 mines
229 1798 339 1853 nati,
371 1801 470 1840 ante
500 1799 635 1855 igitur
665 1799 854 1842 humana
876 1800 1018 1842 forma
1050 1815 1179 1856 quam
1202 1801 1398 1843 homines

12 1858 13 1867 ¹
64 1870 125 1910 ea,
157 1871 241 1911 qua
272 1859 394 1899 erant
423 1857 564 1900 forma
595 1857 638 1899 di
661 1858 925 1901 inmortales.
970 1859 1071 1901 Non
1096 1873 1198 1915 ergo
1223 1860 1398 1902 illorum

20 1925 47 1951 30
64 1914 252 1957 humana
281 1916 432 1971 forma,
465 1917 537 1958 sed
568 1919 718 1959 nostra
743 1918 887 1960 divina
912 1918 1089 1960 dicenda
1115 1922 1191 1960 est.
1237 1919 1398 1960 Verum

12 2014 14 2029 y
63 1972 146 2015 hoc
171 1974 351 2028 quidem,
376 1978 425 2017 ut
449 1976 623 2030 voletis3
654 1976 762 2018 illud
787 1991 957 2032 quaero,
984 1992 1092 2032 quae
1117 1977 1249 2019 fuerit
1274 1980 1399 2019 tanta

62 2031 237 2074 fortuna
274 2031 399 2088 (nihil
437 2034 549 2076 enim
586 2035 752 2077 ratione
788 2036 834 2077 in
869 2050 1012 2078 rerum
1048 2038 1205 2078 natura
1235 2036 1398 2079 factum

14 2090 15 2093 ’
64 2104 157 2132 6886
188 2091 356 2148 vultis),
395 2093 467 2134 sed
498 2095 643 2135 tamen
675 2094 769 2149 quis
800 2095 882 2136 iste
914 2098 1061 2137 tantus
1095 2095 1248 2137 casus?
1286 2096 1396 2137 unde
1424 2103 1464 2134 91

13 2150 16 2207 ᾗ
63 2150 153 2190 tam
196 2149 299 2191 felix
339 2165 566 2194 concursus
605 2154 864 2208 atomorum,
907 2156 956 2195 ut
992 2157 1166 2209 repente
1201 2153 1397 2196 homines

22 2218 45 2244 '15
65 2207 239 2250 deorum
273 2208 414 2251 forma
450 2212 754 2254 nascerentur?
816 2210 1041 2254 Seminane
1083 2213 1260 2255 deorum
1292 2212 1398 2254 deci-

14 2289 15 2323 }
65 2265 176 2308 disse
209 2267 258 2309 de
290 2268 407 2310 caelo
438 2271 638 2324 putamus
669 2270 714 2312 in
745 2272 900 2326 terras,
933 2274 976 2313 et
1007 2271 1067 2314 sic
1098 2271 1292 2313 homines
1324 2286 1397 2326 pa-

14 2325 16 2355 1
63 2326 179 2367 trum
229 2325 390 2368 similes
440 2327 661 2370 extitisse?
733 2328 902 2371 Vellem
952 2330 1170 2385 diceretis3
1220 2330 1398 2371 deorum

134 2399 206 2428 010.
225 2401 278 2427 Π.
299 2402 323 2428 2.
1091 2402 1112 2433 3

3 630 5 636 ⁴
64 627 107 666 te
139 627 324 679 putares.
384 624 444 665 Et
473 626 522 666 tu
555 625 744 679 quidem,
781 625 939 681 Vellei,
975 641 1062 669 non
1093 630 1237 669 vestro
1270 643 1400 683 more,
1426 635 1471 667 89
1513 685 1514 688 Ἴ
