1685 2568
401 142 490 177 ΜΒ.
516 142 580 178 111.
607 141 708 178 CAP.
739 146 793 186 19,
819 145 874 177 20.
903 146 922 184 ξ
948 146 1097 178 43—49.
1334 143 1420 184 449

82 239 257 296 publica
288 253 456 295 semper
486 238 686 281 volumus
713 252 816 279 esse.
867 237 995 293 Apud
1022 238 1205 291 eosdem,
1237 238 1310 292 qui
1336 253 1421 279 ma-

84 299 272 355 gistratu
291 298 487 352 abierint,
513 297 641 339 edant
661 299 704 338 et
723 298 950 352 exponant,
977 296 1077 350 quid
1097 297 1142 337 in
1161 297 1422 351 magistratu

85 358 315 413 gesserint,
358 357 492 411 deque
535 356 588 398 iis
633 369 828 398 censores
871 355 1176 411 praeiudicent.
1240 354 1335 397 Hoc
1377 355 1423 396 in

85 416 266 458 Graecia
295 416 346 458 fit
375 415 545 472 publice
577 414 824 457 constitutis
856 413 1196 467 accusatoribus3
1228 413 1301 468 qui
1334 414 1422 468 qui-

49 475 181 517 sdem
222 488 375 531 graves
417 488 510 516 esse
547 488 635 515 non
673 475 874 529 possunt,
917 472 1001 514 nisi
1038 474 1140 514 sunt
1176 472 1422 514 voluntarii.

84 533 291 583 Quocirca
333 533 485 575 melius
529 532 718 575 rationes
762 531 928 586 referri,
972 545 1229 586 causamque
1268 531 1423 586 exponi

84 593 345 646 censoribus,
375 592 591 647 integram
615 593 762 632 tamen
787 591 886 647 legi,
919 590 1157 633 accusatori
1182 589 1423 644 iudicioque

85 665 258 693 servari.

172 707 254 751 Sed
298 709 403 751 satis
447 709 534 750 iam
578 708 845 763 disputatum
889 711 955 750 est
992 708 1043 750 de
1080 707 1424 764 magistratibUS,

32 782 65 808 10
82 768 167 810 nisi
202 768 315 810 forte
353 768 454 823 quid
492 767 756 809 desideratis.
816 768 918 810 Am
950 766 1088 816 Quid?
1128 767 1165 809 si
1200 781 1279 808 nos
1311 768 1423 808 tace-

84 841 196 881 mus,
227 827 345 868 locus
377 827 470 881 ipse
501 829 544 868 te
575 841 661 868 non
694 826 907 880 admonet,
940 826 1041 881 quid
1071 826 1153 868 tibi
1185 826 1242 867 sit
1274 825 1423 867 deinde

84 885 336 928 dicendum?
379 886 442 927 M.
468 885 660 927 Mihine?
693 885 743 927 de
768 885 935 927 iudiciis
962 885 1162 940 arbitror,
1193 883 1424 939 Pomponi3

82 945 125 986 id
168 947 234 986 est
272 944 385 986 enim
422 944 617 986 iunctum
653 944 996 1000 magistratibus.
1057 945 1156 986 Am
1195 943 1334 993 Quid?
1373 943 1423 984 de

83 1003 173 1045 iure
206 1004 356 1059 populi
387 1003 590 1057 Romani,
631 1017 757 1058 quem
790 1003 844 1044 ad
876 1003 1050 1044 modum
1080 1002 1328 1056 instituisti,
1366 1002 1424 1043 di·

32 1073 64 1101 15
84 1061 263 1104 cendum
299 1062 408 1103 nihil
445 1062 604 1117 putas?
653 1062 716 1104 M.
749 1061 858 1110 Quid
896 1062 1070 1103 tandem
1107 1062 1189 1104 hoe
1225 1062 1320 1103 loco
1359 1063 1425 1102 est

85 1121 198 1176 quod
237 1121 460 1176 requiras?
515 1122 617 1163 ATT.
654 1121 834 1176 Egone?
877 1121 990 1176 quod
1029 1120 1223 1177 ignorari
1264 1120 1317 1162 ab
1358 1120 1424 1174 iis,

84 1179 157 1234 qui
187 1179 233 1221 in
264 1194 309 1222 re
340 1180 516 1236 publica
546 1183 784 1234 versantur,
816 1180 1115 1235 turpissimum
1146 1182 1264 1235 puto.
1310 1178 1424 1220 Nam

82 1241 131 1280 ut
168 1238 294 1281 modo
333 1254 358 1281 a
394 1242 438 1281 te
476 1239 638 1281 dictum
676 1242 741 1280 est
778 1239 896 1294 leges
935 1254 960 1280 a
996 1238 1186 1280 librariis
1218 1238 1325 1294 peti,
1364 1238 1424 1279 sic

84 1297 378 1340 animadverto
422 1298 651 1353 plerosque
695 1297 741 1339 in
784 1298 1113 1354 magistratibus
1150 1297 1424 1353 ignoratione

31 1368 64 1393 20
82 1356 188 1397 iuris
226 1356 292 1398 sui
322 1359 494 1398 tantum
526 1371 694 1412 sapere,
734 1360 942 1412 quantum
975 1357 1244 1412 apparitores
1275 1356 1424 1398 velint.

83 1413 221 1464 Quam
259 1416 313 1457 ob
352 1430 461 1470 rem,
499 1416 536 1458 si
575 1417 624 1457 de
657 1430 876 1458 sacrorum
909 1416 1168 1458 alienatione
1200 1415 1424 1457 dicendum

83 1474 260 1529 putasti,
286 1475 490 1529 quoniam
510 1475 560 1517 de
580 1475 790 1530 religione
810 1475 928 1531 leges
949 1489 1250 1531 proposueras,
1268 1474 1425 1517 facien-

84 1532 185 1574 dum
226 1533 309 1575 tibi
352 1536 435 1588 est,
478 1536 527 1575 ut
570 1534 900 1589 magistratibus
944 1534 1040 1590 lege
1083 1533 1333 1576 constitutis
1373 1533 1424 1574 de

83 1593 351 1647 potestatum
382 1593 472 1634 iure
499 1593 702 1648 disputes.
745 1594 808 1635 M.
833 1592 1007 1634 Faciam
1032 1593 1234 1646 breviter,
1266 1592 1303 1634 si
1329 1606 1423 1634 con-

32 1662 65 1688 25
86 1650 205 1705 sequi
233 1653 432 1706 potuero;
462 1667 560 1694 nam
588 1652 783 1707 pluribus
809 1652 952 1694 verbis
979 1652 1152 1707 scripsit
1178 1652 1231 1694 ad
1256 1654 1425 1707 patrem

84 1711 206 1751 tuum
236 1709 292 1751 M.
324 1709 472 1752 Iunius
504 1711 664 1753 sodalis
697 1711 834 1766 perite
866 1725 961 1753 meo
994 1711 1166 1766 quidem
1196 1710 1352 1752 iudicio
1382 1712 1425 1751 et

84 1768 332 1824 diligenter3
374 1783 454 1811 nos
498 1773 641 1811 autem
686 1770 736 1811 de
773 1770 864 1811 iure
901 1772 1081 1840 naturae
1119 1770 1312 1825 cogitare
1347 1783 1425 1824 per

82 1841 161 1868 nos
181 1830 315 1883 atque
342 1828 479 1870 dicere
506 1829 721 1885 debemus,
746 1828 797 1870 de
821 1829 912 1870 iure
937 1829 1087 1884 populi
1105 1828 1291 1871 Romani
1316 1842 1424 1883 quae

83 1886 235 1928 relicta
272 1890 373 1928 sunt
410 1889 453 1928 et
490 1888 662 1930 tradita.
721 1888 823 1931 Am
855 1885 924 1930 Sic
961 1902 1160 1943 prorsum
1199 1902 1349 1930 censeo
1382 1889 1425 1929 et

33 1956 66 1982 3ο
84 1944 128 1986 id
157 1945 310 2001 ipsum,
342 1946 456 2001 quod
488 1947 604 2001 dicis,
636 1949 825 2002 expecto.

536 2133 966 2188 FRAGMENTA

424 2219 702 2260 LIBRORUM
733 2222 804 2260 DE
837 2222 1080 2261 LEGIBUS.

177 2298 212 2340 1.
243 2298 429 2341 Laetam.
460 2301 554 2343 inst.
580 2302 658 2343 div.
677 2301 766 2343 III
778 2305 843 2344 19.
863 2304 894 2344 2
923 2302 985 2343 At
1007 2301 1084 2351 illi,
1115 2300 1187 2353 qui
1210 2300 1257 2342 de
1281 2300 1423 2342 mortis

85 2355 184 2399 bono
209 2358 430 2411 disputant,
455 2360 512 2401 sie
536 2364 897 2414 aryzcmentcmtur:
925 2360 989 2401 ‘Si
1013 2359 1119 2400 nihil
1138 2362 1300 2412 estpost
1317 2372 1422 2400 mor-

155 2431 226 2459 CIC.
246 2433 300 2459 1v.
321 2434 344 2459 2.
1094 2431 1137 2461 29

1450 953 1492 984 48

1449 1601 1492 1632 49
