1685 2568
444 117 531 153 LIB.
560 116 622 152 III.
651 115 750 151 CAP.
781 120 880 151 1-3,
908 119 926 158 ξ
955 120 1054 150 1-7.
1332 114 1416 156 109

78 215 266 268 tabatur,
298 216 347 256 ut
377 212 666 257 meminissem
698 225 765 252 me
798 213 840 252 et
872 209 1049 252 Cottam
1082 224 1174 251 esse
1206 212 1249 251 et
1279 210 1418 264 ponti-

79 274 219 327 ficem3
261 273 374 327 quod
405 287 472 326 eo,
505 271 647 324 credo,
678 269 870 323 valebat,
901 272 950 310 ut
981 268 1223 323 opiniones,
1256 282 1362 322 quas
1394 283 1419 309 a

79 332 314 374 maioribus
347 330 586 386 accepimus
618 329 668 370 de
700 328 764 369 dis
796 327 1118 381 inmortalibus,
1160 340 1298 380 sacra,
1330 340 1419 368 cae-

80 391 286 432 rimonias
317 389 633 445 religionesque
665 386 945 428 defenderem.
995 385 1090 441 Ego
1122 399 1224 426 vero
1256 399 1327 426 eas
1354 384 1420 426 de-

45 449 252 491 nsendam
303 462 469 503 semper
516 460 766 501 semperque
812 444 996 498 defendi,
1045 458 1123 486 nec
1166 458 1233 485 me
1278 458 1328 485 ex
1372 458 1422 485 ea

82 508 300 563 opinione,
339 521 467 562 quam
504 520 529 547 a
566 504 801 546 maioribus
840 503 983 559 accepi
1015 503 1065 544 de
1097 502 1216 545 cultu
1247 502 1423 544 deorum

82 566 396 619 inmortalium,
432 564 563 606 ullius
596 578 800 618 umquam
833 563 972 605 oratio
1005 564 1079 603 aut
1112 561 1225 603 docti
1257 563 1332 602 aut
1363 561 1422 602 in-

84 625 197 667 docti
230 624 431 666 movebit.
482 621 563 664 Sed
595 637 691 664 cum
723 622 774 663 de
805 621 1014 677 religione
1046 620 1202 676 agitur,
1234 619 1296 660 Ti.
1346 618 1423 662 Co-

83 683 350 737 runcanium,
400 681 447 723 P.
492 679 750 736 Scipionem,
790 679 836 722 P.
881 679 1149 733 Scaevolam,
1198 678 1423 733 pontifices

32 756 64 782 ιο
83 742 310 795 maximos,
346 755 433 782 non
471 739 685 782 Zenonem
723 742 797 781 aut
835 737 1073 781 Cleanthen
1110 740 1185 779 aut
1222 736 1424 793 Chrysip-

82 815 186 857 pum
219 814 373 854 sequor
397 799 621 854 habeoque
642 798 686 840 C.
706 797 901 839 Laelium
928 811 1133 853 augurem
1161 796 1424 850 eundemque

84 859 334 914 sapientem,
368 872 493 912 quem
525 858 669 913 potius
702 857 872 899 audiam
905 856 1115 898 dicentem
1142 855 1192 897 de
1217 855 1425 910 religione

84 918 129 959 in
173 918 251 959 illa
295 917 488 959 oratione
532 916 669 958 nobili
714 931 841 970 quam
887 930 1146 970 quemquam
1187 914 1426 969 principem

86 975 339 1018 Stoicorum.
401 974 592 1030 Cumque
631 975 768 1017 omnis
800 974 950 1029 populi
981 973 1166 1015 Romani
1196 973 1350 1029 religio
1381 973 1427 1014 in

33 1049 65 1074 ιε»
86 1050 207 1077 sacra
238 1037 281 1076 et
312 1035 357 1076 in
389 1034 579 1089 auspicia
611 1034 748 1075 divisa
780 1034 849 1087 sit,
879 1033 1057 1074 tertium
1084 1032 1331 1074 adiunctum
1358 1032 1426 1086 sit,

86 1095 123 1136 si
161 1093 262 1149 quid
299 1093 603 1148 praedictionis
641 1107 769 1134 causa
807 1107 857 1133 ex
893 1091 1106 1147 portentis
1146 1093 1188 1132 et
1219 1091 1425 1132 monstris

86 1152 276 1207 Sibyllae
319 1153 576 1208 interpretes
616 1151 917 1206 haruspicesve
955 1152 1229 1204 monuerunt,
1271 1149 1426 1191 harum

87 1226 166 1267 ego
193 1211 452 1267 religionum
476 1211 641 1252 nullam
666 1224 871 1264 umquam
896 1208 1252 1250 contemnendam
1277 1208 1428 1262 putavi

87 1270 276 1324 mihique
307 1270 370 1311 ita
400 1269 606 1324 persuasi,
638 1268 871 1310 Romulum
898 1267 1112 1322 auspiciis,
1143 1266 1332 1308 Numam
1365 1281 1427 1308 sa—

35 1342 68 1368 20
87 1329 169 1372 cris
213 1328 461 1370 constitutis
504 1328 784 1369 fundamenta
823 1327 973 1368 iecisse
1012 1328 1188 1368 nostrae
1227 1325 1429 1380 civitatis,

88 1402 195 1443 quae
233 1402 467 1442 numquam
504 1386 699 1442 profecto
736 1385 826 1428 sine
859 1400 1027 1427 summa
1057 1384 1300 1440 placatione
1333 1384 1427 1426 deo-

86 1462 182 1489 rum
212 1446 508 1488 inmortalium
539 1448 664 1487 tanta
696 1459 788 1487 esse
814 1444 1038 1499 potuisset.
1088 1443 1248 1497 Habes,
1279 1442 1428 1497 Balbe,
1456 1450 1476 1481 6

88 1505 190 1560 quid
214 1504 356 1560 Cotta,
388 1505 490 1559 quid
519 1503 714 1560 pontifex
747 1503 924 1557 sentiat3
953 1503 1022 1544 fac
1052 1517 1164 1544 nunc
1196 1516 1276 1558 ego
1307 1502 1430 1543 intel-

89 1565 251 1620 legam,
282 1566 331 1605 tu
363 1563 464 1618 quid
496 1563 668 1604 sentias.
718 1562 759 1604 A
790 1565 833 1604 te
863 1562 976 1603 enim
1008 1561 1270 1617 philosopho
1302 1561 1431 1603 ratio-

36 1634 70 1660 25
89 1637 187 1665 nem
214 1622 403 1677 accipere
430 1622 562 1664 debeo
588 1621 824 1677 religionis,
850 1620 1085 1662 maioribus
1106 1623 1250 1661 autem
1269 1620 1431 1661 nostris

91 1682 222 1723 etiam
264 1682 385 1723 nulla
426 1681 593 1723 ratione
636 1681 804 1722 reddita
847 1680 1027 1722 credere.
1095 1678 1204 1720 Tum
1247 1678 1430 1720 Balbus:
1457 1678 1482 1719 3

90 1739 227 1789 Quam
258 1740 391 1795 igitur
422 1755 447 1781 a
478 1755 545 1781 me
570 1740 795 1793 rationem,
826 1739 978 1793 inquit,
1011 1737 1151 1792 Cotta,
1185 1737 1429 1779 desideras?

89 1799 149 1840 Et
173 1799 264 1840 ille:
297 1797 629 1854 Quadripertita,
660 1798 813 1853 inquit,
844 1797 927 1839 fuit
953 1797 1105 1838 divisio
1132 1799 1219 1851 tua,
1244 1796 1432 1852 primum

94 1860 140 1899 ut
170 1858 303 1899 velles
336 1858 485 1900 docere
517 1858 618 1899 deos
651 1872 755 1910 esse,
788 1857 937 1898 deinde
971 1856 1119 1911 quales
1152 1857 1306 1910 essent,
1338 1857 1432 1896 tum

39 1928 73 1954 ³0
94 1916 147 1958 ab
188 1916 242 1958 iis
280 1917 485 1958 mundum
522 1916 631 1972 regi,
677 1919 896 1972 postremo
934 1915 1155 1958 consulere
1193 1928 1266 1956 eos
1303 1914 1432 1956 rebus

92 1975 302 2017 humanis.
349 1975 480 2031 Haec,
506 1975 543 2017 si
567 1977 681 2017 recte
707 1975 895 2029 memini,
920 1974 1100 2030 partitio
1126 1972 1220 2015 fuit.
1270 1973 1433 2015 Rectis-

93 2047 224 2087 sume,
254 2033 394 2088 inquit
424 2033 605 2088 Balbus3
637 2033 711 2076 sed
743 2036 931 2088 expecto,
964 2033 1066 2087 quid
1096 2032 1302 2087 requiras.

182 2091 291 2133 Tum
316 2091 462 2134 Cotta:
491 2093 686 2134 Primum
711 2092 896 2147 quidque
921 2092 1154 2146 videamus,
1187 2091 1347 2145 inquit3
1379 2093 1434 2144 et,
1461 2098 1480 2128 7

94 2151 132 2192 si
173 2150 218 2192 id
261 2153 326 2192 est
362 2151 563 2206 primum,
608 2151 721 2206 quod
757 2151 871 2192 inter
909 2151 1047 2193 omnis
1083 2149 1168 2191 nisi
1205 2149 1433 2192 admodum

41 2220 75 2246 85
94 2209 250 2264 impios
294 2210 509 2265 convenit,
551 2210 658 2252 mihi
696 2210 867 2265 quidem
905 2224 955 2251 ex
993 2209 1136 2251 animo
1176 2208 1317 2250 excuti
1347 2222 1434 2249 non

93 2270 256 2323 potest,
298 2282 390 2309 esse
431 2268 548 2323 deos,
587 2269 631 2310 id
670 2271 818 2310 tamen
853 2269 1013 2324 ipsum,
1055 2267 1169 2322 quod
1206 2267 1313 2308 mihi
1343 2281 1434 2321 per-

95 2341 268 2368 suasum
300 2329 366 2368 est
397 2327 653 2369 auctoritate
684 2327 914 2380 maiorum,
946 2341 1021 2369 cur
1050 2327 1114 2368 ita
1146 2326 1215 2379 sit,
1246 2325 1355 2367 nihil
1386 2327 1436 2366 tu
