1685 2568
408 81 497 118 LBI.
523 82 587 118 ΙΙΙ.
620 81 720 117 ΟΑΡ.
747 85 896 117 26—28.
928 86 948 124 ἓ
974 87 1123 118 67-71.
1354 84 1434 126 131

99 193 288 234 camPUS,
320 178 436 233 socii,
467 178 723 234 provinciae,
753 180 815 232 ut,
842 192 967 232 quem
993 177 1047 219 ad
1072 178 1245 220 modum
1270 180 1437 221 ratione

98 239 213 279 recte
243 237 334 292 fiat,
365 236 426 279 sic
450 237 616 279 ratione
640 238 850 292 peccetur,
883 237 1150 291 alterumque
1177 239 1220 278 et
1246 252 1271 278 a
1290 239 1435 292 paucis

99 298 144 338 et
181 310 299 350 raro,
343 296 527 338 alterum
564 297 608 337 et
648 308 774 349 saepe
812 297 855 337 et
893 309 918 336 a
953 295 1170 350 plurimis,
1213 298 1262 337 ut
1301 296 1437 338 satius

98 354 230 396 fuerit
260 354 426 396 nullam
458 353 630 397 omnino
661 353 787 395 nobis
819 368 845 395 a
871 353 934 395 dis
960 354 1264 396 inmortalibus
1292 355 1437 396 datam

63 424 193 456 5esse
231 413 443 455 rationem
481 427 609 468 quam
647 414 770 454 tanta
808 427 904 454 cum
940 412 1127 467 pernicie
1159 413 1315 454 datam.
1376 412 1438 455 Ut

98 472 247 514 vinum
284 471 492 528 aegrotis,
530 471 629 526 quia
659 471 835 526 prodest
866 485 981 525 raro,
1017 474 1145 513 nocet
1176 472 1437 527 saepissime,

99 531 252 573 melius
284 533 350 572 est
379 544 466 572 non
497 529 699 571 adhibere
732 529 905 572 omnino
939 544 1067 584 quam
1093 545 1168 585 spe
1195 531 1348 573 dubiae
1375 545 1437 572 sa-

99 589 203 631 lutis
234 589 280 630 in
311 591 505 644 apertam
530 588 760 644 perniciem
785 588 1010 644 incurrere,
1043 589 1103 631 sic
1128 589 1242 631 haud
1268 590 1356 631 scio
1384 604 1439 631 an

99 648 252 690 melius
291 647 422 689 fuerit
461 647 649 689 humano
692 647 838 703 generi
878 650 1044 690 motum
1083 648 1216 689 istum
1258 649 1438 690 celerem

47 719 79 744 ιο
99 706 387 763 cogitationis,
419 721 608 760 acumen,
640 706 891 761 sollertiam,
924 721 1052 761 quam
1078 707 1291 749 rationem
1315 722 1438 749 voca-

95 779 210 819 mus,
250 765 452 820 quoniam
489 764 696 820 pestifera
728 768 794 807 est
824 766 991 820 multis,
1030 766 1258 808 admodum
1289 766 1437 821 paucis

97 824 315 878 salutaris,
345 838 432 866 non
464 824 557 866 dari
583 824 755 866 omnino
784 839 913 879 quam
938 827 1029 866 tam
1054 825 1251 867 munifice
1278 827 1321 866 et
1346 828 1438 866 tam

97 883 219 939 large
251 882 355 924 dari.
405 881 542 931 Quam
574 883 629 925 ob
655 897 746 924 rem
773 883 810 924 si
834 897 954 925 mens
980 884 1266 938 voluntasque
1294 884 1438 926 divina
1464 893 1507 925 70

95 942 253 984 idcirco
293 942 508 984 consuluit
544 942 809 996 hominibus,
848 942 962 997 quod
998 942 1051 984 iis
1084 945 1150 984 est
1181 943 1343 998 largita
1373 958 1437 985 ra-

43 1012 78 1038 15
97 1001 272 1055 tionem,
303 1000 356 1042 iis
389 1000 493 1043 solis
525 1001 754 1055 consuluit,
785 1015 891 1055 quos
917 1001 1032 1043 bona
1057 1002 1223 1044 ratione
1251 1002 1438 1057 donavit,

99 1074 205 1115 quos
230 1059 435 1114 videmus,
467 1059 503 1101 si
528 1060 654 1101 modo
681 1059 761 1101 ulli
786 1062 900 1114 sunt,
930 1074 1021 1101 esse
1046 1075 1294 1115 perpaucos.
1338 1060 1438 1103 Non

97 1119 240 1174 placet
278 1121 422 1160 autem
460 1119 608 1173 paucis
647 1133 672 1160 a
709 1118 773 1159 dis
810 1118 1115 1160 inmortalibus
1148 1134 1240 1160 esse
1272 1120 1437 1161 consul-

96 1180 208 1232 tum3
241 1177 434 1232 sequitur
466 1191 581 1232 ergo,
612 1179 661 1218 ut
690 1176 852 1218 nemini
884 1177 1128 1218 consultum
1161 1178 1230 1219 sit.

213 1235 325 1278 Huic
364 1236 458 1278 loco
497 1236 557 1277 sic
589 1235 738 1277 soletis
771 1242 1007 1277 occurrere:
1044 1250 1133 1278 non
1162 1236 1319 1279 idcirco
1351 1239 1506 1282 1101128

43 1306 78 1333 20
97 1297 272 1351 optume
303 1294 428 1337 nobis
462 1309 487 1336 a
519 1294 582 1336 dis
615 1308 707 1336 esse
732 1294 966 1349 provisum,
999 1295 1112 1350 quod
1137 1295 1264 1337 multi
1290 1310 1437 1338 eorum

94 1353 300 1397 beneficio
338 1368 538 1409 perverse
575 1355 817 1407 uterentur,
856 1353 987 1395 etiam
1023 1354 1297 1409 patrimoniis
1331 1356 1437 1397 mul-

95 1415 164 1455 tos
204 1412 317 1454 male
357 1412 440 1466 uti,
479 1427 557 1455 nec
598 1412 652 1454 ob
691 1426 786 1454 eam
817 1426 991 1454 causam
1024 1427 1095 1454 eos
1127 1413 1380 1456 beneficium
1412 1430 1437 1456 a

94 1471 292 1528 patribus
335 1472 503 1513 nullum
546 1471 717 1513 habere.
786 1469 1076 1526 Quisquamne
1119 1472 1232 1515 istuc
1273 1474 1435 1529 negat?

96 1534 171 1573 aut
202 1545 310 1586 quae
342 1533 408 1572 est
438 1530 484 1572 in
515 1530 746 1572 collatione
776 1530 863 1572 ista
888 1530 1156 1573 similitudo?
1205 1530 1296 1573 Nec
1323 1532 1435 1574 enim

43 1600 77 1627 2⁵
96 1589 274 1632 Herculi
310 1604 462 1631 nocere
493 1588 698 1631 Deianira
728 1589 884 1644 voluit,
923 1604 1018 1631 cum
1051 1590 1089 1631 ei
1120 1590 1310 1633 tunicam
1342 1605 1436 1633 san-

96 1649 223 1705 guine
255 1647 459 1691 Centauri
498 1648 681 1690 tinctam
720 1648 852 1703 dedit,
892 1663 970 1690 nec
1007 1648 1211 1704 prodesse
1241 1649 1434 1691 Pheraeo

94 1707 239 1750 Iasoni
270 1707 320 1761 is,
353 1707 426 1763 qui
458 1707 602 1763 gladio
634 1707 847 1749 vomicam
880 1708 970 1749 eius
1003 1708 1183 1763 aperuit,
1216 1723 1344 1763 quam
1370 1723 1435 1751 sa-

93 1782 196 1809 nare
227 1766 381 1809 medici
410 1780 497 1808 non
528 1768 769 1821 potuerant.
830 1765 960 1808 Multi
992 1766 1105 1808 enim
1137 1769 1198 1822 et,
1235 1782 1331 1809 cum
1363 1768 1435 1810 ob-

97 1840 189 1868 esse
219 1826 398 1881 vellent,
436 1825 690 1881 profuerunt
722 1828 782 1880 et,
814 1840 909 1867 cum
940 1826 1161 1881 prodesse,
1193 1825 1435 1869 obfuerunt.

44 1895 78 1922 30
95 1884 166 1926 Ita
194 1899 281 1926 non
310 1884 361 1926 fit
392 1898 442 1925 ex
474 1898 542 1939 eo,
581 1884 694 1939 quod
725 1884 869 1939 datur,
899 1886 949 1926 ut
979 1884 1181 1927 voluntas
1214 1885 1322 1940 eius,
1362 1886 1435 1940 qui

97 1943 277 1998 dederit,
309 1945 533 1999 appareat,
564 1958 653 1997 nec,
686 1942 722 1984 si
753 1943 802 1998 is,
835 1943 908 1998 qui
940 1943 1115 1999 accepit,
1147 1944 1254 1986 bene
1285 1944 1434 1999 utitur,

96 2002 251 2044 idcirco
282 2001 337 2056 is,
369 2002 442 2057 qui
473 2002 606 2057 dedit,
639 2002 773 2044 amice
805 2001 932 2044 dedit.
993 2001 1109 2051 Quae
1142 2003 1255 2044 enim
1286 2003 1434 2058 libido,
1461 2011 1501 2044 71

31 2088 36 2094 ·
97 2075 205 2116 quae
246 2060 445 2115 avaritia,
486 2061 600 2116 quod
638 2061 803 2103 facinus
842 2063 918 2103 aut
955 2061 1188 2116 suscipitur
1223 2061 1308 2103 nisi
1340 2077 1436 2105 con-

96 2120 194 2162 silio
226 2121 352 2175 capto
385 2121 460 2162 aut
491 2120 580 2162 sine
613 2120 746 2162 animi
777 2122 899 2162 motu
925 2123 968 2162 et
993 2120 1268 2176 cogitatione,
1299 2120 1344 2162 id
1370 2123 1435 2162 est

0 2217 1 2225 ,
43 2178 281 2233 a5ratione,
318 2178 564 2233 perficitur?
625 2178 740 2221 Nam
777 2179 916 2221 omnis
949 2180 1094 2235 opinio
1126 2179 1238 2221 ratio
1271 2182 1353 2234 est,
1392 2182 1434 2220 et

97 2237 267 2293 quidem
298 2237 412 2279 bona
442 2237 572 2292 ratio,
604 2237 642 2279 si
671 2252 790 2293 vera,
822 2239 938 2280 mala
970 2241 1126 2293 autem,
1158 2238 1195 2280 si
1224 2238 1337 2280 falsa
1369 2240 1435 2279 est

97 2296 253 2353 opinio.
303 2294 385 2338 Sed
411 2310 436 2337 a
462 2296 538 2338 deo
564 2298 735 2339 tantum
760 2297 972 2339 rationem
996 2298 1218 2351 habemus,
1245 2297 1281 2338 si
1307 2296 1433 2338 modo

1103 2365 1151 2400 9*
