1685 2568
49 401 67 427 5

51 1281 86 1306 20
105 1268 163 1309 sit
198 1267 390 1323 perfecta
431 1267 628 1309 ratione?
689 1267 749 1309 Hi
787 1269 931 1309 autem
963 1267 1164 1308 dubitant
1195 1266 1245 1308 de
1277 1267 1435 1309 mundo

52 1575 86 1600 25

424 56 514 92 111ss,
540 56 585 92 Π.
613 55 712 90 ΟΑΡ.
740 59 890 92 33—35.
923 60 942 98 ξ
968 59 1119 92 84-89.
1382 57 1436 98 77

103 168 154 194 ea
189 152 423 194 fortuitane
465 153 552 194 sint
591 167 647 194 an
683 166 732 193 eo
772 153 906 205 statu,
952 165 1034 205 quo
1067 151 1292 193 cohaerere
1322 153 1441 194 nullo

103 211 230 253 modo
270 211 490 266 potuerint
526 210 611 252 nisi
649 224 777 251 sensu
808 210 1056 251 moderante
1089 209 1315 264 divinaque
1348 225 1442 265 pro-

103 270 305 312 videntia.
378 268 422 311 Si
466 269 601 325 igitur
645 269 825 310 meliora
869 270 970 309 sunt
1012 282 1079 323 ea,
1124 283 1232 322 quae
1274 271 1442 322 natura,

105 343 233 383 quam
276 328 370 383 illa,
415 342 522 383 quae
566 329 658 369 arte
698 326 890 382 perfecta
927 328 1044 380 sunt,
1088 341 1166 369 nec
1204 341 1273 368 ars
1312 326 1443 368 efficit

105 387 332 442 quicquam
365 387 455 428 sine
486 386 665 440 ratione,
695 400 749 427 ne
780 388 937 427 natura
969 385 1140 440 quidem
1170 385 1351 427 rationis
1378 399 1444 426 ex-

104 460 202 501 pers
241 448 307 488 est
342 445 549 487 habenda.
612 443 693 493 Qui
730 445 865 500 igitur
902 444 1117 498 convenit,
1162 444 1332 499 signum
1371 446 1445 486 aut

106 505 301 546 tabulam
337 504 497 559 pictam
534 518 630 545 cum
668 504 902 558 aspexeris,
943 503 1050 545 scire
1082 502 1321 544 adhibitam
1354 517 1446 544 esse

106 566 261 617 artem,
304 577 483 617 cumque
525 562 675 617 procul
720 577 890 604 cursum
934 561 1097 617 navigii
1140 561 1317 615 videris,
1359 575 1444 603 non

106 622 319 676 dubitare,
361 622 464 676 quin
502 621 546 662 id
584 621 751 663 ratione
791 623 920 676 atque
954 622 1046 662 arte
1077 623 1319 674 moveatur,
1359 622 1446 674 aut,

30 677 32 697 ³
53 696 86 721 ιο
105 695 202 722 cum
233 681 439 722 solarium
464 680 533 721 vel
559 680 811 735 discriptum
837 680 906 721 vel
933 694 983 721 ex
1009 693 1121 734 aqua
1145 679 1446 734 contemplere,

103 739 354 795 intellegere
393 739 603 780 declarari
641 739 771 780 horas
810 741 919 793 arte,
956 752 1043 780 non
1081 752 1200 793 casu,
1240 737 1445 779 mundum

104 800 269 852 autem,
311 797 384 852 qui
424 800 467 839 et
506 798 585 839 has
623 798 739 853 ipsas
780 800 894 839 artes
932 799 975 839 et
1007 811 1154 838 earum
1185 797 1371 839 artifices
1404 799 1447 838 et

105 859 258 898 cuncta
289 857 596 911 conplectatur,
629 856 797 898 consilii
829 858 872 897 et
902 855 1083 898 rationis
1110 869 1202 897 esse
1227 858 1446 911 expertem

104 915 286 970 putare?
330 914 492 963 Quodsi
516 915 561 956 in
586 914 808 970 Scythiam
834 917 909 956 aut
933 915 979 956 in
997 913 1271 956 Britanniam
1297 914 1447 970 sphae-

54 990 86 1015 15
106 989 200 1015 ram
226 974 381 1028 aliquis
407 974 559 1015 tulerit
583 974 705 1028 hanc,
733 989 861 1029 quam
885 988 1023 1029 nuper
1046 973 1274 1015 familiaris
1299 975 1448 1015 noster

106 1033 245 1075 effecit
281 1032 554 1087 Posidonius,
598 1033 717 1075 cuius
761 1033 959 1088 singulae
999 1032 1296 1074 conversiones
1334 1032 1448 1074 idem

105 1091 297 1133 efficiunt
333 1092 377 1132 in
415 1092 506 1133 sole
544 1094 587 1133 et
623 1092 669 1133 in
706 1092 810 1133 luna
846 1093 889 1132 et
919 1091 965 1132 in
997 1091 1182 1145 quinque
1215 1091 1354 1132 stellis
1387 1106 1448 1133 er-

105 1151 319 1205 rantibus,
365 1150 479 1204 quod
522 1150 707 1192 efficitur
749 1150 795 1191 in
838 1150 957 1191 caelo
997 1149 1178 1205 singulis
1217 1149 1366 1191 diebus
1405 1152 1448 1192 et

104 1209 316 1263 noctibus,
343 1209 438 1263 quis
463 1209 508 1249 in
532 1208 610 1250 illa
636 1208 839 1250 barbaria
866 1208 1045 1262 dubitet,
1071 1208 1175 1262 quin
1194 1222 1245 1250 ea
1264 1208 1449 1264 sphaera

104 1341 156 1368 ex
196 1341 279 1382 quo
321 1329 364 1368 et
404 1326 600 1368 oriuntur
638 1328 681 1368 et
717 1326 828 1368 fiunt
865 1326 1026 1381 omnia,
1070 1339 1226 1368 casune
1267 1325 1359 1381 ipse
1392 1326 1449 1368 sit

104 1385 280 1427 effectus
326 1388 401 1427 aut
442 1385 699 1427 necessitate
738 1385 883 1440 aliqua
921 1399 976 1426 an
1012 1384 1180 1426 ratione
1220 1399 1269 1427 ac
1304 1387 1447 1427 mente

105 1445 265 1499 divina,
310 1447 353 1486 et
390 1444 691 1486 Archimedem
732 1445 998 1486 arbitrantur
1041 1444 1140 1499 plus
1178 1444 1366 1486 valuisse
1403 1444 1449 1485 in

104 1503 324 1545 imitandis
363 1503 570 1558 sphaerae
609 1503 959 1545 conversionibus
999 1517 1127 1558 quam
1163 1505 1366 1544 naturam
1404 1503 1449 1544 in

106 1562 356 1617 efficiendis,
400 1563 654 1617 praesertim
692 1577 788 1604 cum
825 1562 974 1604 multis
1011 1562 1208 1617 partibus
1248 1562 1335 1603 sint
1371 1562 1448 1604 illa

104 1622 296 1677 perfecta
339 1636 468 1676 quam
510 1622 615 1663 haec
659 1622 863 1663 simulata
900 1621 1132 1663 sollertius.
1199 1619 1336 1676 Atqui
1373 1621 1448 1663 ille

106 1680 220 1736 apud
244 1680 424 1723 Accium
454 1683 616 1736 pastor,
648 1680 722 1735 qui
751 1695 905 1722 navem
933 1694 1170 1734 numquam
1197 1682 1297 1721 ante
1321 1679 1449 1722 vidis-

106 1741 184 1794 set,
214 1742 262 1781 ut
292 1739 442 1795 procul
475 1739 666 1781 divinum
698 1741 741 1781 et
771 1754 931 1782 novum
959 1739 1202 1781 vehiculum
1224 1739 1448 1794 Argonau-

104 1801 248 1840 tarum
287 1813 309 1840 e
340 1800 487 1840 monte
519 1799 758 1854 conspexit,
792 1798 931 1854 primo
965 1798 1183 1840 admirans
1216 1799 1260 1839 et
1289 1800 1449 1853 perter-

55 1868 88 1894 30
108 1857 217 1899 ritus
248 1856 330 1899 hoc
362 1857 489 1900 modo
521 1857 729 1912 loquitur:

729 1916 893 1958 Tanta
924 1917 1084 1958 moles
1116 1916 1314 1958 labitur

165 1974 507 2018 Fremibunda
533 1990 590 2017 ex
616 1976 724 2017 alto
750 1975 954 2032 ingenti
980 1975 1154 2017 sonitu
1176 1977 1226 2016 et
1247 1973 1448 2030 spiritu.

164 2033 291 2075 Prae
323 2048 374 2076 se
405 2035 565 2076 undas
598 2034 782 2089 volvit,
813 2035 1040 2077 vertices
1072 2034 1122 2076 vi
1154 2035 1393 2089 suscitat,

165 2091 288 2133 Ruit
317 2095 579 2149 prolapsa,
611 2093 826 2149 pelagus
858 2091 1140 2149 respergit,
1171 2092 1341 2134 reflat.

165 2150 246 2192 Ita
272 2151 383 2192 dum
407 2151 757 2207 interruptum
783 2152 958 2194 credas
984 2152 1213 2194 nimbum
1232 2151 1448 2205 volvier,

164 2209 292 2251 Dum
325 2211 455 2264 quod
486 2211 707 2253 sublime
738 2211 909 2253 ventis
943 2211 1209 2266 expulsum
1240 2210 1354 2264 rapi

166 2267 349 2310 Saxum
381 2271 467 2311 alit
497 2270 763 2326 procellis,
794 2271 874 2312 vel
905 2270 1151 2326 globosos
1183 2268 1417 2310 turbines

1473 924 1516 956 88

1438 1270 1518 1320 ,35

1474 1636 1517 1667 89
