1685 2568
441 113 529 151 LIB.
555 114 600 150 11.
634 113 733 150 CAP.
760 118 862 149 4-6.
889 117 909 156 g
933 117 1060 149 8—14.
1330 114 1417 155 409

84 210 277 266 profecto
317 210 369 252 ad
407 210 591 252 salutem
626 209 780 252 civium
812 209 1121 263 civitatumque
1152 208 1418 250 incolumita—

85 272 172 310 tem
210 269 428 324 vitamque
465 269 686 310 hominum
725 268 913 334 quietam
945 271 988 309 et
1019 268 1190 309 beatam
1221 267 1418 308 inventas

85 341 178 369 esse
210 328 346 383 leges,
387 341 560 382 eosque,
598 327 670 381 qui
701 327 887 382 primum
919 326 1008 367 eius
1040 326 1156 367 modi
1187 325 1294 367 scita
1326 339 1419 366 san-

84 386 241 441 xerint,
279 386 450 442 populis
489 386 727 427 ostendisse
764 400 813 427 ea
850 399 895 427 se
934 385 1168 440 scripturos
1202 386 1328 438 atque
1360 383 1419 424 la—

48 456 65 482 5
85 447 217 499 turos,
250 445 404 500 quibus
439 444 505 486 illi
538 445 711 486 adscitis
745 444 1038 499 susceptisque
1069 443 1248 484 honeste
1279 442 1419 484 beate-

86 517 166 557 que
200 503 412 556 viverent,
444 518 635 557 quaeque
667 503 729 544 ita
760 503 984 558 conposita
1009 505 1238 555 sanctaque
1265 502 1420 553 essent,

85 576 155 603 eas
188 562 305 617 leges
336 561 535 603 videlicet
564 561 848 611 nominarent.
902 560 968 603 Ex
1001 575 1084 615 quo
1115 560 1310 615 intellegi
1340 573 1420 614 par

84 623 148 661 est
174 635 258 674 eos,
285 620 357 675 qui
382 620 620 675 perniciosa
646 623 689 661 et
713 620 874 661 iniusta
897 620 1070 675 populis
1093 619 1212 660 iussa
1237 618 1419 672 descrip-

83 679 229 732 serint,
258 693 386 733 quom
413 682 563 721 contra
588 678 766 720 fecerint
792 693 918 733 quam
945 678 1128 733 polliciti
1151 677 1418 733 professique

31 750 64 774 10
83 737 181 789 sint,
213 737 380 792 quidvis
413 737 556 793 potius
582 737 735 778 tulisse
761 751 889 791 quam
914 737 1045 792 leges,
1075 739 1124 778 ut
1148 736 1420 792 perspicuum

83 810 175 838 esse
208 796 348 851 possit
380 797 424 837 111
454 796 548 851 ipso
580 796 752 838 nomine
784 796 893 851 legis
924 795 1248 850 interpretando
1279 795 1418 835 inesse

81 855 169 897 vim
204 857 248 896 et
279 855 537 896 sententiam
570 855 671 896 iusti
705 857 747 896 et
778 855 868 896 veri
899 854 1080 910 legendi.
1141 852 1308 902 Quaero
1340 853 1418 908 igi-
1446 862 1490 893 12

81 916 152 955 tur
184 929 209 955 a
240 917 301 969 te,
339 913 513 967 Quinte,
545 914 655 955 sicut
685 913 752 954 illi
784 913 940 955 solent:
979 912 1070 961 Quo
1104 913 1140 954 si
1171 912 1322 955 civitas
1355 926 1420 953 ca-

81 975 185 1026 r,eat
212 973 266 1014 ob
291 987 385 1015 eam
410 973 550 1027 ipsam
576 987 760 1026 causam,
787 972 899 1026 quod
924 986 973 1013 eo
999 974 1154 1025 careat,
1179 985 1258 1026 pro
1283 971 1419 1012 nihilo

0 1036 2 1091 l
30 1041 63 1068 15
82 1031 279 1072 habenda
317 1031 392 1085 sit,
432 1031 474 1072 id
506 1034 625 1073 estne
656 1031 967 1072 numeiandum
998 1031 1042 1072 in
1073 1030 1228 1072 bonis?
1280 1030 1324 1082 Q.
1356 1029 1420 1071 Ac

0 1107 1 1138 l
82 1090 292 1132 maxumis
325 1090 506 1144 quidem.
548 1091 612 1132 M.
637 1089 752 1145 Lege
778 1092 921 1131 autem
947 1103 1095 1131 carens
1122 1089 1274 1131 civitas
1300 1091 1420 1129 estne

0 1148 1 1153 ’
81 1149 136 1191 ob
168 1150 213 1190 z'cl
242 1149 384 1203 ipsum
415 1149 612 1190 habenda
641 1149 763 1190 nullo
794 1148 918 1190 loco?
971 1149 1015 1200 Q.
1046 1147 1144 1190 Dici
1176 1148 1303 1189 aliter
1333 1161 1418 1188 non

81 1210 235 1263 potest.
284 1209 346 1249 M.
378 1206 562 1250 Necesse
600 1210 666 1249 est
695 1207 830 1263 igitur
861 1207 1002 1261 legem
1033 1206 1184 1248 haberi
1215 1206 1261 1247 in
1291 1206 1418 1247 rebus

82 1266 268 1321 optimis.
318 1267 363 1319 Q.
394 1265 575 1308 Prorsus
607 1266 837 1308 adsentior.
885 1266 948 1307 M.
981 1264 1101 1319 Quid,
1134 1265 1247 1319 quod
1277 1265 1416 1305 multa
1444 1273 1488 1305 13

27 1336 62 1362 20
80 1325 328 1380 perniciose,
359 1325 498 1366 multa
528 1325 729 1380 pestifere
762 1325 1001 1366 sciscuntur
1025 1324 1070 1365 in
1095 1323 1279 1389 populis,
1311 1337 1419 1378 quae

79 1398 167 1425 non
203 1383 342 1439 magis
380 1384 489 1439 legis
527 1398 683 1425 nomen
715 1384 962 1439 adtingimt,
1000 1397 1127 1438 quam
1160 1383 1198 1424 si
1228 1383 1418 1423 latrones

81 1443 248 1497 aliquas
287 1457 487 1485 consessu
520 1457 597 1484 sua
629 1442 877 1484 sanxerint?
926 1441 1040 1483 Nam
1071 1456 1207 1496 neque
1240 1441 1419 1483 medico-

80 1516 176 1543 rum
212 1504 442 1557 praecepta
480 1501 561 1543 dici
598 1516 696 1543 vere
732 1503 933 1557 possunt,
978 1501 1014 1541 si
1052 1515 1160 1555 quae
1197 1499 1321 1541 inscii
1358 1499 1419 1541 in-

16 1613 20 1616 *
80 1560 293 1616 peritique
318 1570 396 1616 pro
423 1560 686 1602 salutaribus
713 1559 936 1602 mortifera
961 1559 1318 1614 conscripserunt,
1348 1573 1418 1600 ne-

27 1630 62 1656 25
82 1633 162 1673 que
207 1619 251 1660 111
293 1619 452 1674 populo
497 1620 582 1673 lex,
634 1618 888 1661 cuicuimodi
929 1618 1060 1659 fuerit
1102 1618 1198 1671 illa,
1247 1617 1418 1659 etiamsi

79 1678 365 1733 perniciosum
404 1678 566 1733 aliquid
602 1678 787 1734 populus
820 1677 1041 1732 acceperit.
1103 1676 1221 1732 Ergo
1255 1679 1320 1718 est
1351 1676 1420 1717 lex

79 1736 291 1778 iustorum
321 1736 664 1791 iniustorumque
696 1736 913 1778 distinctio
947 1736 1000 1777 ad
1024 1736 1146 1776 illam
1174 1735 1418 1789 antiquissi-

79 1810 194 1836 mam
235 1798 278 1836 et
309 1810 452 1837 rerum
485 1796 676 1837 omnium
707 1795 943 1850 principem
976 1809 1176 1849 expressa
1206 1797 1418 1848 naturam,

80 1854 134 1895 ad
165 1869 293 1908 quam
323 1855 442 1910 leges
472 1854 666 1896 homium
692 1854 955 1909 deriguntur,
987 1868 1095 1908 quae
1121 1853 1332 1908 supplicio
1358 1852 1419 1894 111-

27 1923 61 1950 30
79 1913 240 1968 probos
273 1913 490 1967 adficiunt,
521 1913 752 1954 defendunt
784 1928 832 1955 ac
862 1915 1038 1954 tuentur
1069 1912 1217 1954 bonos.

169 1972 213 2024 Q.
250 1971 475 2014 Praeclare
519 1972 726 2023 intellego
772 1986 849 2013 nec
893 1986 993 2013 vero
1031 1971 1118 2012 iam
1157 1970 1288 2012 aliam
1325 1985 1418 2013 esse
1445 1971 1472 2013 6

80 2031 214 2072 ullam
246 2031 387 2086 legem
412 2033 517 2086 puto
542 2045 628 2072 non
657 2030 782 2072 modo
808 2030 1062 2084 habendam,
1094 2030 1169 2071 sed
1193 2044 1246 2071 ne
1276 2030 1418 2085 appel-

79 2089 251 2131 landam
303 2089 484 2144 quidem.
545 2090 608 2132 M.
651 2089 792 2145 Igitur
841 2092 889 2131 tu
937 2089 1073 2130 Titias
1123 2091 1167 2130 et
1209 2088 1416 2143 Apuleias
1444 2097 1487 2127 14

80 2148 198 2204 leges
234 2148 377 2190 nullas
414 2149 572 2204 putas?
623 2149 668 2200 Q.
698 2148 794 2203 Ego
833 2162 933 2190 vero
970 2163 1023 2189 ne
1054 2147 1198 2189 Livias
1235 2147 1417 2201 quidem.

27 2208 142 2248 35111.
172 2206 231 2248 Et
269 2210 400 2261 lecte,
438 2222 546 2262 quae
583 2207 838 2262 praesertim
875 2221 959 2248 uno
997 2207 1207 2248 versiculo
1243 2208 1416 2247 senatus

79 2268 239 2321 puncto
276 2266 484 2321 temporis
522 2266 719 2307 sublatae
752 2266 855 2319 sint·
892 2266 961 2307 lex
993 2268 1136 2307 autem
1167 2265 1261 2318 illa,
1299 2264 1416 2305 cuius

78 2325 167 2366 vim
217 2324 444 2381 explicavi,
490 2339 627 2379 neque
676 2324 775 2366 tolli
823 2299 959 2379 n⁷eque
1010 2323 1213 2379 abrogari
1260 2325 1415 2378 potest
