1685 2568
232 65 317 107 278
705 66 769 101 DE
794 66 859 101 RE
883 66 1090 102 PUBLICA
1649 0 1672 202 ff

231 176 328 203 cum
365 161 493 204 simul
532 177 720 204 essemus
752 162 986 217 compluris
1019 162 1124 217 dies,
1162 163 1374 218 exposita,
1409 163 1455 205 in
1487 178 1572 218 qua

230 220 341 262 nihil
380 220 488 274 fere,
532 221 644 275 quod
687 235 846 276 magno
891 235 1018 276 opere
1061 220 1116 262 ad
1152 221 1342 264 rationes
1379 222 1570 264 omnium

232 293 375 320 rerum
406 279 652 334 pertineret,
683 283 741 321 est
770 279 1134 334 praetermissum.

177 358 206 440 εἰ
317 372 432 415 Nam
452 388 548 415 cum
567 372 612 413 P.
627 372 856 413 Africanus
874 372 956 426 hic,
975 372 1100 414 Pauli
1118 373 1244 427 filius,
1263 373 1382 415 feriis
1402 373 1570 416 Latinis

163 409 180 441 ¹
231 431 444 474 Tuditano
477 445 591 473 cons.
623 433 666 472 et
696 430 872 485 Aquilio
904 431 1202 473 constituisset
1231 432 1277 473 in
1306 432 1446 474 hortis
1478 447 1571 474 esse
1607 444 1623 471 ⁵
1660 458 1663 463 -

230 489 642 544 familiarissimique
674 489 764 530 eius
797 489 850 531 ad
882 503 977 530 eum
1005 489 1252 545 frequenter
1277 505 1354 546 per
1380 505 1452 533 eos
1482 491 1571 533 dies

231 568 266 601 p.
281 550 366 601 273]
388 548 676 590 ventitaturos
698 562 742 589 86
763 562 854 589 6886
875 547 1093 599 dixissent,
1117 546 1303 604 lLatinis
1323 550 1429 604 ipsis
1447 565 1572 591 mane

232 608 285 650 ad
304 621 401 649 eum
419 607 583 662 primus
604 606 764 648 sororis
783 607 898 647 filius
918 607 1036 648 venit
1055 605 1102 655 Q.
1122 607 1309 662 Tubero3
1330 623 1456 663 quem
1476 623 1573 650 cum

232 666 411 709 comiter
436 663 578 720 Scipio
611 665 919 720 appellavisset
945 665 1214 721 libenterque
1239 666 1429 721 vidisset,
1462 666 1573 716 Quid
1667 687 1685 713 1,

231 729 290 778 tu,
315 724 467 780 inquit,
493 727 584 769 tam
610 738 745 778 mane,
772 723 970 765 Tubero?
1004 724 1165 766 dabant
1191 725 1304 766 enim
1335 726 1413 767 hae
1437 725 1572 767 feriae
1592 737 1624 763 1⁰
1682 749 1685 758 ¹

229 783 311 825 tibi
349 785 607 838 oportunam
646 797 747 824 86116
786 782 1037 824 facultatem
1075 783 1129 825 ad
1166 784 1440 838 explicandas
1473 787 1572 826 tuas
1683 783 1685 787 ’

229 843 411 884 litteras.
472 841 582 883 Tum
622 841 714 883 ille:
755 840 863 882 Mihi
902 855 1003 883 vero
1043 856 1168 883 omne
1205 844 1376 898 tempus
1416 845 1482 885 6813
1519 843 1574 885 ad

230 915 347 943 meos
385 900 521 942 libros
559 915 759 954 vacuum3
796 915 1030 955 numquam
1070 900 1183 942 enim
1221 904 1321 942 sunt
1355 901 1423 943 illi
1455 917 1573 944 06611-

1676 393 1682 417 1

229 960 338 1016 pati3
375 962 419 1002 te
451 961 596 1001 autem
626 973 910 1014 permagnum
942 961 1008 1000 est
1038 959 1228 1001 nancisci
1260 960 1460 1014 otiosum,
1491 961 1573 1003 hoc
1663 972 1685 1008 151

228 1038 263 1071 p.
290 1019 375 1072 274]
414 1018 670 1073 praesertim
707 1020 828 1059 motu
862 1016 866 1072 1
900 1017 962 1059 161
999 1018 1208 1072 publicae.
1264 1018 1375 1060 Tum
1411 1017 1572 1075 Scipio:
1593 1029 1625 1056 15
1681 1044 1685 1068 4

229 1077 365 1133 Atqui
389 1080 541 1119 nactus
568 1091 624 1131 68,
652 1077 725 1118 sed
751 1076 992 1118 mehercule
1018 1077 1268 1119 otiosiorem
1292 1092 1423 1133 opera
1441 1092 1572 1133 quam
1683 1106 1685 1125 .

230 1136 384 1179 animo.
428 1135 487 1178 Et
510 1136 602 1178 ille:
635 1136 696 1177 At
720 1149 822 1177 vero
849 1135 1040 1177 animum
1067 1150 1235 1190 quoque
1261 1136 1427 1178 relaxes
1449 1151 1573 1192 opor·
1682 1162 1685 1187 1

229 1198 311 1250 tct3
343 1209 490 1237 sumus
516 1194 629 1236 enim
656 1194 794 1249 multi,
825 1196 874 1235 ut
899 1194 1214 1250 constituimus,
1245 1195 1401 1250 parati,
1434 1195 1471 1237 si
1496 1198 1572 1238 tuo
1681 1222 1685 1246 ‹

229 1254 453 1298 commodo
483 1253 577 1295 fieri
606 1255 769 1309 potest,
808 1253 930 1294 abuti
961 1255 1102 1294 tecum
1134 1253 1216 1296 hoc
1247 1253 1349 1296 otio.
1397 1253 1475 1296 SC.
1505 1253 1574 1296 Li·
1659 1275 1685 1305 2¹³1

228 1314 356 1355 bente
404 1327 471 1354 me
514 1326 633 1366 vero,
683 1314 731 1353 ut
775 1311 939 1367 aliquid
982 1312 1213 1367 aliquando
1257 1312 1308 1354 de
1353 1312 1572 1355 doctrinae
1592 1323 1626 1350 2⁰

231 1371 384 1414 studiis
418 1371 737 1413 admoneamur.

318 1453 428 1495 Tum
464 1453 555 1495 ille:
591 1451 725 1494 Visne
762 1453 914 1509 igitur,
957 1453 1159 1508 quoniam
1198 1455 1242 1495 et
1278 1468 1347 1496 me
1385 1453 1571 1509 quodam

230 1512 355 1555 modo
380 1512 540 1554 invitas
566 1514 610 1554 613
634 1511 699 1553 13111
725 1527 845 1567 spem
872 1512 959 1566 das,
989 1512 1070 1554 hoc
1094 1512 1295 1567 primum,
1330 1512 1541 1567 Africam,
1564 1510 1569 1569 Ι

228 1591 264 1623 p.
291 1573 354 1625 97]
387 1571 620 1626 videamus,
651 1573 751 1612 ante
783 1585 912 1625 quam
943 1570 1121 1612 veniunt
1152 1571 1238 1626 alii,
1271 1571 1475 1625 quidnam
1502 1571 1570 1626 sit,

229 1630 279 1672 de
321 1630 407 1672 isto
452 1630 589 1671 altero
634 1630 724 1671 sole
769 1630 882 1684 quod
917 1629 1165 1671 nuntiatum
1203 1632 1269 1671 est
1305 1629 1351 1671 in
1389 1631 1571 1672 senatu?
1590 1642 1622 1667 2⁵

229 1703 366 1744 neque
398 1688 512 1730 enim
542 1688 668 1744 pauci
698 1703 835 1743 neque
867 1688 983 1730 leves
1015 1690 1128 1743 sunt,
1161 1688 1233 1743 qui
1264 1703 1310 1730 se
1342 1688 1425 1731 duo
1458 1690 1571 1731 soles

229 1748 386 1790 vidisse
425 1747 587 1801 dicant,
623 1749 672 1789 ut
708 1762 795 1789 non
831 1749 923 1789 tam
960 1747 1065 1789 fides
1095 1761 1182 1789 non
1213 1747 1410 1789 habenda
1442 1762 1571 1802 quam

229 1807 341 1848 ratio
374 1806 617 1861 quaerenda
648 1806 716 1848 sit.
765 1805 848 1848 Hic
874 1804 1034 1861 Scipio:
1067 1804 1205 1854 Quam
1230 1806 1387 1848 vellem
1412 1806 1572 1848 Panae-

229 1865 338 1907 tium
375 1868 573 1907 nostrum
608 1865 833 1907 nobiscum
869 1864 1144 1906 haberemus!
1187 1864 1259 1920 qui
1291 1879 1385 1907 cum
1417 1867 1570 1920 cetera,

229 1927 322 1966 tum
362 1924 467 1966 haec
507 1924 710 1966 caelestia
746 1924 815 1965 vel
854 1923 1168 1965 studiosissime
1205 1923 1317 1965 solet
1355 1938 1569 1978 quaerere.
1588 1932 1648 1978 ³0?

229 2002 264 2035 p.
291 1984 353 2036 33]
393 1982 475 2024 Sed
512 1997 610 2038 ego,
647 1982 835 2036 Tubero,
879 1981 999 2038 (nam
1036 1984 1178 2024 tecum
1211 1983 1218 2037 Ι
1251 1985 1417 2037 aperte,
1457 1982 1571 2037 quod
1646 1983 1648 1990 '

230 2041 387 2096 sentio,
424 2039 595 2097 loquar)
633 2056 720 2083 non
750 2041 878 2083 11111118
911 2041 1129 2083 adsentior
1159 2041 1205 2083 in
1235 2041 1353 2083 omni
1383 2041 1468 2083 isto
1501 2055 1570 2097 ge-

229 2115 329 2143 nere
371 2102 521 2142 nostro
565 2100 632 2142 illi
671 2100 895 2166 familiari2
940 2100 1029 2166 qui,
1074 2114 1181 2154 quae
1219 2099 1289 2141 vix
1327 2100 1570 2142 coniectura

230 2159 376 2214 qualia
407 2159 493 2201 sint
521 2173 750 2214 possumus
777 2158 998 2214 suspicari,
1031 2158 1091 2200 sic
1117 2158 1329 2213 adfirmat,
1360 2161 1409 2200 ut
1434 2158 1568 2201 oeulis

230 2233 281 2260 ea
321 2232 491 2260 cernere
531 2218 727 2259 videatur
767 2221 841 2259 aut
881 2219 1067 2259 tiactare
1108 2217 1236 2272 plane
1273 2232 1414 2259 manu.
1476 2216 1568 2266 Quo
1587 2224 1618 2252 35

229 2276 360 2319 61316111
381 2276 685 2332 sapientiorem
706 2275 927 2318 Socratem
948 2277 1066 2318 soleo
1086 2275 1284 2330 iudicare,
1305 2275 1378 2330 qui
1397 2290 1568 2318 omnem

161 1436 216 1519 t?
