1685 2568
405 94 494 129 LIB.
521 94 565 130 II.
593 93 692 130 CAP.
722 98 824 130 6-8.
852 98 871 137 ξ)
901 98 1050 130 16-21.
1310 97 1395 139 203

53 190 184 232 fuerit
226 203 318 231 esse
357 189 551 232 futurum
590 192 686 231 rato
724 192 936 244 tempore,
975 204 1083 244 quae
1119 193 1264 245 potest
1303 206 1396 233 esse

53 249 259 291 fortuna?
292 264 377 303 qua
409 249 582 291 sublata
612 248 685 302 qui
716 247 835 290 locus
868 251 933 290 est
964 248 1248 290 divinationi?
1287 264 1395 304 quae

55 322 80 349 a
116 309 159 349 te
190 307 470 349 fortuitarum
501 322 644 349 rerum
677 309 743 348 est
774 306 888 348 dicta
919 307 1178 361 praesensio.
1242 306 1396 356 Quam-

55 380 184 421 quam
210 365 380 407 dicebas
407 365 562 419 omnia,
588 379 696 420 quae
720 365 873 407 fierent
897 365 1097 407 futurave
1123 369 1278 420 essent,
1302 366 1395 408 fato

55 424 274 467 contineri.
336 424 464 466 Anile
509 438 609 466 sane
651 426 694 465 et
736 424 911 479 plenum
956 424 1276 479 superstitionis
1314 425 1396 466 fati

51 497 209 525 nomen
249 483 409 538 ipsum3
453 483 526 525 sed
562 485 710 525 tamen
747 483 860 537 apud
892 481 1059 525 Stoicos
1098 483 1149 525 de
1186 483 1271 525 isto
1303 483 1395 526 fato

53 541 191 584 multa
241 541 456 596 dicuntur3
506 541 556 583 de
606 555 690 596 quo
737 541 864 595 alias3
912 556 1024 584 nunc
1068 542 1181 596 quod
1223 557 1396 584 necesse

53 602 129 642 est.
198 598 242 641 Si
295 600 439 642 omnia
480 600 591 654 fato,
641 599 743 654 quid
787 600 892 642 mihi
937 600 1144 643 divinatio
1189 601 1394 656 prodest?

53 657 175 708 Quod
222 659 335 700 enim
372 659 427 713 is,
472 659 544 713 qui
577 658 759 713 divinat,
795 659 1021 714 praedicit,
1063 659 1108 701 id
1144 674 1245 702 vero
1282 659 1395 702 futu-

53 732 148 759 rum
190 720 273 772 est,
312 720 361 759 ut
403 732 456 759 ne
493 717 601 759 illud
639 717 810 772 quidem
843 718 975 760 sciam
1008 718 1135 773 quale
1167 719 1241 773 sit,
1283 719 1398 773 quod

52 776 324 831 Deiotarum,
366 776 656 818 necessarium
699 779 915 832 nostrum,
960 792 1010 819 ex
1053 777 1206 818 itinere
1250 778 1397 832 aquila

51 835 286 890 revocavit3
328 835 400 890 qui
439 835 523 876 nisi
564 835 832 890 revertisset,
870 836 915 877 in
952 851 1001 878 eo
1034 836 1227 890 conclavi
1259 837 1297 878 ei
1329 852 1396 878 cu-

50 894 240 936 bandum
280 893 452 948 fuisset,
494 894 607 949 quod
644 909 854 949 proxuma
889 897 1015 936 nocte
1050 895 1229 949 corruit3
1272 896 1398 937 ruina

51 953 187 1008 igitur
220 967 449 1008 oppressus
483 956 607 995 esset.
657 953 718 994 At
749 953 792 994 id
823 968 971 1008 neque,
1004 954 1041 995 si
1072 953 1211 995 fatum
1242 954 1396 1009 fuerat,

53 1012 276 1067 effugisset
306 1026 395 1065 nec,
428 1012 464 1053 si
497 1027 584 1054 non
614 1011 767 1066 fuerat,
798 1012 844 1053 in
869 1027 966 1053 eum
992 1027 1138 1054 casum
1163 1013 1396 1055 incidisset.

52 1070 162 1119 Quid
200 1085 302 1127 ergo
336 1071 512 1112 adiuvat
544 1070 782 1112 divinatio?
821 1073 895 1112 aut
928 1071 1030 1124 quid
1062 1074 1144 1125 est,
1183 1071 1296 1126 quod
1327 1086 1396 1114 me

52 1132 257 1171 moneant
289 1132 364 1170 aut
396 1132 535 1171 sortes
569 1132 643 1170 aut
675 1132 773 1170 exta
805 1132 880 1170 aut
910 1129 1002 1171 ulla
1032 1130 1300 1184 praedictio?
1350 1129 1396 1172 Si

51 1188 165 1230 enim
201 1187 341 1230 fatum
378 1187 462 1229 fuit
493 1188 652 1229 classes
684 1188 835 1242 populi
866 1187 1053 1229 Romani
1084 1189 1200 1230 bello
1232 1188 1394 1231 Punico

49 1247 203 1302 primo,
230 1247 412 1288 alteram
436 1246 677 1302 naufragio,
704 1246 886 1288 alteram
915 1262 940 1288 a
958 1246 1114 1289 Poenis
1136 1247 1395 1302 depressam,

50 1305 239 1360 interire,
275 1305 446 1347 etiamsi
476 1305 713 1360 tripudium
746 1305 1020 1347 solistumum
1050 1306 1161 1361 pulli
1192 1306 1395 1349 fecissent

48 1363 96 1406 L.
121 1363 244 1406 Iunio
272 1367 315 1405 et
339 1363 385 1406 P.
407 1363 586 1406 Claudio
613 1364 873 1418 consulibus,
905 1364 1065 1406 classes
1090 1367 1239 1407 tamen
1264 1366 1395 1407 inter—

48 1423 197 1466 issent.
247 1421 333 1477 Sin,
366 1438 463 1465 cum
495 1423 697 1479 auspiciis
730 1423 1077 1478 obtemperatum
1104 1426 1229 1479 esset,
1266 1424 1395 1467 inter-

48 1482 190 1524 iturae
216 1482 375 1524 classes
399 1497 487 1524 non
510 1482 695 1536 fuerunt,
723 1497 810 1524 non
834 1482 1092 1524 interierunt
1116 1482 1228 1537 fat03
1258 1483 1392 1525 vultis

51 1543 195 1583 autem
229 1541 373 1583 omnia
402 1541 513 1595 fato3
543 1541 666 1583 nulla
695 1541 831 1597 igitur
862 1544 928 1583 est
960 1541 1180 1584 divinatio.
1231 1541 1392 1591 Quodsi
1417 1552 1461 1583 21

50 1600 190 1642 fatum
221 1599 305 1641 fuit
335 1600 451 1642 bello
476 1599 636 1642 Punico
669 1600 852 1642 secundo
879 1600 1111 1642 exercitum
1137 1601 1288 1656 populi
1312 1601 1395 1644 Ro-

50 1659 168 1701 mani
200 1659 253 1701 ad
285 1659 427 1701 lacum
458 1658 799 1701 Trasumennum
830 1659 1025 1713 interire,
1055 1674 1159 1701 num
1189 1660 1234 1701 id
1265 1660 1396 1702 vitari

50 1717 206 1773 potuit,
238 1717 275 1759 si
305 1716 544 1760 Flaminius
575 1718 724 1760 consul
755 1718 809 1760 iis
842 1718 978 1774 signis
1009 1718 1147 1773 iisque
1180 1718 1395 1774 auspiciis,

52 1777 206 1832 quibus
243 1791 437 1832 pugnare
474 1776 803 1832 prohibebatur,
843 1777 1088 1832 paruisset?
1141 1776 1293 1830 [Certe
1321 1792 1396 1833 po-

51 1835 165 1888 tuit]
218 1835 308 1877 Aut
347 1835 482 1891 igitur
518 1850 605 1877 non
640 1836 732 1877 fato
764 1835 930 1877 interiit
961 1835 1190 1891 exercitus,
1229 1839 1319 1891 aut,
1359 1836 1396 1878 si

51 1893 144 1936 fato
177 1892 310 1950 (quod
342 1897 456 1936 certe
486 1894 610 1936 vobis
641 1894 704 1936 ita
735 1894 958 1936 dicendum
991 1893 1088 1951 est),
1121 1895 1292 1937 etiamsi
1323 1895 1396 1938 ob·

51 1955 337 2008 temperasset
369 1953 582 2009 auspiciis,
613 1953 726 1995 idem
755 1955 1007 1995 eventurum
1031 1953 1204 2008 fuisset3
1235 1955 1397 1996 mutari

52 2011 166 2053 enim
203 2011 296 2053 fata
325 2026 413 2054 non
442 2014 636 2067 possunt.
686 2011 773 2054 Ubi
804 2014 870 2054 est
902 2012 1038 2068 igitur
1069 2012 1155 2055 ista
1187 2013 1395 2055 divinatio

35 2065 323 2112 Stoicorum?
365 2085 491 2125 quae,
532 2071 569 2112 si
603 2070 695 2113 fato
735 2071 880 2113 omnia
908 2071 1036 2126 fiunt,
1073 2071 1183 2113 nihil
1213 2086 1293 2114 nos
1326 2073 1396 2114 ad-

52 2143 225 2171 monere
250 2131 408 2184 potest,
432 2132 481 2171 ut
508 2129 721 2172 cautiores
747 2130 898 2185 simus3
931 2144 1102 2185 quoquo
1129 2130 1243 2173 enim
1267 2130 1395 2173 modo

52 2201 130 2230 nos
169 2188 447 2243 gesserimus,
483 2188 558 2230 fiet
594 2191 740 2230 tamen
776 2189 902 2243 illud,
941 2189 1055 2244 quod
1084 2188 1280 2231 futurum
1313 2191 1395 2244 est3

53 2245 121 2288 sin
159 2248 303 2288 autem
339 2246 384 2288 id
413 2249 560 2302 potest
588 2247 720 2302 flecti,
757 2248 925 2289 nullum
957 2250 1023 2290 est
1053 2247 1211 2303 fatum3
1247 2248 1310 2289 ita
1340 2262 1396 2289 ne

54 2304 262 2347 divinatio
305 2305 493 2360 quidem,
534 2306 736 2359 quonjam
774 2321 824 2348 ea
860 2321 1003 2348 rerum
1039 2306 1285 2348 futurarum
1317 2308 1395 2347 est.
