1685 2568
395 97 483 136 LIB.
511 100 538 136 Ι.
566 100 665 136 CAP.
692 104 841 135 34-36.
869 104 888 142 ξ
914 104 1086 136 96-101.
1352 101 1406 143 37

74 196 160 250 dat,
194 196 267 237 sed
293 196 444 251 capite,
469 196 594 250 collo,
619 195 864 249 cervicibus,
890 195 1110 250 lateribus,
1137 195 1247 249 alvo,
1272 199 1409 252 tergo,

72 254 324 310 poplitibus,
355 254 564 308 manibus,
594 253 786 308 pedibus,
817 253 1060 309 feminibus,
1092 254 1297 296 cruribus.
1353 254 1410 309 Si,

72 316 122 354 ut
152 313 396 355 inmortalis
429 313 502 367 sit,
541 312 641 367 quid
672 312 775 354 haec
808 312 861 354 ad
891 312 1025 354 vitam
1058 313 1251 354 membra
1281 313 1410 368 perti-

72 372 204 413 nent?
248 372 348 427 quid
387 371 482 426 ipsa
517 370 677 412 facies?
731 370 871 426 Magis
908 371 1002 425 illa,
1046 372 1282 426 cerebrum,
1326 385 1410 425 cor,

37 443 54 468 5
74 431 312 486 pulmones,
343 430 474 484 iecur3
505 429 610 471 haec
642 429 754 471 enim
787 432 886 471 sunt
918 429 1134 471 domicilia
1158 430 1291 484 vitae3
1323 430 1410 471 oris
1424 466 1479 506 36

75 489 244 544 quidem
270 488 444 530 habitus
470 488 523 529 ad
548 488 663 529 vitae
689 488 938 530 firmitatem
962 488 1072 530 nihil
1096 489 1294 543 pertinet.
1335 488 1393 530 Et
1414 517 1480 548 100

73 562 145 590 eos
194 547 489 602 vituperabas,
540 547 613 601 qui
662 561 711 588 ex
756 547 955 602 operibus
998 547 1237 603 magnificis
1282 549 1410 602 atque

72 606 322 662 praeclaris,
365 620 460 647 cum
500 605 642 660 ipsum
679 606 902 661 mundum,
946 620 1041 648 cum
1080 606 1168 648 eius
1206 606 1412 660 membra,

73 666 249 719 caelum,
281 667 434 718 terras,
467 664 616 717 maria,
648 679 826 719 cumque
852 664 1042 706 horum
1031 665 1230 720 insignia,
1263 665 1410 718 solem,

20 735 54 760 10
74 723 222 765 lunam
254 723 506 777 stellasque,
540 723 759 777 vidissent,
791 738 969 778 cumque
1001 725 1244 779 temporum
1275 726 1411 765 matu-

73 782 243 836 ritates,
276 781 536 823 mutationes
569 782 968 836 vicissitudinesque
1000 782 1314 838 cognovissent,
1346 797 1412 824 su-

72 840 226 895 spicati
264 842 407 882 essent
444 840 634 895 aliquam
670 841 946 883 excellentem
978 855 1069 883 esse
1099 844 1410 896 praestantem—

72 914 152 954 que
182 901 400 953 naturam,
438 913 546 953 quae
577 899 682 941 haec
715 899 945 954 effecisset,
983 903 1192 954 moveret,
1229 903 1410 956 regeret,

72 958 342 1014 gubernaret.
405 956 486 1006 Qui
530 958 700 999 etiamsi
745 959 946 1000 aberrant
984 959 1244 1014 coniectura,
1286 959 1410 1001 video

20 1030 53 1055 15
71 1020 229 1071 tamen,
255 1017 357 1082 quid
383 1019 636 1071 sequantur3
667 1019 715 1058 tu
742 1017 854 1071 quod
881 1032 986 1073 opus
1012 1018 1185 1059 tandem
1205 1032 1412 1083 magnum

73 1078 116 1117 et
156 1075 378 1131 egregium
418 1075 569 1130 habes,
611 1076 724 1130 quod
762 1076 959 1118 effectum
998 1076 1141 1118 divina
1179 1080 1320 1118 mente
1352 1092 1411 1118 vi-

72 1134 234 1188 deatur,
267 1148 316 1175 ex
343 1148 426 1188 quo
454 1148 546 1175 esse
573 1134 674 1175 deos
700 1134 943 1189 suspicere?
988 1134 1225 1190 Habebam,
1256 1135 1411 1190 inquis,

70 1193 115 1234 in
142 1192 283 1234 animo
311 1192 487 1233 insitam
513 1191 863 1234 informationem
884 1193 1098 1247 quandam
1119 1194 1196 1235 dei.
1238 1194 1298 1235 Et
1317 1195 1411 1235 bar-

69 1251 162 1293 bati
189 1251 359 1306 quidem
384 1250 512 1305 Iovis,
542 1252 739 1307 galeatae
764 1251 999 1306 Minervae3
1030 1267 1134 1293 num
1157 1252 1293 1308 igitur
1319 1267 1411 1294 esse

19 1323 52 1349 20
72 1310 174 1352 talis
199 1310 356 1365 putas?
396 1285 564 1358 Quarito
591 1310 743 1351 melius
769 1310 875 1352 haec
900 1311 1056 1366 vulgus
1081 1311 1393 1366 imperitorum,
1415 1323 1479 1354 101

71 1368 144 1424 qui
185 1383 272 1411 non
315 1369 508 1411 membra
551 1369 690 1411 solum
734 1369 919 1411 hominis
965 1370 1041 1411 deo
1079 1370 1291 1425 tribuant,
1336 1371 1410 1413 sed

70 1442 194 1469 usum
226 1428 357 1469 etiam
388 1428 690 1469 membrorum.
740 1427 858 1470 Dant
884 1428 996 1470 enim
1022 1444 1179 1484 arcum,
1211 1430 1410 1485 sagittas,

69 1487 259 1540 hastam,
304 1487 507 1542 clipeum,
549 1486 778 1541 fuscinam,
821 1487 1003 1540 fulmen,
1048 1491 1090 1530 et
1128 1488 1181 1542 si,
1220 1489 1409 1531 actiones

71 1560 178 1600 quae
216 1545 303 1587 sint
341 1545 533 1599 deorum,
570 1560 658 1588 non
694 1546 857 1600 vident,
893 1546 1002 1587 nihil
1034 1549 1234 1602 agentem
1264 1550 1412 1590 tamen

18 1615 51 1642 25
73 1605 197 1646 deum
216 1618 304 1646 non
324 1607 484 1659 queunt
504 1605 707 1660 cogitare.
756 1604 858 1660 Ipsi,
878 1605 951 1659 qui
970 1605 1219 1660 inridentur,
1238 1606 1410 1663 Aegyp-

70 1663 121 1705 tii
157 1663 323 1705 nullam
359 1663 532 1705 beluam
564 1663 647 1705 nisi
679 1664 733 1706 ob
767 1664 957 1718 aliquam
988 1665 1242 1719 utilitatem,
1281 1680 1409 1720 quam

71 1736 121 1763 ex
155 1736 205 1763 ea
236 1724 453 1777 caperent,
492 1726 866 1777 consecraverunt3
903 1723 1023 1765 velut
1053 1724 1144 1765 ibes
1177 1725 1410 1767 maximam

69 1780 157 1822 vim
200 1781 464 1836 serpentium
508 1781 754 1836 conficiunt,
797 1797 893 1824 cum
937 1782 1024 1824 sint
1068 1797 1167 1825 aves
1206 1784 1408 1837 excelsae,

71 1839 264 1882 cruribus
301 1839 470 1896 rigidis,
512 1855 664 1882 corneo
702 1855 964 1896 proceroque
1004 1844 1165 1896 rostr03
1208 1845 1410 1884 avertunt

35 1909 51 1935 0
70 1900 233 1952 pestem
266 1898 319 1940 ab
346 1898 560 1954 Aegypto,
592 1914 688 1941 cum
718 1900 904 1942 volucris
938 1901 1090 1956 anguis
1123 1915 1173 1942 ex
1203 1902 1409 1944 vastitate

70 1955 229 2010 Libyae
269 1960 397 1999 vento
429 1958 577 2000 Africo
615 1958 807 2000 invectas
845 1959 1108 2001 interficiunt
1146 1962 1275 2015 atque
1313 1975 1410 2003 con·

71 2017 262 2070 sumunt3
293 2030 343 2058 ex
375 2031 458 2071 quo
491 2017 551 2071 fit,
583 2019 632 2058 ut
661 2017 764 2059 illae
794 2032 872 2059 nec
903 2032 1050 2060 morsu
1077 2018 1200 2061 vivae
1225 2022 1409 2062 noceant

69 2088 146 2115 nec
183 2073 311 2116 odore
348 2077 556 2117 mortuae.
616 2075 799 2118 Possum
838 2076 888 2118 de
925 2077 1257 2119 ichneumonum
1295 2079 1409 2120 utili-

69 2134 172 2186 tate,
205 2132 255 2173 de
281 2134 602 2189 crocodilorum,
635 2135 685 2176 de
709 2135 888 2177 faelium
915 2135 1064 2190 dicere,
1091 2137 1164 2178 sed
1188 2138 1289 2179 nolo
1317 2152 1409 2179 esse

35 2201 51 2228 5
70 2190 239 2247 longus.
295 2190 364 2233 Ita
395 2193 654 2248 concludam,
685 2195 834 2236 tamen
863 2195 1012 2236 beluas
1040 2210 1066 2237 a
1090 2195 1288 2237 barbaris
1313 2211 1409 2251 pro-

68 2252 166 2304 pter
202 2249 454 2292 beneficium
494 2254 785 2307 consecratas,
829 2256 1073 2295 vestrorum
1111 2254 1286 2296 deorum
1323 2269 1410 2295 non

69 2308 195 2351 modo
222 2308 473 2351 beneficium
498 2310 666 2352 nullum
693 2314 849 2368 extare,
876 2312 950 2354 sed
975 2327 1028 2354 ne
1054 2313 1216 2355 factum
1238 2312 1409 2368 quidem
