1685 2568
399 118 487 153 LIB.
512 119 557 154 11.
594 118 693 153 OAP.
723 122 871 153 30—33.
905 123 926 161 ἓ
952 124 1101 155 64-70.
1335 122 1411 162 22]

83 214 366 258 cedaemoniis
403 215 447 255 in
484 213 684 256 Herculis
722 213 824 255 fano
863 229 985 255 arma
1024 219 1276 269 sonuerunt,
1315 217 1421 258 eius-

83 274 261 327 demque
300 273 366 314 dei
397 273 556 314 Thebis
593 273 745 314 valvae
783 273 953 314 clausae
992 273 1137 315 subito
1173 288 1217 315 se
1250 289 1419 329 aperue-

82 335 199 384 runt,
244 346 376 386 eaque
421 334 558 385 scuta,
602 346 710 386 quae
747 330 918 372 fuerant
955 332 1138 373 sublime
1176 332 1277 386 fixa,
1322 336 1422 374 sunt

81 391 201 432 humi
243 390 429 431 inventa.
490 389 658 431 Horum
695 405 791 431 011111
827 390 920 431 fieri
955 391 1064 432 nihil
1103 392 1293 445 potuerit
1331 392 1421 433 sine

47 449 227 503 saliquo
267 451 404 502 motu,
444 448 545 504 quid
578 451 660 503 cst,
694 464 768 490 cur
800 448 1002 490 divinitus
1036 463 1086 490 ea
1116 450 1261 504 potius
1294 464 1420 505 quam

81 566 221 621 capite
240 566 421 621 Delphis
454 566 598 607 extitit
624 581 781 608 corona
807 581 856 608 ex
883 568 1047 621 asperis
1073 567 1231 621 herbis,
1263 571 1306 609 et
1333 569 1422 623 qui-

81 626 177 667 dem
210 625 364 666 subita.
426 624 578 666 Itane?
617 639 762 666 censes
796 628 894 667 ante
927 640 1132 667 coronam
1164 626 1323 668 herbae
1356 641 1422 668 ex-

81 684 241 737 titisse,
281 699 410 738 quam
447 686 700 738 conceptum
732 698 824 725 esse
857 685 1029 726 semen?
1067 685 1247 726 herbam
1279 688 1423 727 autem

30 756 62 781 ιο
82 757 280 798 asperam
324 743 448 784 credo
494 742 638 784 avium
682 746 907 798 congestu,
950 758 1037 785 non
1075 743 1263 785 humano
1306 747 1422 797 satu,

81 802 184 855 iam,
223 801 422 856 quicquid
453 801 499 842 in
529 802 669 856 capite
701 805 785 856 est,
824 802 867 843 id
899 817 1081 844 coronae
1114 803 1254 844 simile
1286 803 1422 845 videri

80 863 236 916 potest.
286 859 400 902 Nam
432 860 545 914 quod
577 860 725 902 eodem
756 863 950 916 tempore
983 861 1134 903 stellas
1167 877 1318 903 aureas
1345 861 1422 904 Ca-

82 920 211 961 storis
244 921 287 961 et
311 919 499 961 Pollucis
526 919 708 974 Delphis
740 920 905 974 positas
936 920 1153 974 decidisse,
1184 935 1322 975 neque
1350 935 1420 962 eas

81 993 263 1033 usquam
295 980 486 1032 repertas
520 993 613 1019 esse
645 978 802 1032 dixisti,
835 978 979 1020 furum
1011 979 1055 1020 id
1086 980 1227 1035 magis
1257 980 1421 1022 factum

28 1050 62 1075 15
83 1052 211 1092 quam
243 1037 417 1079 deorum
444 1037 622 1078 videtur.
673 1035 830 1078 Simiae
856 1052 957 1079 vero
981 1037 1239 1080 Dodonaeae
1265 1039 1422 1093 impro-

81 1097 263 1138 bitatem
288 1095 482 1136 historiis
503 1095 678 1137 Graecis
699 1096 947 1137 mandatam
968 1111 1059 1138 esse
1080 1097 1276 1139 demiror.
1313 1097 1423 1146 Quid

81 1155 221 1196 minus
253 1155 409 1196 mirum
442 1169 569 1208 quam
601 1155 723 1195 illam
755 1156 1210 1197 monstruosissumam
1237 1157 1421 1198 bestiam

84 1228 233 1255 urnam
271 1213 492 1267 evertisse,
531 1215 670 1254 sortes
710 1213 1028 1268 dissupavisse‘?
1078 1214 1137 1256 Et
1167 1218 1330 1270 negant
1361 1216 1423 1257 hi-

81 1272 230 1314 storici
255 1271 601 1313 Lacedaemoniis
634 1272 772 1313 ullum
805 1275 1023 1314 ostentum
1052 1272 1134 1314 hoc
1159 1274 1330 1315 tristius
1357 1289 1421 1316 ae-

28 1344 62 1369 20
82 1331 251 1374 cidisse!
300 1329 415 1372 Nam
450 1330 527 1372 1113
562 1331 783 1396 praedicta
814 1330 1077 1385 Veientium,
1119 1333 1156 1373 si
1192 1333 1310 1374 lacus
1350 1334 1422 1374 Al-

82 1391 218 1432 banus
261 1389 541 1431 redundasset
583 1390 705 1444 isque
748 1390 794 1431 in
830 1405 948 1432 mare
986 1391 1195 1446 fluxisset,
1238 1392 1423 1434 Romam

81 1449 336 1505 perituram,
380 1448 417 1490 si
459 1463 679 1503 repressus
724 1451 854 1503 essct,
899 1449 1064 1491 Veios.
1093 1484 1100 1491 .
1128 1484 1173 1492 ..
1212 1451 1274 1492 ita
1312 1467 1424 1506 aqua

82 1508 255 1549 Albana
286 1507 467 1549 deducta
498 1507 552 1549 ad
583 1508 820 1549 utilitatem
852 1509 947 1563 agii
980 1509 1226 1563 suburbani,
1257 1525 1344 1552 non
1370 1511 1424 1552 ad

82 1581 221 1609 arcem
262 1567 496 1622 urbemque
534 1566 812 1608 retinendam.
875 1568 935 1608 At
972 1569 1102 1622 paulo
1144 1572 1244 1623 post
1276 1569 1423 1611 audita

31 1637 64 1664 25
82 1640 165 1667 vox
196 1628 263 1667 est
294 1625 525 1679 monentis,
563 1628 612 1666 ut
642 1626 933 1680 providerent,
970 1642 1024 1668 ne
1056 1643 1081 1669 a
1113 1626 1252 1669 Gallis
1283 1628 1423 1670 Roma

82 1687 323 1740 caperetur,
356 1699 406 1725 ex
438 1699 486 1725 eo
513 1684 596 1726 Aio
622 1684 835 1739 Loquenti
867 1700 986 1726 aram
1018 1686 1064 1727 in
1094 1701 1207 1727 nova
1232 1687 1302 1728 via
1327 1702 1422 1729 con-

83 1746 306 1785 secratam.
368 1742 480 1791 Quid
512 1744 645 1798 ergo?
694 1744 802 1785 Aius
834 1743 917 1785 iste
949 1744 1166 1799 Loquens,
1197 1760 1294 1787 cum
1326 1761 1423 1788 eum

82 1817 208 1844 nemo
245 1804 391 1856 norat,
429 1804 472 1843 et
510 1802 654 1844 aiebat
680 1808 722 1842 et
745 1803 1004 1857 loquebatur
1034 1808 1071 1845 et
1101 1818 1152 1845 ex
1184 1819 1233 1846 eo
1264 1820 1423 1847 nomen

83 1861 265 1915 invenit3
301 1864 586 1916 posteaquam
623 1863 667 1902 et
701 1861 842 1903 sedem
876 1864 919 1903 et
950 1877 1069 1903 aram
1101 1865 1144 1905 et
1174 1877 1332 1905 nomen
1363 1865 1423 1906 in·

30 1931 64 1956 30
84 1920 217 1974 venit,
255 1920 501 1962 obmutuit?
552 1919 674 1968 Quod
709 1920 823 1962 idem
860 1920 942 1963 (1101
974 1921 1023 1963 (10
1055 1921 1230 1964 Moneta
1259 1926 1424 1978 potest3

84 1993 109 2021 a
140 1993 224 2033 qua
252 1981 556 2034 praeterquam
581 1979 631 2020 de
657 1993 731 2020 sue
756 1979 886 2034 plena
911 1981 1013 2035 quid
1038 1996 1244 2036 umquam
1270 1983 1423 2024 moniti

34 2064 40 2070 -
83 2038 257 2079 sumus?

171 2095 286 2138 Satis
318 2096 456 2138 multa
488 2097 538 2138 de
570 2097 772 2151 ostentis,
804 2098 996 2153 auspicia
1021 2101 1190 2140 restant
1215 2101 1259 2140 et
1285 2103 1446 2142 sortes

84 2169 169 2210 eae,
202 2169 309 2210 quae
342 2155 563 2209 ducuntur,
594 2170 681 2197 non
711 2157 825 2210 illae,
858 2172 980 2214 quae
997 2158 1305 2211 vaticinatione
1330 2159 1423 2199 f-un

31 2214 260 2279 Βρῲωω,
302 2228 409 2268 quae
447 2190 590 2256 oracla
627 2215 768 2256 verius
807 2211 1004 2269 dicimus3
1049 2216 1099 2258 de
1137 2212 1291 2272 quibus
1328 2220 1422 2258 tum

84 2272 290 2326 dicemus,
333 2288 429 2314 cum
467 2273 519 2314 ad
555 2274 798 2315 naturalem
830 2250 1137 2316 divinationem
1168 2276 1421 2341 venerimus.

83 2330 237 2373 Restat
275 2331 406 2373 etiam
443 2332 493 2373 de
526 2331 770 2385 Chaldaeis3
808 2333 882 2374 sed
918 2334 1105 2388 piimum
1144 2334 1332 2388 auspicia
1364 2350 1405 2375 vx

82 523 183 550 casu
226 507 342 549 facta
387 522 479 549 esse
524 507 742 549 dicamus?
807 507 868 549 At
910 508 956 549 111
997 507 1208 562 Lysandri
1253 511 1422 550 statuae
1439 485 1491 566 ἒξ

1449 1049 1492 1080 69

1440 2075 1493 2115 33

1451 2126 1492 2156 70
