1685 2568
174 1594 218 1625 23

180 1995 231 2037 11
251 1995 379 2035 sitate
412 1994 555 2034 omnia
586 1993 690 2047 fieri,
723 2007 851 2047 quam
879 2007 903 2033 a
936 1993 1186 2047 corporibus
1212 1992 1442 2034 individuis
1467 1995 1590 2035 natu·
1652 2032 1653 2038 ,

198 958 205 964 ·
243 938 420 991 falsum,
457 951 545 978 non
582 938 727 977 teneat
765 935 909 976 omnia
938 935 1031 977 fato
1062 935 1156 976 fieri
1188 938 1230 977 et
1263 951 1312 977 ex
1345 936 1484 977 causis
1517 951 1583 977 ae-

243 79 269 118 2
275 78 331 120 60
826 78 890 112 DE
917 78 1040 113 FATO

242 175 430 230 primum
474 174 511 216 si
553 174 660 215 mihi
702 174 837 215 libeat
875 173 1081 215 adsentiri
1117 173 1304 228 Epicuro
1342 176 1385 216 et
1419 189 1579 230 negare

242 249 412 275 omnem
439 233 777 275 enuntiationem
804 235 878 274 aut
903 247 1049 273 veram
1076 246 1168 273 esse
1195 234 1269 273 aut
1290 231 1458 287 falsam,
1485 248 1578 274 eam

241 293 418 347 plagam
454 292 599 346 potius
638 291 846 345 accipiam
885 305 1013 344 quam
1053 290 1144 332 fato
1185 291 1329 332 omnia
1358 291 1451 332 fieri
1483 306 1579 333 con-

241 352 438 405 probem3
469 351 547 392 illa
579 350 692 391 enim
725 349 937 391 sententia
968 349 1100 390 habet
1132 349 1295 403 aliquid
1327 349 1580 404 disputatio-

241 410 327 463 nis,
364 410 469 451 haec
506 423 607 450 vero
644 423 732 450 non
768 410 834 449 est
870 407 1124 449 tolerabilis.
1177 407 1330 462 Itaque
1362 408 1580 450 contendit
1617 420 1634 446 5
1668 408 1669 430 ³

243 468 381 509 omnis
413 482 566 508 nervos
595 465 874 521 ChrysippUS,
904 468 953 506 ut
978 466 1235 520 persuadeat
1261 481 1386 508 omne
1412 463 1581 520 ἀξίωμα
1668 473 1670 476 ’

242 530 318 568 aut
348 541 496 568 verum
528 540 620 566 esse
652 528 727 566 aut
757 525 927 565 falsum.
988 523 1047 566 Ut
1079 525 1191 565 6111111
1221 524 1433 580 Epicurus
1465 540 1581 567 vere-

242 588 324 640 tur,
355 600 419 639 ne,
452 585 488 625 si
519 584 601 625 hoc
633 583 902 636 concesserit,
934 583 1248 625 concedendum
1277 584 1334 624 sit
1358 583 1450 625 fato
1476 583 1582 638 fieri,

243 657 532 699 quaecumque
563 642 683 695 fiant,
713 639 770 697 (si
801 642 913 683 enim
946 642 1130 683 alterum
1155 644 1301 683 utrum
1327 657 1377 683 ex
1403 642 1582 684 aeterni-

242 706 333 744 tate
371 717 519 744 verum
558 701 632 755 sit,
671 715 763 741 esse
799 700 843 741 id
882 700 1013 742 etiam
1045 703 1207 742 certum
1240 703 1300 755 et,
1339 701 1375 742 si
1407 703 1581 754 certum,
1603 712 1637 737 10

244 762 373 803 etiam
404 760 710 813 necessarium,
741 759 804 800 ita
835 762 877 800 613
906 759 1207 801 necessitatem
1240 762 1283 800 et
1312 759 1451 800 fatum
1487 774 1582 801 con-

242 819 405 861 firmari
436 817 579 874 putat)
619 818 679 859 sic
712 817 975 872 Chrysippus
1008 818 1178 871 metuit,
1215 833 1286 872 ne,
1325 819 1361 859 si
1391 833 1478 860 non
1510 819 1581 860 ob-

242 879 420 920 tinuerit
457 892 599 931 omne,
640 877 753 931 quod
791 877 1054 931 enuntietur,
1096 879 1170 918 aut
1200 892 1349 918 verum
1382 891 1475 918 esse
1508 879 1583 918 aut

243 996 377 1037 ternis
421 1010 563 1037 rerum
607 995 861 1035 futurarum.
919 992 1001 1035 Sed
1043 993 1254 1048 Epicurus
1300 994 1583 1036 declinatione
1604 1005 1638 1031 1⁵
1661 998 1665 1010 ³

245 1055 379 1096 atomi
419 1054 548 1096 vitari
584 1053 885 1095 necessitatem
922 1052 1002 1094 fati
1039 1055 1176 1107 putat.
1236 1053 1390 1108 Itaque
1428 1054 1582 1095 tertius

245 1114 418 1168 quidam
456 1115 598 1154 motus
637 1112 774 1153 oritur
812 1114 933 1153 extra
969 1112 1136 1167 pondus
1175 1114 1218 1153 613
1256 1112 1451 1168 plagam,
1489 1127 1585 1154 cum

245 1172 431 1214 declinat
470 1174 639 1212 atomus
677 1171 908 1212 intervallo
947 1170 1124 1212 minimo
1164 1168 1226 1226 (id
1265 1171 1458 1226 appellat
1490 1168 1585 1212 ἐλά-

245 1229 434 1286 χιστον),
467 1245 595 1284 quam
627 1230 956 1271 declinationem
989 1229 1079 1270 sine
1106 1244 1234 1270 causa
1259 1230 1354 1271 fieri
1381 1230 1417 1270 si
1444 1230 1584 1271 minus
1661 1283 1662 1286 Ἴ

245 1289 405 1343 verbis,
448 1303 493 1330 re
537 1289 706 1343 cogitur
749 1288 954 1329 confiteri.
1016 1287 1116 1329 Non
1160 1288 1273 1329 enim
1319 1291 1487 1330 atomus
1531 1289 1584 1329 ab
1605 1299 1639 1324 20

245 1351 390 1390 atomo
428 1348 554 1402 pulsa
592 1347 789 1388 declinat.
851 1345 964 1388 Nam
997 1346 1070 1401 qui
1100 1349 1246 1402 potest
1277 1347 1380 1402 pelli
1412 1347 1499 1388 alia
1531 1347 1584 1389 ab

245 1407 348 1461 alia,
385 1406 423 1448 si
460 1406 676 1462 gravitate
710 1405 907 1446 feruntur
938 1405 992 1446 ad
1021 1406 1371 1460 perpendiculum
1403 1420 1585 1460 corpora

244 1465 463 1507 individua
500 1464 627 1506 rectis
666 1464 808 1518 1111618,
852 1467 900 1505 1113
930 1464 1116 1518 Epicuro
1155 1464 1326 1519 placet?
1384 1462 1583 1519 Sequitur

246 1525 377 1578 enim,
417 1526 482 1577 ut,
525 1523 561 1564 si
606 1523 692 1564 alia
735 1524 789 1564 ab
829 1523 915 1564 alia
954 1537 1189 1577 numquam
1228 1523 1488 1578 depellatur,
1531 1537 1585 1565 ne

247 1583 472 1637 contingat
499 1582 668 1636 quidem
695 1582 781 1623 alia
808 1581 948 1623 aliam.
991 1581 1056 1622 Ex
1083 1596 1166 1636 quo
1194 1582 1390 1637 efficitur,
1415 1582 1585 1623 etiamsi
1606 1591 1639 1618 25

246 1643 303 1683 sit
334 1644 502 1683 atomus
536 1655 668 1696 eaque
701 1640 894 1693 declinet,
926 1640 1138 1682 declinare
1165 1640 1254 1682 sine
1281 1655 1420 1682 causa.
1462 1640 1586 1682 Hanc
1677 1639 1685 1654 ³

245 1700 456 1756 Epicurus
488 1699 700 1741 rationem
732 1699 898 1739 induxit
931 1699 984 1740 ob
1018 1714 1112 1740 eam
1143 1714 1246 1753 rem,
1279 1700 1392 1754 quod
1422 1700 1585 1741 veritus

247 1762 330 1813 est,
361 1773 432 1810 ne,
465 1758 502 1800 si
534 1772 702 1813 semper
734 1760 902 1799 atomus
937 1758 1151 1812 gravitate
1181 1758 1367 1799 ferretur
1397 1758 1587 1800 naturali

247 1833 296 1860 ac
326 1817 577 1871 necessaria,
608 1816 717 1858 nihil
749 1816 933 1857 liberum
963 1817 1089 1857 nobis
1122 1819 1248 1872 esset,
1280 1832 1375 1859 cum
1406 1817 1469 1858 ita
1501 1832 1587 1859 mo-

247 1879 419 1918 veretur
462 1876 648 1930 animus,
696 1877 745 1916 ut
789 1877 1032 1916 atomorum
1075 1878 1196 1916 motu
1239 1878 1477 1931 cogeretur.
1538 1875 1587 1917 Id
1607 1887 1655 1913 30

247 1934 533 1988 Democritus,
567 1936 715 1976 auctor
747 1936 1002 1987 atomorum,
1035 1934 1224 1988 accipere
1250 1935 1416 1988 maluit,
1446 1949 1588 1976 neces·
1653 1934 1682 1944 ‘

251 2052 354 2094 ralis
387 2054 529 2093 motus
562 2052 757 2093 avellere.
810 2051 990 2092 Acutius
1023 2050 1275 2106 Carneades,
1306 2052 1379 2106 qui
1411 2052 1591 2094 docebat
1649 2049 1652 2062 ’

251 2125 377 2166 posse
408 2110 643 2165 Epicureos
685 2124 805 2151 suam
844 2124 1017 2151 causam
1058 2110 1148 2151 sine
1180 2110 1260 2152 hac
1292 2111 1591 2153 commenticia
1648 2138 1651 2140 v

252 2169 535 2211 declinatione
568 2169 800 2210 defendere.
851 2167 962 2210 Nam
997 2183 1092 2210 cum
1121 2169 1321 2210 docerent
1347 2183 1439 2210 esse
1464 2184 1590 2224 posse
1609 2179 1640 2207 35

251 2228 464 2283 quendam
505 2227 634 2269 animi
675 2229 840 2269 motum
878 2227 1189 2282 voluntarium,
1226 2227 1269 2268 id
1304 2227 1388 2269 fuit
1423 2228 1591 2270 defendi

253 2287 404 2329 melius
447 2301 574 2341 quam
614 2286 883 2328 introducere
925 2286 1271 2342 declinationem,
1314 2286 1432 2329 cuius
1472 2302 1591 2344 prae·
1646 2284 1649 2327 Ῑ
