1685 2568
268 125 326 167 34
674 124 738 158 DE
764 124 963 159 NATURA
988 124 1191 159 DEORUM

268 220 566 276 cognationem
606 234 879 275 agnoscerem
916 235 1002 262 non
1039 220 1210 262 invitus.
1271 219 1391 262 Nihil
1424 221 1511 262 tale
1543 221 1601 262 di-

268 279 376 333 citis,
403 279 476 320 sed
501 294 602 321 casu
628 293 720 320 esse
744 279 918 332 factum,
943 281 990 320 ut
1017 293 1204 320 essemus
1232 279 1392 321 similes
1414 280 1600 321 deorum.

266 337 325 378 Et
355 353 466 379 nunc
499 340 753 392 argumenta
785 337 1023 391 quaerenda
1052 340 1162 391 sunt,
1196 337 1349 391 quibus
1375 338 1454 379 hoc
1480 338 1601 378 refel-

268 397 412 437 latur?
461 395 640 437 Utinam
672 398 761 436 tam
792 396 918 436 facile
944 411 1045 437 vera
1070 396 1257 437 invenire
1283 396 1447 450 possim
1473 411 1601 450 quam

197 455 252 496 33
266 455 379 495 falsa
419 454 686 496 convincere!
758 453 931 495 Etenim
972 454 1232 495 enumerasti
1272 455 1518 496 memoriter
1559 457 1601 495 et

268 513 455 567 copiose,
493 515 541 553 ut
579 512 686 553 mihi
723 513 891 566 quidem
924 513 1126 554 admirari
1158 513 1325 554 luberet
1354 513 1399 554 in
1429 513 1601 554 homine

268 586 360 612 esse
386 571 581 612 Romano
613 573 781 612 tantam
811 571 1045 625 scientiam,
1076 586 1209 626 usque
1236 587 1261 612 a
1280 571 1413 612 Thale
1433 571 1600 612 Milesio

199 639 240 670 02
269 630 319 670 de
346 630 521 671 deorum
545 632 701 671 natura
726 629 1080 684 philosophorum
1101 630 1348 671 sententias.
1391 630 1601 671 Omnesne

267 688 348 729 tibi
384 688 450 729 illi
483 688 663 730 delirare
694 688 775 729 visi
807 690 922 741 sunt,
962 689 1034 742 qui
1065 689 1155 729 sine
1188 689 1383 729 manibus
1416 691 1459 729 et
1489 688 1602 743 pedi·

267 748 346 788 bus
385 749 581 788 constare
619 747 743 788 deum
779 761 905 801 posse
944 746 1234 788 decreverint?
1290 747 1355 788 Ne
1395 747 1475 788 hoc
1514 747 1601 801 qui-

268 806 362 847 dem
401 819 477 847 vos
510 808 654 846 movet
685 804 1010 859 considerantis,
1051 820 1157 859 quae
1190 806 1246 846 sit
1277 806 1445 847 utilitas
1479 820 1601 859 quae-

268 879 349 918 que
387 864 658 918 oportunitas
695 864 742 904 in
778 863 950 904 homine
982 865 1288 918 membrorum,
1327 867 1375 905 ut
1406 864 1601 905 iudicetis

268 923 472 964 membris
497 922 695 964 humanis
723 922 822 963 deos
848 937 933 963 non
959 923 1112 977 egere?
1158 921 1266 970 Quid
1289 923 1401 963 enim
1422 923 1601 977 pedibus

269 995 375 1036 opus
413 983 478 1022 est
516 981 605 1022 sine
648 981 874 1035 ingressu?
914 981 1014 1034 quid
1046 981 1259 1035 manibus,
1301 981 1337 1022 si
1367 981 1475 1022 nihil
1508 996 1602 1022 con-

267 1039 612 1094 prehendendum
645 1040 738 1080 est‘?
777 1039 877 1094 quid
908 1040 1073 1093 reliqua
1105 1040 1379 1094 discriptione
1412 1040 1602 1081 omnium

268 1098 458 1152 corporis
490 1098 690 1153 partium,
721 1098 766 1139 in
798 1113 881 1152 qua
905 1098 1013 1138 nihil
1045 1098 1180 1152 inane,
1212 1099 1320 1139 nihil
1346 1098 1436 1139 sine
1462 1113 1601 1150 causa,

266 1157 375 1198 nihil
417 1171 777 1211 supervacaneum
819 1157 912 1197 est?
979 1156 1129 1210 Itaque
1169 1157 1290 1198 nulla
1331 1172 1399 1198 ars
1440 1157 1602 1198 imitari

268 1215 507 1257 sollertiam
550 1217 729 1256 naturae
772 1217 927 1270 potest.
997 1215 1187 1256 Habebit
1230 1216 1364 1271 igitur
1408 1216 1602 1269 linguam

268 1274 369 1316 deus
403 1276 445 1315 et
475 1288 561 1315 non
592 1274 801 1328 loquetur,
834 1273 993 1327 dentes,
1024 1275 1228 1328 palatum,
1260 1274 1403 1315 fauces
1434 1275 1601 1315 nullum

269 1333 321 1375 ad
352 1347 494 1386 usum,
526 1347 716 1386 quaeque
747 1333 1056 1387 procreationis
1089 1347 1216 1374 causa
1246 1336 1401 1374 natura
1433 1333 1601 1387 corpori

269 1391 464 1444 adfinxit,
503 1405 552 1432 ea
589 1391 752 1432 frustra
782 1391 959 1432 habebit
991 1391 1110 1444 deus,
1147 1406 1223 1432 nec
1255 1394 1431 1432 externa
1462 1391 1601 1446 magis

269 1465 397 1505 quam
428 1449 643 1504 interiora,
675 1464 759 1503 cor,
790 1450 1026 1504 pulmones,
1056 1450 1183 1502 iecur,
1215 1453 1365 1504 cetera,
1399 1464 1506 1504 quae
1536 1450 1601 1490 de-

268 1511 408 1550 tracta
432 1508 622 1549 utilitate
649 1508 749 1563 quid
773 1508 934 1549 habent
959 1508 1227 1550 venustatis?
1260 1508 1600 1563 quandoquidem

196 1576 240 1608 93
268 1569 373 1609 haec
399 1581 490 1608 esse
515 1567 560 1608 in
580 1567 656 1608 deo
676 1570 853 1622 propter
877 1567 1237 1621 pulchritudinem
1258 1567 1399 1608 voltis.
1443 1567 1600 1608 Istisne

267 1627 445 1668 fidentes
460 1625 636 1667 somniis
649 1640 735 1667 non
750 1626 874 1666 modo
887 1625 1094 1680 Epicurus
1110 1628 1152 1667 et
1162 1625 1431 1667 Metrodorus
1446 1628 1488 1667 et
1496 1625 1600 1666 Her-

267 1684 465 1726 marchus
483 1686 632 1725 contra
646 1684 951 1739 Pythagoram,
971 1684 1195 1726 Platonem
1212 1683 1599 1738 Empedoclemque

268 1744 476 1797 dixerunt,
501 1743 575 1784 sed
600 1743 872 1784 meretricula
891 1743 1021 1784 etiam
1041 1742 1266 1784 Leontium
1293 1745 1442 1784 contra
1467 1743 1600 1784 Theo-

267 1802 493 1857 phrastum
523 1801 706 1843 scribere
731 1816 835 1842 ausa
857 1802 950 1843 est‘?
977 1802 1084 1843 scito
1107 1802 1185 1843 illa
1211 1801 1378 1855 quidem
1406 1816 1599 1842 sermone

268 1863 311 1902 et
331 1860 490 1913 Attico,
517 1860 591 1901 sed
616 1862 770 1901 tamen.
809 1860 996 1901 Tantum
1014 1860 1190 1915 Epicuri
1209 1860 1359 1901 hortus
1381 1860 1533 1900 habuit
1553 1860 1600 1901 li-

269 1919 443 1961 centiae.
488 1918 545 1960 Et
566 1919 714 1960 soletis
742 1919 878 1973 queri3
906 1918 1016 1960 Zeno
1045 1919 1213 1972 quidem
1235 1919 1361 1959 etiam
1385 1919 1599 1973 litigabat.

270 1977 379 2026 Quid
405 1977 541 2018 dicam
568 1977 827 2018 Albucium?
859 1977 971 2018 Nam
993 1977 1185 2018 Phaedro
1212 1977 1319 2017 nihil
1348 1977 1599 2032 elegantius,

267 2036 375 2077 nihil
387 2036 633 2089 humanius3
652 2036 723 2076 sed
735 2036 1086 2076 stomachabatur
1098 2050 1235 2088 sencX,
1247 2036 1283 2076 si
1298 2035 1398 2088 quid
1410 2036 1600 2090 asperius

270 2095 476 2147 dixeram,
514 2109 609 2135 cum
639 2094 849 2148 Epicurus
882 2094 1160 2135 Aristotelem
1192 2095 1357 2135 vexarit
1388 2097 1600 2135 contume-
1661 2104 1662 2129 1

269 2153 510 2205 liosissimc,
543 2152 761 2193 Phaedoni
781 2152 997 2194 Socratico
1024 2153 1271 2206 turpissime
1299 2153 1409 2193 male
1436 2153 1599 2207 dixerit,
1660 2153 1661 2156 ’

267 2211 512 2263 Metrodori,
539 2211 697 2251 sodalis
718 2211 794 2261 sui,
819 2211 1009 2263 fratrem,
1036 2210 1318 2265 Timocraten,
1339 2211 1438 2265 quia
1457 2212 1598 2253 nescio

270 2271 368 2324 quid
385 2267 444 2310 'in
468 2269 744 2323 philosophia
771 2269 1028 2323 dissentiret,
1061 2270 1165 2310 totis
1191 2270 1478 2311 voluminibus
1507 2285 1600 2312 con·
1657 2278 1659 2327 j

265 2329 429 2381 ciderit,
457 2328 500 2369 in
526 2327 818 2369 Democritum
843 2328 995 2382 ipsum,
1024 2342 1147 2382 quem
1175 2331 1342 2369 secutus
1370 2331 1447 2379 est,
1472 2328 1601 2369 fuerit
1656 2343 1657 2382 ᾖ

1622 757 1655 782 10

1622 1026 1685 1076 15}

1621 1343 1654 1368 20
1673 1344 1683 1384 y}

1620 1634 1652 1660 25

1619 1911 1665 1954 sol

1619 2218 1660 2248 355
