1685 2568
158 126 244 162 LIB.
271 127 317 163 II.
344 126 443 162 CAP.
472 131 527 170 66,
549 131 602 162 67.
630 130 649 169 ξ
670 129 869 162 165-168.
902 125 991 162 LIB.
1011 126 1074 161 ΙΙΙ.
1102 125 1285 163 ARGUM.
1316 127 1398 169 107

391 244 454 318 Μ.
495 269 706 316 TULLII
744 268 1071 316 CICERONIS

211 387 336 450 DE
386 385 791 450 NATURA
840 384 1252 450 DEORUM

553 509 618 544 AD
638 509 684 544 M.
706 509 908 545 BRUTUM

483 609 666 648 LIBER
705 598 976 648 TERTIUS.

538 796 929 835 ARGUMENTUM.

154 886 235 922 Hoc
260 885 355 921 libro
383 885 594 920 continetur
620 884 750 920 Cottae
774 884 991 920 Academici
1017 885 1145 919 contra
1165 884 1329 920 Stoicam
1355 886 1401 921 de

63 934 120 969 dis
153 933 335 968 rationem
367 932 582 978 disputatio.
632 931 702 974 Ea,
737 933 779 966 ut
804 932 992 985 superiore
1017 932 1129 975 libro,
1163 931 1202 967 in
1227 934 1403 977 quattuor

61 982 186 1026 partes
218 980 418 1015 distributa
449 981 515 1014 est.
565 978 661 1014 Nam
691 979 894 1024 praemisso
925 979 1114 1024 prooemio
1150 979 1271 1024 prima
1294 983 1400 1025 parte

62 1028 128 1063 ille
152 1027 353 1072 respondet
378 1029 470 1072 (cap.
492 1031 583 1061 3-7
609 1031 629 1068 ξ
651 1031 717 1061 6-
675 1029 778 1071 -19)
804 1026 851 1060 ad
878 1037 930 1068 ea,
958 1026 1089 1070 quibus
1110 1026 1247 1061 Balbus
1268 1027 1401 1063 docere

63 1076 234 1110 voluerat
267 1085 345 1109 esse
381 1074 480 1108 deos.
530 1073 584 1107 Ac
616 1072 775 1118 primum
807 1072 957 1117 quidem
982 1072 1127 1107 Stoicos
1154 1073 1208 1108 ait
1233 1085 1309 1108 rem
1334 1074 1401 1108 1111-

62 1122 161 1157 nime
182 1120 332 1156 dubiam
351 1131 391 1155 ai
393 1119 644 1165 gumentando
665 1119 816 1154 dubiam
833 1119 978 1162 fecisse,
1004 1130 1090 1153 nam
1109 1131 1178 1155 nec
1199 1121 1301 1165 vulgi
1323 1121 1401 1166 opi-

62 1169 171 1204 nione
201 1169 344 1203 tantam
368 1179 446 1202 rem
470 1167 626 1202 iudicari
650 1177 759 1212 posse
785 1177 854 1200 nec
879 1168 1096 1211 argumento
1123 1177 1144 1201 a
1170 1167 1400 1203 divinatione

61 1215 192 1261 petito.
242 1214 384 1250 Deinde
412 1213 602 1248 Cleanthis
629 1216 667 1248 et
693 1212 891 1258 Chrysippi
917 1215 1135 1258 argumenta
1159 1213 1323 1249 breviter
1346 1226 1401 1250 re-

61 1229 276 1308 prehendit,
315 1272 537 1306 quamquam
568 1271 612 1295 ea
641 1271 726 1305 pars
757 1271 832 1294 non
862 1260 1010 1312 integra
1041 1260 1088 1294 ad
1119 1271 1187 1295 nos
1218 1262 1400 1306 pervenit

63 1309 230 1344 Secunda
255 1310 362 1354 parte
388 1310 482 1353 (cap.
504 1309 632 1352 8—25)
659 1307 782 1342 omnia
801 1317 845 1341 ea
862 1306 1138 1352 impugnantur,
1165 1319 1258 1352 quae
1278 1308 1324 1343 de
1344 1309 1401 1343 dis

62 1356 172 1402 ipsis,
207 1355 334 1400 quales
367 1356 506 1397 essent,
538 1354 730 1399 disputata
755 1355 868 1390 erant.
918 1354 1049 1398 Itaque
1074 1354 1235 1399 primum
1259 1366 1333 1390 non
1358 1366 1403 1390 ea

63 1403 282 1448 argumenta
302 1402 422 1437 solum
441 1367 624 1443 dissolvitp‚
652 1401 782 1445 quibus
802 1401 951 1444 mundo,
973 1401 1054 1444 soli,
1074 1401 1183 1437 lunae
1203 1402 1401 1437 sideribus-

63 1461 134 1495 que
166 1449 343 1484 divinitas
374 1448 565 1484 vindicata
595 1449 690 1491 erat,
726 1447 790 1482 sed
816 1448 945 1491 etiam,
981 1459 1025 1483 ea
1050 1448 1177 1493 opinio
1204 1460 1315 1493 quam
1340 1449 1402 1484 ab·

64 1497 174 1532 surda
198 1496 259 1539 sit,
285 1495 454 1541 pluribus
480 1475 708 1541 argumentis
734 1495 980 1538 demonstrat3
1014 1507 1168 1540 quorum
1193 1495 1304 1531 facile
1328 1496 1402 1542 pri-

62 1543 218 1579 marium
250 1524 346 1578 illud
380 1544 453 1586 est,
489 1554 560 1587 quo
588 1541 793 1577 Carneades
826 1542 882 1577 uti
913 1523 1058 1577 solebat
1090 1544 1218 1577 contra
1244 1543 1400 1586 Stoicos⁷

63 1590 206 1626 nullum
235 1601 355 1635 neque
387 1600 519 1636 corpus
550 1600 670 1634 neque
701 1581 854 1632 animal,
888 1589 987 1633 quod
1011 1589 1208 1634 patibilem
1231 1592 1402 1625 natuiam

62 1638 226 1680 haberet,
245 1637 454 1672 immortale
474 1638 513 1672 et
529 1638 720 1671 aeternum
739 1647 819 1671 esse
837 1647 922 1681 poss
908 1647 957 1679 se,
977 1636 1257 1672 immortalitate
1278 1639 1402 1672 autem

63 1686 103 1719 et
126 1684 348 1720 aeternitate
374 1684 520 1719 sublata
542 1683 663 1729 ipsam
683 1683 919 1718 divinitatem
937 1683 1033 1718 tolli.
1071 1683 1214 1719 Deinde
1233 1685 1401 1743 poeticos

63 1731 165 1775 deos,
191 1732 230 1766 et
254 1742 344 1776 quos
369 1731 476 1776 plebs
500 1730 760 1784 superstitiosa
777 1730 1033 1774 venerabatur,
1060 1736 1292 1775 σωρειτικαῐς
1311 1729 1401 1774 ἐρω-

63 1776 200 1824 τήσεσι,
226 1778 357 1823 quibus
378 1777 584 1813 Carneades
609 1778 647 1812 in
670 1777 741 1812 hac
767 1777 1021 1822 disputatione
1041 1777 1097 1812 uti
1117 1778 1271 1820 solebat,
1299 1778 1401 1813 aliis-

64 1836 135 1870 que
173 1824 400 1871 argumentis
430 1825 543 1861 tollit.
593 1824 718 1860 Tertia
748 1825 874 1859 autem
904 1835 989 1870 pars
1022 1805 1286 1870 disputationis
1319 1837 1402 1860 cum

63 1871 232 1917 partibus
263 1873 405 1907 duabus
432 1873 584 1917 quartae
608 1871 809 1907 intercidit.
858 1871 955 1906 Nam
981 1873 1112 1916 quarta
1136 1872 1402 1917 disputationis

65 1918 213 1954 Stoicae
245 1929 348 1965 pars,
383 1930 477 1964 quae
510 1919 599 1954 deos
629 1918 837 1972 providisse
871 1919 909 1953 et
933 1919 1162 1954 consuluisse
1187 1919 1402 1954 hominibus

66 1966 323 2011 contendebat,
349 1967 523 2010 quattuor
547 1965 774 2010 argumentis
799 1965 988 2000 nitebatur
1013 1965 1123 2011 (conf.
1144 1968 1403 2011 argumentum

66 2012 131 2046 lib
152 2013 187 2046 II
212 2014 333 2058 exta->3
358 2013 489 2048 horum
515 2012 676 2048 secundo
704 2013 741 2047 et
766 2014 897 2057 quarto
924 2023 1017 2057 quae
1036 2013 1272 2058 respondisse
1293 2013 1404 2048 Cotta

65 2059 233 2104 fingitur,
265 2070 309 2094 ea
332 2060 412 2095 sola
434 2060 649 2095 manserunt
673 2062 766 2105 (cap
794 2062 957 2105 26—40).
1009 2059 1181 2095 Ostendit
1206 2060 1305 2095 enim
1328 2060 1403 2106 pri-

66 2117 176 2148 mum,
203 2105 335 2150 quibus
359 2106 468 2142 rebus
492 2106 704 2142 hominibus
726 2106 955 2141 consuluisse
975 2107 1014 2141 di
1034 2107 1216 2150 dicantur,
1244 2118 1305 2143 eas
1324 2107 1404 2153 ple-

65 2163 214 2197 rasque,
245 2152 284 2187 in
317 2152 446 2198 primis
475 2153 674 2195 rationem,
706 2153 755 2187 ad
778 2153 969 2188 hominum
994 2154 1199 2199 perniciem
1224 2154 1403 2197 converti,

65 2210 300 2280 {ummosque
330 2199 497 2235 homines
529 2201 567 2236 et
596 2199 745 2235 virtutis
777 2200 1052 2237 amantissimos
1083 2202 1281 2247 plerosque
1305 2201 1405 2235 mala

83 2247 213 2282 ortuna
239 2257 323 2281 usos
350 2257 440 2282 esse.
