1685 2568
402 92 492 128 LIB.
520 93 547 130 Ι.
580 92 679 128 CAP.
706 96 856 127 28—30.
882 96 902 134 ἓ
928 96 1077 127 59-64.
1334 93 1415 134 169

75 192 415 244 saturataque
446 189 693 230 bonarum
719 187 1099 242 cogitationum
1126 187 1309 242 epulis,
1342 203 1418 229 ea-

75 263 168 304 que
212 251 359 303 parte
405 247 578 300 animi,
622 260 748 300 quae
791 246 1063 300 voluptate
1109 245 1285 299 alitur,
1329 260 1418 287 nec

73 308 250 362 inopia
288 309 465 348 enecta
500 320 589 347 nec
627 304 874 346 satietate
908 304 1155 345 affluenti
1188 301 1419 359 (quorum

74 369 342 420 utrumque
391 363 781 420 praestringere
831 362 990 404 aciem
1037 362 1222 404 mentis
1267 362 1418 415 solet,

38 425 182 466 5sive
221 425 363 465 deest
400 425 615 464 naturae
655 421 916 476 quippiam
948 421 1055 463 sive
1089 421 1314 462 abundat
1347 423 1419 462 at-

75 498 168 538 que
208 480 429 537 affluit),
467 482 562 522 illa
600 482 753 522 etiam
790 480 949 522 tertia
980 483 1127 535 parte
1160 479 1333 534 animi,
1369 479 1421 520 in

76 557 172 596 qua
220 542 412 583 irarum
461 539 643 581 existit
693 539 860 594 ardor,
916 539 1094 580 sedata
1144 541 1297 592 atque
1347 552 1420 579 re-

76 602 287 654 stincta,
327 602 432 641 tum
470 598 670 640 eveniet
708 598 903 639 duabus
937 597 1093 639 animi
1124 597 1420 638 temerariis

74 659 315 714 partibus
348 657 675 712 compressis,
707 659 762 698 ut
792 657 886 698 illa
917 656 1077 698 tertia
1107 670 1228 711 pars
1260 656 1420 697 ratio-

22 718 153 759 ionis
195 719 243 758 et
284 716 469 758 mentis
511 716 713 758 eluceat
755 718 804 756 et
845 730 895 757 se
933 717 1169 771 vegetam
1203 714 1262 756 ad
1294 729 1421 756 som-

74 776 315 817 niandum
349 789 614 829 acremque
639 775 906 829 praebeat,
939 777 1042 816 tum
1078 774 1123 815 ei
1148 773 1258 815 visa
1285 773 1421 827 quie-

74 834 144 876 tis
184 836 455 876 occurrent
492 833 781 888 tranquilla
819 836 970 888 atque
1008 831 1240 875 veracia.'
1303 831 1422 874 Haec

75 893 209 935 verba
238 893 335 948 ipsa
365 892 562 934 Platonis
595 892 795 947 expressi.

164 951 400 1006 Epicurum
438 951 574 1007 igitur
612 951 832 993 audiemus
864 950 1040 1006 potius?
1089 949 1289 1005 Namque
1322 937 1495 1020 Car-{02

23 1024 56 1050 15
75 1011 232 1052 neades
282 1010 613 1052 concertationis
659 1010 801 1051 studio
840 1010 966 1051 modo
1005 1010 1106 1064 hoc,
1150 1009 1277 1050 modo
1315 1009 1424 1050 illud

77 1069 157 1124 ait3
188 1070 272 1124 ille,
306 1070 419 1124 quod
452 1069 602 1123 sentit3
635 1069 767 1110 sentit
799 1071 943 1110 autem
974 1068 1085 1109 nihil
1112 1083 1316 1122 umquam
1344 1068 1424 1109 ele-

77 1142 203 1184 gans,
244 1128 354 1169 nihil
394 1128 606 1169 decorum.
666 1126 792 1169 Hunc
831 1141 934 1182 ergo
974 1129 1208 1181 antepones
1248 1127 1425 1168 Platoni

78 1190 121 1228 et
141 1185 337 1229 Socrati?
371 1186 443 1241 qui
469 1189 517 1227 ut
542 1186 756 1227 rationem
781 1200 868 1227 non
893 1185 1131 1239 redderent,
1164 1185 1424 1227 auctoritate

76 1248 224 1287 tamen
254 1246 334 1287 hos
366 1246 558 1286 minutos
590 1244 874 1299 philosophos
907 1244 1139 1286 vincerent.
1187 1242 1316 1285 Iubet
1346 1243 1425 1299 igi-

23 1317 58 1344 20
75 1307 147 1346 tur
171 1304 298 1346 Plato
325 1304 386 1346 sic
411 1304 465 1345 ad
491 1318 689 1345 somnum
714 1303 928 1358 proficisci
954 1303 1206 1358 corporibus
1233 1302 1425 1357 adfectis,

76 1366 124 1405 ut
155 1363 265 1404 nihil
298 1363 372 1417 sit,
415 1362 528 1417 quod
559 1376 748 1404 errorem
781 1362 935 1403 animis
967 1362 1425 1417 perturbationemque

76 1421 254 1464 adferat.
315 1422 380 1462 Ex
423 1436 506 1476 quo
549 1421 678 1462 etiam
716 1420 996 1477 Pythagoriis
1036 1421 1315 1462 interdictum
1351 1436 1425 1476 pu-

75 1483 212 1535 tatur,
254 1495 308 1522 ne
350 1480 454 1522 faba
497 1482 788 1534 vescerentur,
835 1480 949 1535 quod
988 1479 1121 1521 habet
1158 1480 1427 1522 inflationem

77 1554 281 1595 magnam
312 1539 350 1581 is
382 1539 500 1581 cibus
533 1539 845 1593 tranquillitati
878 1538 1034 1581 mentis
1069 1539 1293 1593 quaerenti
1324 1553 1427 1580 vera

24 1611 58 1638 25
77 1599 351 1641 contrariam.
413 1597 522 1640 Cum
560 1612 663 1653 ergo
703 1600 768 1639 est
806 1612 957 1640 somno
997 1600 1223 1640 sevocatus
1256 1597 1424 1639 animus
1452 1607 1497 1638 63

76 1672 103 1700 a
144 1657 349 1699 societate
390 1659 433 1698 et
473 1672 498 1698 a
538 1657 795 1712 contagione
837 1657 1047 1711 corporis,
1094 1659 1187 1698 tum
1229 1656 1426 1698 meminit

76 1716 421 1772 praeteritorum,
453 1716 697 1770 praesentia
722 1717 870 1770 cernit,
895 1716 1043 1757 futura
1068 1715 1284 1770 providet3
1315 1715 1427 1758 iacet

77 1775 191 1817 enim
235 1789 388 1830 corpus
434 1774 685 1816 dormientis
728 1777 778 1816 ut
820 1775 1000 1829 mortui,
1044 1775 1163 1830 viget
1202 1776 1346 1816 autem
1384 1777 1427 1815 et

77 1834 185 1876 vivit
229 1834 409 1876 animus.
472 1832 594 1882 Quod
634 1834 772 1875 multo
820 1834 960 1889 magis
1000 1833 1132 1876 faciet
1174 1835 1275 1888 post
1316 1848 1428 1875 mor-

25 1904 59 1930 30
79 1895 184 1947 tem,
225 1907 321 1934 cum
359 1892 532 1935 omnino
572 1907 749 1947 corpore
789 1892 1029 1934 excesserit.
1090 1892 1243 1947 Itaque
1276 1893 1428 1948 adpro-

79 1951 313 2005 pinquante
345 1954 484 1993 morte
511 1952 648 1993 multo
677 1954 742 1993 est
768 1951 962 1993 divinior.
1006 1951 1121 1993 Nam
1148 1954 1191 1993 et
1215 1951 1260 1993 id
1284 1951 1428 2006 ipsum

79 2010 244 2064 vident,
286 2010 358 2064 qui
401 2013 501 2052 sunt
545 2011 696 2052 morbo
740 2011 863 2066 gravi
906 2013 949 2052 et
990 2010 1215 2052 mortifero
1258 2010 1427 2063 adfecti,

36 2090 42 2096 ·
78 2068 242 2110 instare
277 2070 478 2124 mortem3
514 2069 660 2124 itaque
692 2069 745 2111 iis
779 2071 1008 2112 occurrunt
1038 2070 1292 2125 plerumque
1324 2069 1428 2110 ima-

81 2127 202 2183 gines
233 2130 514 2183 mortuorum,
550 2131 728 2183 tumque
759 2129 829 2170 vel
861 2143 1059 2170 maxume
1090 2128 1208 2170 laudi
1241 2128 1428 2181 student,

27 2197 60 2224 85
81 2200 249 2241 eosque,
290 2186 364 2241 qui
395 2200 532 2240 secus,
565 2202 695 2242 quam
727 2187 879 2242 decuit,
910 2187 1120 2242 vixerunt,
1152 2189 1427 2242 peccatorum

80 2259 257 2287 suorum
294 2247 388 2286 tum
425 2260 622 2288 maxume
659 2247 864 2301 paenitet.
924 2246 1131 2288 Divinare
1164 2247 1308 2287 autem
1340 2259 1427 2285 mo-
1454 2252 1498 2283 64

79 2303 238 2346 rientes
270 2304 348 2345 illo
381 2303 512 2345 etiam
545 2305 739 2360 exemplo
760 2305 988 2347 confirmat
1012 2304 1281 2358 Posidonius,
1316 2303 1428 2357 quod
