1685 2568
290 123 374 166 228
755 124 819 159 DE
844 123 1166 160 DIVINATIONE

291 236 419 275 quam
456 235 501 262 se
537 220 869 262 fortunatiorem
907 234 1035 274 quam
1065 219 1297 262 Praeneste
1336 220 1493 262 vidisse
1523 220 1625 265 For·
1684 238 1685 242 ¹

290 283 450 321 tunam,
510 279 627 333 Ergo
659 279 741 320 1100
773 278 1047 320 divinationis
1081 292 1214 334 genus
1247 279 1509 321 omittamus.

219 339 275 381 42
377 338 446 379 Ad
489 337 802 380 Chaldaeorum
847 339 1042 378 monstra
1083 337 1322 392 veniamus3
1375 338 1425 379 de
1470 338 1624 392 quibus

289 396 508 450 Eudoxus,
545 396 740 437 Platonis
773 395 960 448 auditor,
997 395 1043 436 in
1073 396 1313 451 astrologia
1343 396 1498 438 iudicio
1531 397 1625 439 doc-

289 455 555 496 tissimorum
588 454 810 496 hominum
839 453 965 495 facile
997 453 1212 508 princeps,
1245 455 1306 495 sic
1339 455 1550 509 opinatur,
1580 456 1625 497 id
1660 468 1684 494 5·

291 513 403 567 quod
441 513 647 568 scriptum
685 512 878 566 reliquit,
923 511 1150 553 Chaldaeis
1187 512 1232 553 in
1262 513 1551 567 praedictione
1583 516 1627 555 et

290 573 335 613 in
364 572 585 613 notatione
618 571 819 624 cuiusque
851 570 965 612 vitae
998 585 1047 612 ex
1075 571 1214 612 natali
1240 571 1306 612 die
1331 571 1507 613 minime
1534 586 1626 614 esse

220 639 263 670 88
291 630 557 672 credendum.
621 628 829 670 Nominat
870 629 999 670 etiam
1042 628 1292 684 Panaetius,
1337 630 1409 684 qui
1451 645 1560 672 unus
1603 645 1626 673 0
1684 682 1685 687 ¹

292 688 446 730 Stoicis
486 688 806 743 astrologorum
843 688 1060 743 praedicta
1092 688 1255 742 reiecit,
1293 688 1553 730 Anchialum
1584 691 1628 730 et
1680 739 1684 747 ι

291 747 596 801 Cassandrum,
644 760 833 788 summos
878 747 1121 801 astrologos
1164 747 1280 788 illius
1325 747 1499 802 aetatis,
1543 762 1627 802 qua
1646 761 1683 794 ιι

291 809 384 848 erat
415 806 519 860 ipse,
550 820 646 848 cum
677 805 723 846 in
753 805 905 847 ceteris
939 805 1201 860 astrologiae
1229 806 1427 860 partibus
1454 807 1628 848 excelle-

291 867 397 918 rent,
428 864 508 906 1100
539 863 844 920 praedictionis
878 878 1032 919 genere
1062 878 1149 905 non
1173 878 1286 905 usos.
1330 864 1484 919 Scylax
1508 864 1628 906 Hali·
1678 897 1682 917 2

291 923 543 977 carnassius,
573 923 801 964 familiaris
832 922 1040 977 Panaetii,
1072 922 1281 964 excellens
1313 923 1359 964 in
1389 924 1629 980 astrologia
1678 944 1681 952 ·

291 983 486 1036 idemque
516 982 562 1022 in
592 982 779 1037 regenda
810 996 887 1023 sua
918 981 1092 1022 civitate
1122 981 1337 1036 princeps,
1374 984 1515 1023 totum
1546 982 1628 1025 1100
1676 998 1678 1005 ’

221 1049 264 1081 89
293 1040 572 1082 Chaldaicum
603 1040 874 1095 praedicendi
906 1054 1040 1095 genus
1071 1040 1323 1095 repudiavit.
1373 1039 1454 1082 Sed
1484 1043 1533 1082 ut
1563 1056 1628 1083 ra·
1647 1055 1662 1079 1

291 1100 407 1141 tione
438 1102 611 1140 utamur
643 1099 814 1141 omissis
846 1099 1049 1152 testibUS,
1081 1099 1141 1140 sic
1172 1099 1246 1140 isti
1278 1099 1517 1155 disputant,
1556 1100 1628 1154 qui
1672 1109 1677 1151 j

291 1159 396 1200 haec
422 1157 736 1200 Chaldaeorum
767 1157 971 1199 natalicia
1001 1157 1220 1212 praedicta
1249 1158 1495 1199 defendunt:
1527 1157 1628 1200 Vim
1672 1162 1675 1208 f

293 1217 507 1272 quandam
552 1231 644 1258 esse
689 1216 809 1258 aiunt
853 1216 1058 1272 signifero
1101 1216 1146 1257 in
1189 1216 1308 1271 orbe,
1353 1217 1425 1271 qui
1468 1216 1628 1259 Graece
1670 1229 1675 1274 ᾗ

294 1274 502 1326 ζωδιακός
542 1275 715 1329 dicitur,
755 1276 904 1328 talem,
947 1277 995 1316 ut
1033 1275 1121 1316 eius
1160 1275 1277 1316 orbis
1313 1290 1398 1317 una
1436 1290 1627 1331 quaeque

271 1349 391 1390 -—pars
424 1335 509 1375 alia
541 1334 625 1375 alio
659 1334 784 1375 modo
818 1337 988 1375 moveat
1020 1334 1287 1388 inmutetque
1319 1335 1501 1389 caelum,
1535 1347 1670 1389 per-5,

216 1438 247 1448 ,Ἴ
290 1393 387 1434 111ᾶο
425 1396 473 1434 ut
511 1407 702 1447 quaeque
740 1393 891 1434 stellae
928 1393 973 1433 in
1009 1393 1076 1434 his
1108 1393 1400 1447 finitumisque
1432 1394 1627 1448 partibus
1662 1402 1669 1420 ='

291 1453 379 1493 sint
419 1466 586 1506 quoque
626 1454 837 1506 tempore,
878 1465 1054 1506 eamque
1094 1452 1181 1492 vim
1219 1452 1336 1493 varie
1373 1452 1536 1493 moveri
1573 1452 1627 1494 ab
1664 1459 1669 1506 j

292 1511 344 1551 iis
383 1510 610 1564 sideribus,
649 1525 756 1564 quae
793 1513 1001 1552 vocantur
1038 1510 1243 1564 errantia3
1281 1525 1377 1552 cum
1410 1513 1553 1552 autem
1583 1511 1629 1552 in
1663 1521 1666 1562 j

293 1585 386 1611 eam
424 1569 562 1624 ipsam
601 1572 769 1624 partem
807 1569 923 1610 orbis
960 1569 1170 1622 venerint,
1210 1569 1255 1610 in
1293 1583 1377 1623 qua
1414 1569 1471 1610 sit
1508 1571 1627 1611 ortus
1667 1567 1670 1573 ζ

293 1629 395 1681 eius,
428 1628 500 1682 qui
530 1631 750 1682 nascatur,
788 1630 862 1669 aut
893 1628 937 1668 in
969 1642 1080 1682 eam,
1113 1642 1220 1681 quae
1252 1628 1523 1670 coniunctum
1555 1628 1647 1670 ali-=

295 1687 395 1741 quid
426 1687 585 1728 habeat
618 1689 692 1728 aut
724 1686 1005 1740 consentiens,
1037 1701 1087 1728 ea
1117 1686 1338 1742 triangula
1369 1686 1434 1727 illi
1460 1689 1503 1728 et
1529 1702 1628 1741 qua·
1659 1711 1662 1734 2

293 1747 416 1786 drata
435 1746 671 1787 nominant.
713 1745 886 1786 Etenim
907 1760 1002 1786 cum
1022 1745 1052 1798 †
1065 1747 1258 1800 tempore
1279 1745 1380 1786 anni
1399 1747 1629 1800 tempesta-

292 1806 469 1858 tumque
512 1804 619 1846 caeli
660 1804 956 1846 conversiones
1002 1803 1441 1858 commutationesque
1481 1803 1659 1846 tantae

292 1863 399 1904 fiant
431 1878 602 1904 accessu
634 1863 857 1904 stellarum
890 1865 932 1903 et
963 1877 1143 1917 recessu,
1175 1877 1355 1916 cumque
1381 1877 1430 1904 ea
1455 1863 1498 1904 vi
1525 1863 1628 1905 solis
1650 1871 1658 1890 ³

276 1921 551 1975 efficiantur,
583 1936 691 1976 quae
721 1921 931 1975 videmus,
962 1936 1049 1962 non
1079 1921 1169 1962 veri
1201 1921 1340 1962 simile
1372 1922 1523 1976 solum,
1556 1921 1630 1963 sed
1681 1945 1685 1955 ι

292 1980 422 2022 etiam
443 1995 591 2022 verum
611 1994 703 2021 esse
724 1983 897 2021 censent
916 1980 1101 2034 perinde,
1120 1982 1350 2034 utcumque
1364 1982 1628 2035 temperatus
1649 2005 1661 2031 z=

293 2039 350 2080 sit
383 2042 466 2092 aer,
498 2039 560 2080 ita
590 2053 745 2093 pueros
778 2039 954 2080 orientis
988 2039 1168 2080 animari
1200 2041 1328 2092 atque
1355 2038 1547 2092 formari,
1579 2053 1647 2080 ex

294 2112 428 2152 eoque
453 2098 637 2152 ingenia,
668 2111 821 2151 mores,
848 2098 1047 2151 animum,
1073 2112 1238 2152 corpus,
1266 2097 1477 2138 actionem
1503 2098 1649 2152 vitae,

222 2136 278 2219 ἐξ
294 2170 416 2197 casus
456 2157 657 2210 cuiusque
696 2159 956 2210 eventusque
993 2156 1110 2212 fingi.
1172 2155 1206 2197 O
1242 2156 1538 2197 delirationem
1569 2156 1649 2197 in-

294 2214 558 2257 credibilem!
601 2229 688 2256 non
731 2215 846 2255 enim
890 2215 1028 2256 omnis
1073 2229 1190 2256 error
1229 2214 1416 2256 stultitia
1453 2215 1681 2256 dicendae

294 2275 371 2315 est.
427 2272 588 2322 Quibus
623 2274 752 2314 etiam
783 2273 998 2327 Diogenes
1031 2271 1198 2314 Stoicus
1231 2273 1423 2315 concedit
1455 2256 1651 2328 aliquid,³
1684 2302 1685 2312 ,

294 2335 342 2373 ut
367 2332 610 2387 praedicere
636 2332 804 2387 possint
831 2332 1064 2386 dumtaxat,
1100 2331 1239 2386 qualis
1266 2331 1443 2386 quisque
1473 2335 1642 2374 natura
1683 2351 1685 2375 ι
