1685 2568
163 558 220 599 22

163 611 206 641 33

163 1794 219 1835 23

162 1846 209 1877 34

234 70 321 111 344
721 69 785 104 DE
811 69 874 104 RE
898 69 1104 105 PUBLICA

232 166 324 220 ipse
351 166 505 208 dixeris
531 168 574 207 te
599 166 722 208 nobis
749 167 879 207 etiam
906 166 1299 220 superfuturum.
1340 164 1502 207 Verum
1521 165 1564 207 id

234 225 404 278 quidem
434 225 527 266 fieri
557 239 643 266 non
673 227 835 280 potest,
865 239 918 266 ne
951 225 1074 278 desis,
1107 238 1253 265 omnes
1281 230 1325 265 te
1349 238 1562 278 rogamus.

232 283 412 337 (Gellius
441 284 474 324 I
498 287 568 326 22.
600 284 658 338 8.)

321 342 383 384 M.
418 343 579 383 Tullius
615 343 662 383 cle
696 356 739 383 re
763 342 872 394 publ.
906 341 970 382 lib.
1002 341 1105 382 III:
1144 341 1217 381 sed
1248 340 1461 382 iuventuti
1490 355 1562 382 no-

234 403 349 442 strae
380 400 552 441 minime
585 400 834 453 audiendus3
873 400 1047 454 quippe,
1085 399 1121 440 si
1152 399 1214 440 ita
1245 399 1395 453 sensit,
1425 402 1474 440 ut
1504 400 1563 440 lo—
1600 412 1616 438 5
1675 414 1679 438 ÷

235 460 390 513 quitur,
416 462 481 500 est
506 459 633 500 hoino
656 459 867 513 impurus3
893 458 959 498 sin
979 458 1115 511 aliter,
1142 457 1254 512 quod
1274 458 1400 512 malo,
1426 457 1563 499 oratio

234 521 300 559 est
330 521 476 559 tamen
506 517 718 558 immanis.
768 517 952 569 (Nonius
973 531 1018 570 χο.
1049 520 1144 558 323.
1174 519 1230 558 17
1259 520 1297 557 et
1324 519 1422 558 324.
1452 516 1536 570 15.)

321 577 587 628 Susczpz‘emla
622 577 749 626 igitur
786 576 850 616 dez·
881 576 944 617 lex
973 578 1044 626 est,
1081 589 1205 628 quam
1234 575 1297 617 M.
1331 575 1492 616 Tullius
1519 575 1566 616 in

234 636 335 677 libro
378 636 424 677 dc
466 648 510 675 re
544 634 712 687 publiea
751 635 865 675 tertio
894 647 1025 687 paene
1062 635 1203 675 divina
1239 647 1327 675 voce
1362 634 1564 688 depinxi&

232 695 348 736 cuius
371 707 456 747 390,
486 707 536 734 nc
557 693 687 745 plura
716 693 900 743 dicerem,
930 693 1050 734 verba
1080 693 1247 734 subieci:
1283 691 1365 734 Est
1397 692 1566 746 quidem
1587 706 1619 731 ιο

232 767 333 794 vera
375 753 442 792 lex
487 754 604 792 recta
645 751 757 792 ratio
800 753 978 792 naturae
1022 764 1279 806 congruens,
1327 751 1479 791 diffusa
1521 750 1566 791 in

235 825 398 862 omnes,
437 812 655 863 constans,
688 810 968 863 sempiterna,
1001 824 1108 863 quae
1139 811 1262 851 vocet
1294 809 1346 850 ad
1378 810 1566 851 officium

233 869 434 922 iubendo,
464 868 648 909 vetando
681 883 706 909 a
735 868 884 909 fraude
917 868 1145 923 deterreat3
1185 882 1292 922 quae
1323 871 1469 909 tamen
1497 882 1566 908 ne·

234 943 314 982 que
351 928 510 982 probos
547 927 709 968 frustra
746 927 864 968 iubet
896 929 970 968 aut
1000 929 1118 968 vetat
1148 941 1225 968 nec
1255 927 1475 981 improbos
1506 926 1566 967 iu-

233 987 371 1028 bendo
404 988 478 1027 aut
508 986 691 1027 vetando
719 988 873 1026 movet.
921 984 1033 1026 Huic
1058 986 1145 1040 legi
1169 1000 1245 1027 nec
1273 985 1474 1040 obrogari
1498 985 1564 1025 fas
1585 997 1619 1023 ιε»
1683 1002 1685 1024 ε

234 1048 299 1086 est
338 1059 474 1099 neque
515 1044 713 1100 derogari
753 1059 802 1085 ex
842 1044 922 1085 hac
960 1044 1122 1098 aliquid
1158 1044 1259 1085 licet
1297 1058 1434 1098 neque
1471 1045 1566 1085 tota

234 1104 437 1159 abrogari
476 1106 638 1158 potest,
678 1117 756 1144 nec
797 1117 897 1144 vero
936 1105 1010 1143 aut
1046 1117 1121 1157 per
1159 1105 1355 1143 senatum
1387 1104 1461 1143 aut
1491 1116 1567 1157 per

233 1164 441 1217 populum
473 1162 583 1203 solvi
614 1162 694 1203 hae
720 1162 815 1215 lege
840 1176 1082 1216 possumus,
1112 1176 1249 1215 neque
1275 1164 1340 1202 est
1366 1175 1566 1215 quaeren-

234 1222 310 1263 dus
343 1222 595 1275 explanator
626 1223 700 1262 aut
730 1220 942 1275 interpres
975 1220 1063 1261 eius
1097 1219 1223 1273 alius,
1259 1234 1337 1261 nec
1369 1219 1449 1260 erit
1481 1219 1566 1260 alia

233 1280 301 1320 lex
333 1280 506 1333 Romae,
540 1279 625 1320 alia
650 1279 847 1332 Athenis,
880 1279 966 1319 alia
995 1293 1118 1332 nunc,
1151 1279 1236 1320 alia
1266 1278 1461 1333 posthac,
1492 1278 1565 1318 sed
1586 1292 1618 1316 20

233 1341 276 1380 et
317 1353 463 1380 omnes
505 1340 653 1393 gentes
692 1340 734 1378 et
772 1337 887 1378 omni
924 1340 1116 1391 tempore
1153 1352 1239 1378 una
1275 1337 1343 1378 lex
1380 1339 1423 1378 et
1461 1351 1565 1377 sein-

233 1398 403 1452 piterna
441 1400 483 1437 et
514 1396 796 1437 immutabilis
829 1396 1081 1449 continebit,
1119 1410 1310 1449 unusque
1344 1395 1424 1436 erit
1455 1410 1566 1436 coin-

233 1456 373 1497 munis
407 1455 529 1510 quasi
560 1456 766 1510 magister
798 1457 840 1495 et
864 1455 1098 1509 imperator
1124 1455 1314 1495 omnium
1341 1454 1461 1508 deus,
1491 1454 1565 1495 ille

233 1515 342 1570 legis
379 1514 505 1556 huius
543 1514 759 1567 inventor,
797 1513 1074 1568 disceptator,
1111 1513 1242 1567 lator,
1279 1513 1347 1554 cui
1378 1513 1450 1567 qui
1480 1527 1566 1554 non

232 1573 419 1628 parebit,
459 1573 551 1628 ipse
589 1587 633 1614 se
669 1573 807 1628 fugiet
838 1587 886 1613 ac
915 1574 1116 1613 naturam
1147 1571 1334 1613 hominis
1367 1585 1565 1626 asper-na·
1585 1584 1620 1610 25

232 1635 303 1673 tus
346 1632 427 1673 hoc
470 1632 565 1686 ipso
609 1632 699 1673 luet
741 1631 949 1672 maximas
993 1644 1171 1685 poenas,
1215 1630 1385 1671 etiamsi
1427 1632 1567 1672 cetera

233 1691 460 1745 supplicia,
499 1705 606 1745 quae
643 1692 873 1745 putantur,
912 1689 1121 1744 effugerit.
1180 1688 1445 1743 (Lactantius
1474 1689 1566 1730 inst.

234 1751 310 1791 div.
343 1750 408 1791 m).
448 1750 511 1791 VI
540 1753 576 1791 8.
610 1749 754 1802 6——9.)

322 1807 413 1850 Scio
445 1809 491 1849 m
522 1808 622 1849 libro
654 1807 857 1849 Ciceronis
888 1808 1018 1858 tertio,
1054 1807 1138 1848 nisi
1164 1806 1309 1859 fallor,
1345 1807 1393 1848 de
1421 1819 1465 1847 re
1487 1819 1566 1859 pu-

235 1867 339 1908 blica
364 1868 586 1919 disputari.-
610 1866 777 1907 nullum
803 1865 964 1907 bellum
986 1865 1145 1920 suscipi
1165 1880 1190 1906 a
1209 1865 1382 1906 civitate
1403 1865 1567 1919 optima
1585 1876 1621 1902 ω

234 1925 318 1966 nisi
360 1928 433 1966 aut
473 1940 550 1979 pro
591 1925 673 1966 fide
712 1926 786 1965 aut
823 1939 900 1979 pro
940 1924 1090 1965 salute.
1153 1923 1262 1975 Quid
1295 1927 1429 1965 autem
1459 1924 1569 1966 dicat

236 1984 328 2039 ‘pro
361 1983 514 2025 salute'
553 1985 612 2025 vel
649 1984 823 2036 inlellegji
858 1997 981 2035 quam
1017 1983 1187 2025 salutem
1222 1983 1332 2036 velit,
1374 1983 1456 2024 alio
1487 1982 1567 2024 loco

234 2043 534 2084 demonstraus:
572 2040 654 2083 Sed
685 2042 751 2083 his
782 2042 949 2096 poenis,
984 2042 1135 2095 inquit,
1166 2055 1271 2095 quas
1303 2040 1433 2082 etiam
1465 2040 1568 2082 stul-

234 2100 395 2142 tissimi
426 2101 633 2155 sentiunt,
665 2102 875 2156 egestate,
907 2100 1053 2154 exilio,
1083 2099 1277 2153 vinculis,
1307 2098 1568 2153 verberibus,

232 2159 465 2201 elabuntur
497 2174 623 2214 saepe
654 2159 812 2214 privati
845 2159 994 2200 oblata
1024 2158 1177 2200 mortis
1209 2158 1439 2211 celeritate,
1470 2157 1567 2200 civi·
1586 2167 1619 2194 35

231 2219 394 2260 tatibus
436 2221 579 2260 autem
616 2233 731 2259 mors
770 2218 864 2272 ipsa
901 2232 1040 2273 poena
1076 2219 1159 2270 est,
1198 2231 1306 2271 quae
1344 2216 1511 2257 videtur
1543 2231 1568 2258 a

230 2292 368 2332 poena
414 2277 607 2332 singulos
644 2276 878 2330 vindicare3
923 2276 1047 2317 debet
1085 2276 1199 2317 enim
1235 2275 1472 2317 constituta
1508 2274 1568 2316 sie
