1685 2568
178 85 265 126 104
596 81 661 117 DE
687 81 887 116 NATURA
912 81 1115 116 DEORUM

263 180 502 234 Ansaque
555 178 817 220 funestum
868 178 1031 232 prima
1081 181 1157 219 est
1206 178 1514 220 fabricarier·

1231 251 1397 278 ensem

263 297 328 339 Et
366 299 578 354 gustare
615 310 762 337 manu
800 295 1026 337 vinctum
1065 295 1411 350 domitumque
1442 297 1514 338 iu-

1175 369 1395 396 vencum.

175 449 316 492 Tanta
356 449 594 504 putabatur
633 448 802 489 utilitas
839 448 1000 503 percipi
1038 462 1060 489 e
1091 448 1249 501 bubus,
1290 450 1339 490 ut
1370 463 1516 490 eorum

106 511 161 552 64
175 509 412 551 visceribus
444 508 558 549 vesci
591 508 729 549 scelus
761 507 1003 548 haberetur.
1058 505 1255 562 Longum
1288 509 1353 548 est
1384 508 1517 549 mulo-

174 583 271 609 rum
302 566 502 622 persequi
527 566 741 607 utilitates
768 568 811 606 et
837 566 1067 620 asinorum,
1100 580 1207 620 quae
1234 568 1346 607 certe
1374 566 1427 607 ad
1445 566 1517 607 ho·
1555 578 1570 604 5

108 636 173 666 160
188 626 352 667 minum
377 640 503 667 usum
528 627 706 680 paratae
734 626 844 665 sunt.
889 622 968 665 Sus
995 639 1095 665 vero
1118 625 1218 678 quid
1238 624 1370 666 habet
1390 639 1506 679 prae-

175 688 244 727 ter
275 685 445 726 escam?
484 684 552 726 cui
584 683 766 738 quidem,
797 697 850 724 ne
880 685 1134 738 putesceret,
1167 683 1353 724 animam
1379 683 1520 738 ipsam

176 758 256 799 pro
298 744 388 785 sale
430 743 576 784 datam
617 742 720 783 dicit
764 755 856 783 esse
894 740 1179 796 Chrysippus3
1223 757 1307 796 qua
1350 743 1520 797 pecude,

178 803 292 858 quod
324 805 416 844 erat
448 802 502 842 ad
533 801 789 843 vescendum
818 800 1063 841 hominibus
1092 803 1206 855 apta,
1236 801 1345 841 nihil
1372 801 1521 856 genuit

177 864 335 904 natura
370 860 604 902 fecundius.
667 858 776 908 Quid
817 859 1139 900 multitudinem
1177 860 1520 914 suavitatemque
1542 873 1574 898 10

177 921 360 976 piscium
394 920 561 961 dicam?
595 918 696 973 quid
728 918 900 959 avium?
934 933 984 959 ex
1017 918 1170 972 quibus
1197 920 1320 959 tanta
1345 919 1522 973 percipi-

178 984 249 1021 tur
287 979 509 1033 voluptas,
552 980 601 1019 ut
641 977 856 1018 interdum
893 975 1088 1018 Pronoea
1124 979 1275 1018 nostra
1311 977 1524 1031 Epicurea

176 1039 309 1080 fuisse
359 1037 567 1079 videatur.
633 1036 777 1090 Atque
828 1050 901 1076 eae
949 1051 1002 1076 ne
1046 1038 1299 1090 caperentur
1353 1036 1523 1090 quidem

178 1097 261 1139 nisi
292 1096 516 1138 hominum
547 1095 716 1136 ratione
743 1097 871 1149 atque
899 1095 1111 1148 sollertia3
1145 1109 1404 1149 quamquam
1431 1095 1522 1136 avis

178 1156 404 1212 quasdam,
443 1157 486 1196 et
523 1154 648 1195 alites
689 1156 732 1194 et
764 1154 946 1207 oscines,
985 1156 1033 1194 ut
1064 1153 1203 1194 nostri
1235 1168 1418 1208 augures
1453 1169 1523 1208 ap·
1545 1165 1577 1192 15

179 1216 362 1271 pellant,
400 1228 544 1255 rerum
582 1213 929 1267 augurandarum
962 1227 1091 1253 causa
1123 1227 1214 1253 esse
1245 1215 1370 1253 natas
1402 1215 1524 1267 puta-

112 1284 175 1315 161
198 1288 305 1316 111113.
354 1272 449 1314 Iam
480 1287 582 1313 vero
614 1271 823 1312 immanes
856 1274 898 1312 et
923 1271 1036 1312 feras
1063 1271 1212 1312 beluas
1237 1271 1524 1312 nanciscimur

179 1332 386 1384 venando,
417 1333 467 1372 ut
498 1333 541 1372 et
567 1345 790 1372 vescamur
815 1329 868 1371 iis
896 1332 938 1370 et
964 1344 1235 1371 exerceamur
1260 1330 1306 1370 in
1330 1330 1524 1371 venando

180 1393 234 1434 ad
266 1390 592 1433 similitudinem
624 1389 804 1430 bellicae
838 1388 1087 1443 disciplinae
1120 1391 1162 1430 et
1194 1390 1367 1429 utamur
1393 1388 1524 1430 domi-

179 1451 237 1492 tis
267 1453 310 1492 et
336 1448 662 1502 condocefactis,
693 1450 742 1489 ut
768 1447 1022 1501 elephantis,
1054 1448 1275 1502 multaque
1303 1462 1353 1488 ex
1379 1462 1525 1489 earum
1545 1461 1579 1486 20

181 1509 434 1564 corporibus
481 1507 670 1548 remedia
713 1506 876 1547 morbis
921 1509 965 1547 et
1007 1506 1258 1547 vulneribus
1303 1506 1526 1561 eligamus,

181 1570 293 1610 sicut
325 1582 376 1608 ex
408 1566 665 1621 quibusdam
698 1565 906 1620 stirpibus
939 1567 982 1606 et
1011 1565 1169 1618 herbis,
1202 1580 1383 1619 quarum
1413 1566 1527 1606 utili-

181 1630 295 1670 tates
327 1625 554 1681 longinqui
585 1624 794 1679 temporis
826 1638 905 1664 usu
931 1626 974 1664 et
999 1624 1315 1678 periclitatione
1341 1624 1527 1679 percepi-

182 1701 289 1728 mus.
351 1685 508 1726 Totam
551 1683 652 1725 licet
697 1683 850 1724 animis
894 1686 1118 1737 tamquam
1162 1683 1297 1724 oculis
1341 1683 1526 1724 lustrare
1675 1725 1677 1729 ,

183 1749 345 1787 terram
384 1743 604 1797 mariaque
643 1742 805 1795 omnia,
843 1756 988 1783 cernes
1026 1742 1113 1782 iam
1146 1742 1287 1796 spatia
1318 1741 1526 1796 frugifera
1546 1753 1580 1779 25
1641 1746 1645 1751 ’

184 1807 313 1858 atque
338 1803 534 1844 inmensa
558 1816 807 1856 camporum
827 1800 1092 1855 vestitusque
1113 1800 1390 1841 densissimos
1411 1815 1527 1841 mon-

183 1863 310 1916 tium,
342 1861 552 1916 pecudum
584 1863 753 1915 pastus,
790 1861 884 1900 tum
915 1859 1156 1901 incredibili
1187 1873 1334 1900 cursus
1366 1859 1528 1900 mariti-

115 1930 181 1961 152
202 1935 295 1963 mos
329 1920 560 1962 celeritate.
616 1918 706 1960 Nec
738 1933 839 1960 vero
867 1933 997 1973 supra
1022 1920 1195 1972 terram,
1227 1918 1301 1958 sed
1327 1918 1458 1959 etiam
1482 1918 1528 1959 in

183 1979 362 2022 intumis
396 1979 485 2020 eius
518 1977 708 2019 tenebris
735 1977 1020 2032 plurimarum
1046 1991 1188 2017 rerum
1215 1977 1323 2017 latet
1349 1976 1529 2031 utilitas,

185 2053 294 2094 quae
335 2038 390 2079 ad
425 2051 551 2078 usum
582 2036 806 2078 hominum
839 2038 936 2077 orta
967 2037 1020 2077 ab
1052 2035 1299 2077 hominibus
1333 2036 1436 2076 solis
1469 2036 1529 2076 in·
1548 2047 1583 2072 30

184 2098 366 2140 venitur.

114 2179 171 2222 65
274 2178 391 2220 Illud
421 2192 536 2230 vero,
570 2177 683 2231 quod
714 2179 893 2231 uterque
924 2178 1116 2218 vestrum
1143 2176 1321 2231 arripiet
1345 2175 1531 2218 fortasse

187 2238 241 2280 ad
271 2236 631 2292 reprendendum,
670 2234 816 2288 Cotta,
855 2235 955 2289 quia
986 2234 1228 2277 Carneades
1260 2235 1458 2276 lubenter
1488 2235 1531 2277 in

186 2295 356 2339 Stoicos
394 2294 696 2350 invehebatur,
733 2293 945 2348 Velleius,
984 2294 1083 2349 quia
1113 2293 1223 2335 nihil
1254 2296 1344 2335 tam
1375 2294 1533 2335 inridet
