1685 2568
484 99 583 135 CAP.
611 102 737 134 8—-10,
771 102 790 141 ἓ
819 103 966 134 15-21.
1311 99 1395 141 259

59 211 188 252 quam
219 196 296 238 illo
329 195 456 238 modo
488 195 616 249 mori,
646 208 722 235 nec
754 194 894 249 magis
925 194 1181 236 inmutabile
1213 209 1264 236 ex
1294 209 1395 237 vero

57 255 103 297 in
157 254 317 296 falsum
367 253 576 296 ‘Necatus
627 255 693 294 est
742 250 906 307 Scipio'
956 267 1084 307 quam
1142 250 1398 295 ‘Necabitur

58 311 235 368 Scipio'3
265 327 354 367 nec,
386 327 481 355 cum
514 312 618 354 haec
648 312 711 353 ita
742 311 841 365 sint,
872 313 938 353 est
969 325 1108 365 causa,
1141 326 1216 353 cur
1244 311 1397 366 Epicu—

57 385 129 414 rus
166 371 305 413 fatum
343 371 595 413 extimescat
633 372 676 412 et
707 370 761 412 ab
794 370 950 411 atomis
982 373 1105 426 petat
1135 370 1397 425 praesidium

21 443 39 470 5
59 444 214 484 easque
256 430 305 472 de
346 429 417 471 via
454 429 634 471 deducat
670 431 714 471 et
749 442 834 470 uno
866 431 1060 483 tempore
1092 428 1298 484 suscipiat
1330 442 1397 469 res

58 488 162 530 duas
200 488 511 541 inenodabiles,
550 503 697 541 unam,
738 490 786 528 ut
822 487 914 529 sine
951 502 1080 529 causa
1115 488 1193 529 fiat
1225 487 1399 542 aliquid,

58 561 108 589 ex
130 561 224 613 ’quo
257 547 429 600 existet,
467 549 516 588 ut
548 546 598 588 de
628 546 765 588 nihilo
798 546 1017 601 quippiam
1050 547 1145 600 fiat,
1178 547 1290 601 quod
1320 560 1398 587 nec

57 605 141 661 ipsi
166 619 243 648 nec
269 606 467 660 cuiquam
494 605 672 660 physico
698 605 853 659 placet,
885 605 1080 660 alteram,
1106 608 1166 660 ut,
1192 619 1288 647 cum
1315 605 1397 646 duo

57 664 278 706 individua
307 678 384 719 per
414 664 669 705 inanitatem
699 663 912 718 ferantur,
953 664 1137 705 alterum
1170 678 1192 706 e
1223 663 1398 719 regione

5 736 40 763 10
57 726 293 777 moveatur,
325 723 509 764 alterum
542 722 738 764 declinet.
787 721 907 764 Licet
938 723 1051 764 enim
1082 698 1298 778 EpicuroU
1304 737 1398 764 con-

58 782 224 824 cedenti
262 796 387 823 omne
420 781 691 823 enuntiatum
723 783 798 822 aut
828 796 977 823 verum
1009 784 1084 823 aut
1114 782 1273 823 falsum
1307 796 1398 822 esse

56 855 144 883 non
172 841 324 894 vereri,
355 855 409 882 ne
441 840 586 882 omnia
616 840 707 881 fato
739 840 833 881 fieri
867 840 924 881 sit
949 855 1138 895 necesse3
1173 855 1260 882 non
1285 840 1399 882 enim

57 900 242 941 aeternis
275 899 414 941 causis
445 902 625 941 naturae
656 899 912 940 necessitate
944 900 1220 941 manantibus
1250 914 1399 941 verum

58 961 124 1000 est
154 958 209 1012 id,
242 959 356 1013 quod
386 959 449 1000 ita
480 958 745 999 enuntiatur:
779 958 1025 1000 ‘Descendit
1053 959 1099 1000 in
1123 958 1398 1000 Academiam

7 1030 40 1057 15
61 1016 331 1072 Carneades',
367 1032 444 1059 nec
475 1020 621 1058 tamen
653 1017 742 1058 sine
775 1017 933 1071 causis,
972 1017 1045 1058 sed
1076 1017 1256 1059 interest
1287 1018 1400 1059 inter

57 1090 208 1118 causas
239 1076 422 1118 fortuito
455 1078 728 1131 antegressas
761 1079 803 1117 et
834 1076 947 1117 inter
979 1091 1128 1118 causas
1158 1076 1398 1118 cohibentis

56 1135 102 1176 in
142 1149 187 1177 se
228 1135 502 1176 efficientiam
542 1135 798 1176 naturalem.
860 1134 929 1176 Ita
967 1138 1009 1176 et
1046 1150 1214 1190 semper
1251 1150 1399 1177 verum

55 1193 139 1235 fuit
172 1193 395 1236 ‘Morietur
425 1193 657 1248 Epicurus,
694 1208 790 1235 cum
829 1193 912 1235 duo
945 1196 987 1234 et
1019 1194 1298 1249 septuaginta
1330 1209 1399 1235 an-

55 1267 134 1294 nos
173 1252 344 1305 vixerit,
383 1252 588 1294 archonte
619 1251 887 1306 Pytharato’‚
927 1267 1065 1306 neque
1096 1255 1244 1294 tamen
1275 1255 1399 1294 erant

21 1323 39 1349 ο
57 1325 210 1353 causae
240 1310 410 1365 fatales,
442 1326 516 1353 cur
547 1311 610 1352 ita
636 1311 857 1365 accideret,
890 1311 974 1365 sed,
1008 1311 1122 1365 quod
1147 1312 1209 1353 ita
1236 1312 1399 1364 cecidit,

55 1372 156 1412 serie
187 1373 304 1412 certa
335 1384 559 1412 causarum
593 1384 803 1424 casurum,
836 1369 946 1411 sicut
972 1370 1134 1424 cecidit,
1165 1370 1260 1412 fuit.
1309 1370 1399 1412 Nec

55 1428 104 1483 ii,
137 1429 210 1483 qui
242 1429 388 1471 dicunt
419 1428 694 1470 inmutabilia
726 1443 836 1483 6336,
869 1443 977 1483 quae
1008 1428 1154 1470 futura
1187 1429 1291 1483 sint,
1322 1444 1399 1471 neo

55 1502 181 1543 posse
219 1502 369 1530 verum
404 1487 598 1529 futurum
636 1490 885 1529 convertere
923 1487 968 1529 in
1004 1487 1181 1542 falsum,
1217 1488 1299 1530 fati
1330 1503 1399 1530 ne—

57 1547 302 1588 cessitatem
334 1547 601 1601 confirmant,
634 1546 707 1588 sed
739 1547 968 1588 verborum
1000 1547 1087 1588 vim
1116 1547 1398 1602 interpretan-

21 1608 137 1647 stur.
195 1606 257 1647 At
297 1606 370 1660 qui
409 1605 688 1647 introducunt
726 1620 951 1647 causarum
990 1606 1141 1647 seriem
1178 1608 1399 1661 sempiter-

55 1679 174 1719 nam,
211 1664 242 1706 ii
280 1667 468 1706 mentem
504 1664 691 1706 hominis
729 1665 952 1706 voluntate
991 1665 1128 1706 libera
1165 1666 1398 1720 spoliatam

55 1723 313 1766 necessitate
343 1724 425 1765 fati
457 1723 713 1765 devinciunt.

1428 731 1470 763 19

1425 1379 1469 1410 20

145 1780 228 1824 Sed
258 1783 363 1824 haec
388 1782 613 1834 hactenus3
645 1782 731 1823 alia
756 1782 987 1824 videamus.
1032 1781 1259 1824 Concludit
1285 1783 1398 1825 enim
1416 1784 1468 1825 10

56 1839 323 1897 Chrysippus
362 1841 443 1884 hoc
481 1841 625 1883 modo:
665 1840 738 1882 eSi
775 1845 853 1882 est
888 1844 1055 1883 motus
1088 1842 1195 1883 sine
1228 1857 1397 1897 causa,

29 1911 154 1942 >non
192 1900 354 1942 omnis
392 1900 702 1954 enuntiatio,
739 1901 869 1955 quod
901 1898 1100 1954 ἀξίωμα
1133 1901 1398 1944 dialectici

57 1959 344 2014 appellant,
377 1962 464 2000 aut
489 1974 609 2000 vera
636 1961 722 2000 aut
747 1959 883 2001 falsa
909 1960 1026 2014 erit3
1059 1974 1238 2001 causas
1266 1960 1396 2002 enim

57 2017 343 2060 efficientis
376 2018 507 2072 quod
537 2033 635 2060 non
662 2018 893 2072 habebit,
925 2019 974 2060 id
1000 2033 1088 2060 nec
1113 2033 1284 2060 verum
1309 2034 1397 2062 neo

54 2075 243 2118 falsum
281 2077 397 2131 erit3
436 2077 597 2119 omnis
634 2079 800 2118 autem
833 2077 1125 2119 enuntiatio
1159 2080 1247 2119 aut
1277 2093 1397 2120 vera

58 2138 143 2177 aut
167 2135 304 2177 falsa
330 2139 424 2189 est3
456 2138 622 2178 motus
650 2150 769 2191 ergo
796 2136 903 2178 sine
930 2151 1082 2179 causa
1105 2137 1279 2178 nullus
1307 2140 1395 2178 est.

57 2193 197 2243 Quod
229 2195 270 2236 si
294 2194 370 2236 ita
395 2197 489 2249 est,
522 2195 705 2248 omnia,
738 2209 862 2249 quae
888 2195 1040 2249 fiunt,
1067 2195 1234 2238 causis
1261 2196 1395 2236 fiunt
1422 2204 1460 2234 21

58 2253 397 2308 antegressis3
428 2253 478 2295 id
508 2253 552 2295 si
582 2254 657 2294 ita
683 2256 777 2308 est,
807 2253 918 2296 fato
946 2255 1113 2296 omnia
1144 2254 1295 2307 fiunt3
1328 2253 1395 2294 ef-

0 2339 1 2348 1
56 2311 238 2354 ficitur
262 2312 426 2368 igitur
449 2312 558 2354 fato
585 2311 721 2366 fieri,
747 2327 1090 2367 quaecumque
1116 2312 1274 2354 fiant.'
1313 2311 1395 2354 Hic

1042 2381 1111 2415 17*
