1685 2568
264 78 351 120 206
726 74 790 109 DE
815 73 1138 110 DivatrioNE

265 172 347 215 Sed
376 176 523 214 tamen
554 187 649 214 cum
681 171 894 226 explicare
924 170 1034 211 nihil
1065 183 1227 225 posses,
1256 170 1463 225 pugnasti
1490 185 1601 213 com-

264 232 562 274 menticiorum
595 230 888 284 exemplorum
920 228 1100 270 mirifica
1131 228 1264 282 copia.
1313 228 1378 270 De
1410 244 1493 284 quo
1518 230 1603 285 pri-
1653 224 1656 230 ’

264 306 382 333 mum
421 290 502 332 hoc
540 289 647 330 libet
679 289 832 330 dicere:
869 286 964 329 Hoc
1001 301 1080 343 ego
1113 287 1362 342 philosophi
1391 303 1478 330 non
1509 303 1602 330 esse

264 350 470 398 arbitror,
507 347 691 389 testibus
730 346 813 400 uti,
852 345 925 400 qui
963 348 1038 387 aut
1075 360 1176 387 casu
1206 346 1297 387 veri
1328 349 1403 388 aut
1434 347 1603 389 malitia

262 408 365 450 falsi
400 407 574 461 fictique
612 419 705 447 esse
742 406 943 460 possunt3
983 404 1249 460 argumentis
1288 407 1331 446 et
1361 405 1601 448 rationibus
1637 400 1685 447 εἶ

265 468 450 522 oportet,
484 478 613 519 quare
641 463 825 518 quidque
850 464 913 504 ita
938 462 1007 517 sit,
1038 463 1200 517 docere,
1230 477 1317 504 non
1343 464 1518 519 eventis,
1548 465 1603 506 iis

266 523 533 580 praesertim,
567 522 721 578 quibus
753 522 860 563 mihi
890 522 1019 563 liceat
1048 536 1136 564 non
1168 521 1349 564 credere.

353 582 415 625 Ut
449 581 592 624 ordiar
624 582 678 623 ab
710 580 1002 635 haruspicina,
1041 595 1169 635 quam
1201 594 1280 636 ego
1312 580 1375 622 rei
1404 581 1602 636 publicae

266 657 395 685 causa
432 640 753 694 communisque
790 639 1013 695 religionis
1045 639 1267 681 colendam
1299 654 1461 682 censeo.
1523 638 1606 682 Sed

265 701 349 743 soli
387 714 551 754 sumus3
591 698 692 740 licet
728 712 876 740 verum
908 698 1127 752 exquirere
1160 698 1250 740 sine
1280 698 1459 753 invidia,
1498 699 1605 740 mihi
1625 703 1657 739 ω

265 758 521 816 praesertim
547 758 597 799 de
628 757 844 812 plerisque
871 756 1096 798 dubitanti.
1139 755 1434 812 Inspiciamus,
1460 757 1497 799 si
1515 758 1606 813 pla-

267 821 345 872 cet,
373 820 470 859 exta
496 816 694 871 primum.
737 815 991 857 Persuaderi
1009 815 1144 870 igitur
1163 816 1361 870 cuiquam
1380 819 1525 871 potest
1545 832 1606 871 ea,

267 892 375 933 quae
402 875 636 931 significari
663 875 861 917 dicuntur
880 873 1001 928 extis,
1027 874 1201 929 'cognita
1227 888 1318 916 esse
1339 875 1392 916 ab
1413 875 1607 930 haruspi-

266 937 386 979 cibus
413 934 713 977 observatione
739 933 969 975 diuturna?
1002 931 1139 981 Quam
1166 933 1367 975 diuturna
1385 933 1472 975 ista
1490 934 1606 976 fuit?

267 998 341 1038 aut
366 1008 494 1050 quam
514 993 750 1049 longinquo
770 995 963 1047 tempore
984 991 1205 1034 observari
1229 992 1401 1047 potuit?
1427 995 1502 1034 aut
1522 1007 1605 1048 quo
1626 1006 1657 1032 15

267 1053 394 1096 modo
415 1055 481 1095 est
507 1052 725 1104 conlatum
751 1051 864 1092 inter
882 1051 1013 1105 ipsos,
1040 1065 1147 1105 quae
1167 1065 1268 1106 pars
1288 1050 1472 1106 inimica,
1498 1066 1606 1106 quae

266 1127 368 1168 pars
410 1108 636 1153 familiaris
679 1113 808 1164 esset,
853 1109 966 1164 quod
1005 1109 1155 1150 fissum
1193 1109 1449 1164 periculum,
1493 1111 1607 1165 quod

268 1170 539 1215 commodum
572 1169 747 1224 aliquod
779 1168 1051 1210 ostenderet?
1101 1168 1172 1209 An
1197 1168 1301 1210 haec
1327 1168 1439 1209 inter
1465 1183 1510 1211 se
1534 1169 1608 1211 ha-

267 1230 458 1285 ruspices
495 1228 686 1282 Etrusci,
726 1227 830 1281 Elii,
869 1227 1092 1282 Aegyptii,
1132 1226 1266 1269 Poeni
1303 1228 1607 1270 contulerunt?

270 1290 329 1331 At
369 1289 429 1343 id,
469 1290 772 1343 praeterquam
811 1286 924 1341 quod
961 1286 1053 1326 fieri
1089 1300 1177 1327 non
1211 1286 1371 1341 potuit,
1410 1301 1464 1328 ne
1501 1287 1657 1342 fingi2o

269 1347 440 1403 quidem
484 1349 646 1401 potest3
691 1345 799 1387 alios
844 1344 956 1386 enim
1001 1344 1085 1386 alio
1124 1359 1242 1386 more
1278 1345 1471 1387 videmus
1510 1348 1610 1388 exta

198 1416 241 1447 29
267 1405 563 1461 interpretari,
599 1419 677 1446 nec
712 1418 804 1445 esse
834 1418 964 1444 unam
996 1403 1187 1445 omnium
1219 1403 1501 1458 disciplinam.
1550 1404 1610 1446 Et

268 1468 395 1519 certe,
428 1465 464 1506 si
496 1466 562 1505 est
592 1463 638 1504 in
670 1462 778 1505 extis
812 1462 957 1516 aliqua
987 1462 1066 1516 vis,
1099 1477 1206 1517 quae
1239 1462 1426 1504 declaret
1450 1462 1608 1517 futura,

204 1543 239 1577 ,g
267 1537 441 1566 necesse
473 1525 539 1564 est
571 1537 665 1564 eam
697 1524 772 1563 aut
803 1536 899 1563 cum
930 1536 1073 1562 rerum
1104 1523 1260 1563 natura
1292 1535 1383 1563 esse
1416 1521 1610 1564 coniunc-
1684 1564 1685 1575 γ

269 1586 361 1625 tam
405 1584 479 1624 aut
523 1580 782 1623 conformari
827 1580 1011 1634 quodam
1055 1579 1181 1622 modo
1222 1580 1395 1622 numine
1434 1581 1610 1622 deorum
1628 1579 1685 1619 25⁴

269 1642 397 1696 vique
431 1640 585 1681 divina.
635 1638 744 1682 Cum
775 1653 919 1680 rerum
948 1641 1105 1680 natura
1135 1641 1259 1680 tanta
1289 1641 1463 1694 tamque
1491 1654 1611 1694 prae·
1683 1626 1685 1642 ⁸

271 1701 388 1742 clara
424 1700 469 1740 in
507 1713 654 1741 omnes
691 1700 837 1753 partes
876 1699 1103 1752 motusque
1136 1698 1288 1739 diffusa
1321 1698 1421 1753 quid
1451 1698 1611 1740 habere

270 1761 416 1815 potest
443 1772 666 1800 commune
691 1772 779 1798 non
799 1757 935 1799 dicam
957 1757 1243 1812 gallinaceum
1265 1756 1323 1797 fel
1345 1754 1464 1812 (sunt
1484 1757 1610 1809 enim,

272 1818 344 1872 qui
376 1818 443 1859 vel
477 1815 756 1872 argutissima
786 1815 892 1857 haec
925 1819 1022 1857 exta
1055 1830 1146 1857 esse
1179 1814 1360 1871 dicant),
1393 1815 1466 1857 sed
1497 1816 1612 1857 tauri
1684 1858 1685 1861 Ἴ

273 1876 406 1931 opimi
443 1876 558 1917 iecur
596 1877 670 1916 aut
708 1889 780 1916 cor
818 1876 892 1916 aut
926 1874 1207 1929 pulmo.quid
1238 1873 1371 1915 habet
1401 1874 1612 1928 naturale,
1630 1886 1654 1912 3(
1683 1893 1685 1897 .

274 1935 387 1990 quod
420 1934 635 1976 declarare
667 1933 817 1988 possit,
850 1933 951 1987 quid
981 1933 1173 1974 futurum
1207 1932 1293 1974 sit‘?
1339 1932 1612 1975 Democritus

273 1996 420 2036 tamen
455 2007 543 2034 non
578 1992 731 2034 inscite
761 1994 966 2047 nugatur,
1004 1994 1053 2034 ut
1083 1991 1303 2046 physicus,
1343 2006 1426 2046 quo
1460 2006 1614 2047 genere

273 2053 382 2094 nihil
415 2051 713 2106 adrogantius:

333 2110 474 2160 Qu6d
524 2112 600 2151 est
644 2112 760 2151 ante
803 2109 974 2164 pedes,
1023 2111 1166 2150 nemo
1212 2111 1435 2164 spectat,
1484 2109 1615 2150 caeli

971 2170 1271 2210 scrutantur
1302 2168 1497 2223 plagas.

274 2228 438 2270 Verum
475 2228 511 2268 is
553 2229 699 2268 tamen
736 2226 888 2268 habitu
927 2229 1121 2268 extorum
1160 2229 1202 2268 et
1234 2227 1375 2268 colore
1407 2225 1615 2268 declarari
1633 2236 1653 2262 δὲ

275 2289 420 2330 censet
451 2286 555 2328 haec
588 2286 829 2327 dumtaxat:
861 2285 1011 2340 pabuli
1043 2299 1176 2341 genus
1211 2287 1253 2326 et
1285 2300 1430 2327 earum
1461 2299 1615 2337 rerum,

196 619 239 649 28

204 1917 258 1958 13

201 1968 247 1999 30
