1685 2568
259 52 280 92 1
288 52 342 93 86
730 50 794 85 DE
820 49 1140 86 DIVINATIONE

258 147 425 189 divinae
451 149 594 188 autem
618 147 748 202 paulo
775 147 1024 189 obscurior?
1063 145 1180 194 Quae
1201 145 1314 187 enim
1337 146 1458 200 extis,
1486 161 1594 201 quae

255 206 511 261 fulgoribus,
545 221 652 260 quae
683 206 909 261 portentis,
942 219 1050 260 quae
1083 204 1211 245 astris
1237 205 1595 259 praesentiuntur,

255 264 361 306 haee
384 267 538 306 notata
563 267 663 305 sunt
689 264 988 305 observatione
1016 263 1227 304 diuturna.
1271 262 1425 304 Adfert
1450 266 1595 305 autem

256 325 450 365 vetustas
484 323 682 364 omnibus
713 323 758 363 in
789 323 915 363 rebus
947 322 1186 377 longinqua
1211 321 1510 363 observatione
1534 323 1595 363 in·
1644 326 1658 369 ,s

258 382 504 423 credibilem
531 381 773 434 scientiam3
799 395 906 435 quae
931 383 1076 436 potest
1100 394 1192 421 esse
1212 380 1344 421 etiam
1364 380 1454 421 sine
1475 383 1595 422 motu
1631 391 1644 417 ³

257 442 386 494 atque
417 439 592 494 inpulsu
624 439 817 493 deorum,
856 454 968 494 cum,
1002 439 1103 494 quid
1135 453 1185 479 ex
1217 453 1383 493 quoque
1416 439 1595 493 eveniat,

258 501 300 540 et
327 498 428 552 quid
454 512 666 552 quamque
691 512 781 539 rem
808 497 1031 553 significet,
1057 497 1208 539 crebra
1227 497 1595 539 animadversione

189 566 254 597 110
274 559 546 612 perspectum
591 559 667 598 est.
727 556 881 598 Altera
922 556 1128 598 divinatio
1171 558 1237 597 est
1275 555 1504 610 naturalis,
1547 558 1596 597 ut

258 618 358 657 ante
384 615 488 669 dixi3
515 629 623 669 quae
648 614 827 670 physica
847 615 1093 670 disputandi
1113 614 1355 656 subtilitate
1374 613 1596 656 referenda

258 676 323 716 est
355 674 407 715 ad
437 676 639 715 naturam
672 674 858 728 deorum,
891 688 916 715 a
945 688 1040 728 qua,
1071 676 1120 714 ut
1145 673 1404 715 doctissimis
1432 673 1595 728 sapien·
1615 684 1648 710 ιο

256 733 521 787 tissimisque
558 733 739 787 placuit,
776 732 956 774 haustos
995 731 1160 774 animos
1198 734 1242 773 et
1278 732 1436 773 libatos
1469 731 1596 773 habe-

258 806 372 846 mus3
407 805 587 845 cumque
619 791 763 832 omnia
794 791 1010 846 completa
1041 793 1084 831 et
1115 790 1274 832 referta
1305 790 1392 831 sint
1423 793 1595 832 aeterno

259 865 385 892 sensu
417 852 461 891 et
491 852 634 891 mente
666 850 822 904 divina,
853 864 1025 891 necesse
1058 851 1123 890 est
1154 850 1410 904 cognatione
1437 849 1596 891 divino-

256 924 351 950 rum
379 908 621 950 animorum
648 909 813 950 animos
839 908 1049 950 humanos
1076 907 1346 949 commoveri.
1390 905 1473 949 Sed
1492 908 1597 963 vigi-

257 968 398 1009 lantes
438 967 571 1009 animi
607 967 722 1008 vitae
758 967 1088 1009 necessitatibus
1127 966 1317 1008 serviunt
1354 966 1650 1022 diiungunt-15

259 1041 340 1080 que
385 1040 429 1068 se
474 1041 500 1067 a
549 1026 755 1068 societate
799 1026 943 1067 divina
985 1025 1139 1067 vinclis
1178 1024 1369 1080 corporis
1405 1025 1597 1080 inpediti.

189 1094 254 1124 111
270 1085 433 1126 Rarum
466 1087 532 1126 est
565 1085 778 1139 quoddam
812 1099 946 1140 genus
979 1099 1143 1137 eorum,
1182 1084 1254 1138 qui
1287 1098 1331 1125 se
1364 1098 1389 1125 a
1420 1099 1597 1150 corpore

258 1146 440 1186 avocent
465 1146 508 1185 et
534 1144 588 1185 ad
614 1143 854 1185 divinarum
879 1158 1021 1184 rerum
1047 1142 1338 1198 cognitionem
1361 1157 1462 1184 cura
1482 1144 1598 1184 omni

259 1203 485 1257 studioque
516 1202 752 1257 rapiantur.
801 1202 968 1244 Horum
1001 1177 1126 1243 suntD
1133 1201 1314 1257 auguria
1344 1215 1432 1242 non
1464 1201 1597 1242 divini

257 1262 457 1316 impetus,
490 1261 564 1302 sed
595 1261 774 1302 rationis
807 1260 1037 1315 humanae3
1067 1275 1168 1301 nam
1200 1262 1243 1301 et
1270 1262 1427 1301 natura
1451 1260 1598 1302 futura
1617 1271 1650 1298 2⁰

257 1320 565 1375 praesentiunt,
597 1322 646 1360 ut
678 1335 885 1374 aquarum
918 1319 1134 1361 eluviones
1167 1321 1210 1360 et
1243 1318 1597 1373 deflagrationem

257 1380 448 1420 futuram
489 1378 718 1433 aliquando
757 1378 864 1420 caeli
902 1380 1030 1432 atque
1069 1380 1301 1432 terrarum3
1342 1377 1417 1419 alii
1454 1380 1598 1419 autem

257 1438 302 1479 in
335 1452 380 1479 re
411 1437 586 1492 publica
618 1436 857 1491 exercitati,
894 1439 943 1477 ut
975 1436 1024 1477 de
1056 1435 1312 1477 Atheniensi
1344 1434 1501 1478 Solone
1534 1451 1598 1478 ac-

259 1496 461 1552 cepimus,
494 1496 701 1537 orientem
726 1495 998 1550 tyrannidem
1024 1495 1161 1537 multo
1188 1497 1287 1536 ante
1313 1495 1598 1550 prospiciunt3

259 1570 365 1610 quos
404 1555 634 1610 prudentes
672 1569 900 1610 possumus
940 1554 1094 1608 dicere,
1131 1554 1175 1595 id
1215 1556 1280 1595 est
1311 1554 1596 1609 providentes,
1617 1563 1650 1591 25

259 1614 426 1656 divinos
463 1613 584 1655 nullo
624 1614 750 1655 modo
788 1627 1034 1668 possumus,
1073 1627 1160 1654 non
1190 1613 1288 1667 plus
1322 1627 1449 1667 quam
1480 1612 1598 1655 Mile-

259 1673 369 1714 sium
401 1672 599 1727 Thalem,
644 1672 734 1727 qui,
777 1674 826 1713 ut
866 1672 1163 1727 obiurgatores
1197 1685 1296 1713 suos
1328 1671 1598 1714 convinceret

260 1732 587 1786 ostenderetque
632 1731 761 1772 etiam
805 1731 1129 1786 philosophum,
1174 1729 1211 1771 si
1252 1730 1290 1771 ei
1327 1730 1597 1772 commodum

260 1793 384 1845 esset,
410 1790 634 1845 pecuniam
659 1790 798 1832 facere
818 1804 955 1844 posse,
982 1804 1151 1831 omnem
1172 1789 1321 1839 oleam,
1349 1792 1447 1830 ante
1468 1804 1596 1844 quam

191 1857 256 1888 112
271 1849 424 1891 florere
447 1849 672 1904 coepisset,
695 1849 740 1890 in
760 1862 864 1904 agro
884 1848 1052 1890 Milesio
1073 1848 1278 1890 coemisse
1298 1847 1463 1889 dicitur.
1494 1848 1596 1890 Ani·
1616 1857 1650 1884 ³⁰

259 1908 550 1949 madverterat
583 1907 768 1949 fortasse
810 1907 993 1962 quadam
1033 1906 1209 1948 scientia
1247 1906 1438 1948 olearum
1476 1907 1598 1948 uber-

259 1969 395 2009 tatem
426 1965 529 2008 fore.
590 1966 648 2007 Et
682 1966 852 2021 quidem
884 1966 996 2007 idem
1026 1965 1189 2021 primus
1223 1965 1501 2007 defectionem
1533 1980 1598 2008 so-

259 2025 326 2080 lis,
353 2040 461 2079 quae
480 2025 674 2080 Astyage
700 2027 908 2080 regnante
930 2024 1046 2066 facta
1066 2026 1143 2078 est,
1168 2024 1430 2079 praedixisse
1448 2024 1596 2066 fertur.

138 2093 154 2107 ³
190 2084 246 2127 50
347 2084 487 2125 Multa
511 2084 675 2137 medici,
706 2084 845 2125 multa
871 2084 1192 2139 gubernatores,
1224 2083 1439 2139 agricolae
1466 2083 1597 2125 etiam

266 2143 404 2185 multa
440 2142 752 2197 praesentiunt,
794 2143 866 2183 sed
902 2142 1068 2183 nullam
1106 2156 1252 2184 eorum
1291 2142 1596 2184 divinationem
1615 2150 1647 2178 3⁵

259 2216 383 2257 voco,
422 2216 476 2243 ne
518 2201 639 2242 illam
685 2201 872 2256 quidem,
917 2215 1001 2256 qua
1044 2201 1097 2242 ab
1136 2199 1457 2243 Anaximandro
1494 2201 1597 2256 phy-

261 2261 348 2302 sico
392 2259 545 2301 moniti
583 2259 907 2301 Lacedaemonii
951 2261 1069 2308 sunt,
1113 2261 1162 2300 ut
1205 2259 1354 2301 urbem
1398 2261 1441 2301 et
1481 2262 1597 2302 tecta
