1685 2568
238 123 324 163 222
702 124 765 158 DE
791 123 1111 159 DIVINATIONE

238 218 425 260 deamus.
486 218 686 261 Difficilis
726 219 878 274 auguri
915 219 1034 261 locus
1075 218 1129 260 ad
1159 221 1310 260 contra
1341 218 1576 261 dicendum.

236 276 382 319 Marso
418 277 624 331 fortasse,
665 278 739 319 sed
776 278 970 319 Romano
1007 277 1267 318 facillumus.
1327 276 1427 319 Non
1463 278 1577 319 enim

238 350 384 377 sumus
417 336 447 376 ii
478 351 556 377 nos
590 350 785 391 augures,
819 336 890 390 qui
923 336 1066 377 avium
1092 336 1410 390 reliquorumve
1436 336 1577 391 Signo-

237 409 332 435 rum
360 394 659 436 observatione
684 394 832 435 futura
857 394 1059 436 dieamus.
1101 394 1160 435 Et
1185 397 1331 436 tamen
1350 394 1474 436 credo
1494 394 1577 436 Ro-

237 453 419 507 mulum,
458 453 529 506 qui
567 453 716 494 urbem
755 453 975 507 auspicato
1008 453 1212 507 condidit,
1255 453 1458 494 habuisse
1490 453 1577 508 opi·
1612 465 1628 491 ⁵

236 512 408 552 nionem
441 526 532 552 esse
563 511 608 552 in
638 511 910 566 providendis
937 511 1064 552 rebus
1091 512 1329 567 augurandi
1354 512 1576 553 seientiam

238 570 431 625 (errabat
468 570 581 611 enim
619 570 769 610 multis
800 569 845 611 in
875 570 1002 611 rebus
1036 568 1309 625 antiquitas),
1348 585 1477 625 quam
1507 571 1576 612 vel

237 643 317 670 usu
356 629 443 670 iam
480 629 549 669 vel
588 628 782 670 doctrina
812 628 880 670 vel
912 631 1128 670 vetustate
1159 629 1434 670 immutatam
1465 629 1577 670 vide-

237 702 350 741 mus3
393 687 604 728 retinetur
645 689 789 728 autem
829 690 872 728 et
913 687 966 728 ad
1004 688 1249 742 opinionem
1285 688 1406 743 vulgi
1444 690 1486 728 et
1524 687 1578 729 ad

238 760 418 801 magnas
451 746 664 787 utilitates
692 746 754 787 rei
779 746 977 801 publicae
1004 760 1109 801 mos,
1140 746 1308 802 religio,
1339 746 1576 801 disciplina,
1597 759 1630 785 lo

169 816 210 847 71
238 805 304 845 ius
337 805 580 860 augurium,
611 805 785 859 collegii
811 805 1059 846 auctoritas.
1108 804 1199 846 Nec
1223 820 1324 847 vero
1349 819 1437 846 non
1462 804 1578 847 omni

239 863 449 918 supplicio
479 863 599 919 digni
617 862 663 904 P.
684 862 887 905 Claudius
913 862 959 904 L.
978 862 1126 904 Iunius
1152 863 1358 917 consules,
1385 863 1457 918 qui
1482 878 1578 905 con-

236 924 305 963 tra
325 922 516 976 auspicia
534 922 866 978 navigaverunt,
891 922 1126 976 parendum
1147 922 1260 963 enim
1279 922 1477 977 religioni
1495 922 1578 963 fuit

236 995 314 1022 nec
345 981 512 1035 patrius
544 995 638 1022 mos
670 983 762 1022 tam
794 981 1103 1022 contumaciter
1134 981 1432 1036 repudiandus.
1481 980 1577 1022 Iure

237 1039 374 1094 igitur
399 1039 510 1081 alter
535 1040 685 1094 populi
710 1039 866 1081 iudicio
894 1040 1121 1081 damnatus
1148 1042 1224 1093 est,
1257 1040 1367 1081 alter
1393 1042 1576 1081 mortem
1598 1052 1631 1079 15

239 1098 322 1139 sibi
346 1099 438 1153 ipse
465 1099 683 1140 conscivit.
727 1098 963 1139 Flaminius
989 1113 1075 1140 non
1097 1099 1242 1153 paruit
1262 1098 1476 1153 auspiciis,
1501 1099 1578 1139 ita-

240 1171 320 1211 que
352 1157 480 1212 periit
511 1172 606 1198 cum
637 1157 833 1199 exercitu.
885 1158 944 1198 At
970 1172 1080 1198 anno
1107 1161 1206 1212 post
1229 1156 1389 1198 Paulus
1415 1157 1579 1212 paruit3

239 1231 343 1256 num
380 1216 521 1257 minus
553 1216 706 1257 cecidit
736 1216 781 1257 in
812 1215 1026 1258 Cannensi
1056 1230 1203 1271 pugna
1235 1231 1329 1257 eum
1362 1216 1576 1257 exercitu?

239 1274 427 1328 Etenim,
457 1277 506 1316 ut
537 1275 623 1316 sint
655 1275 857 1330 auspicia,
890 1289 996 1328 quae
1029 1275 1151 1316 nulla
1182 1277 1293 1328 sunt,
1324 1274 1428 1316 haec
1454 1277 1578 1328 certe,

241 1333 394 1387 quibus
426 1334 605 1387 utimur,
637 1334 726 1375 sive
757 1333 944 1387 tripudio
978 1333 1067 1374 sive
1100 1333 1149 1374 de
1181 1334 1315 1387 caelo,
1349 1333 1578 1374 simulacra
1597 1345 1630 1370 2⁰

169 1395 226 1435 34
240 1394 340 1433 Sunt
372 1393 678 1446 auspiciorum,
711 1392 901 1446 auspicia
931 1392 1051 1433 nullo
1084 1392 1230 1433 modo!
1284 1391 1330 1440 Q.
1362 1404 1486 1446 FABI,
1518 1403 1577 1433 TE

238 1463 340 1492 MIHI
372 1463 420 1492 IN
452 1462 661 1493 AUSPICIO
694 1463 803 1493 ESSE
830 1463 970 1504 vono3
1002 1451 1246 1505 respondet:
1279 1463 1452 1492 AUDIVI.
1496 1450 1578 1492 Hic

240 1510 354 1564 apud
391 1510 574 1551 maiores
613 1512 784 1551 nostros
818 1510 1101 1551 adhibebatur
1131 1510 1314 1564 peritus,
1346 1524 1458 1551 nunc
1490 1509 1578 1564 qui-

240 1569 371 1610 lubet.
428 1568 620 1610 Peritum
659 1570 802 1610 autem
835 1583 926 1610 esse
957 1582 1127 1610 neeesse
1161 1571 1226 1609 est
1258 1583 1371 1622 eum,
1403 1568 1493 1622 qui,
1525 1567 1578 1609 si-

240 1627 421 1668 lentium
455 1627 555 1682 quid
587 1629 655 1681 sit,
686 1628 932 1682 intellegat3
963 1627 1006 1668 id
1037 1628 1151 1668 enim
1183 1627 1448 1668 Silentium
1481 1627 1577 1669 dici·
1596 1637 1629 1664 25

172 1696 214 1727 72
242 1702 337 1727 mus
368 1687 413 1727 in
445 1686 660 1740 auspiciis,
693 1686 805 1740 quod
837 1687 952 1727 0111111
985 1686 1091 1727 vitio
1118 1688 1245 1727 caret.
1294 1685 1388 1727 Hoc
1412 1686 1578 1727 intelle-

243 1759 341 1801 gere
372 1744 551 1799 perfecti
577 1745 752 1800 auguris
779 1747 862 1798 est3
893 1744 959 1785 illi
985 1748 1139 1798 autem,
1172 1745 1245 1799 qui
1270 1744 1315 1785 in
1341 1744 1577 1799 auspicium

242 1804 482 1857 adhibetur,
508 1819 603 1845 cum
622 1804 686 1845 ita
703 1804 932 1858 imperavit
951 1803 999 1857 is,
1024 1803 1097 1857 qui
1117 1804 1379 1858 auspicatur:
1406 1814 1577 1857 DICITO,

242 1874 299 1908 ,SI
328 1875 578 1904 SILENTIUM
610 1874 717 1904 ESSE
751 1874 1021 1913 VIDEBITUR,
1059 1877 1136 1903 nec
1174 1862 1352 1916 suspicit
1388 1876 1465 1904 nec
1502 1863 1577 1904 cir-

241 1922 484 1976 cumspicit3
517 1921 666 1962 Statim
698 1921 927 1976 respondet
960 1921 1226 1962 silentium
1259 1935 1367 1962 esse
1399 1921 1574 1962 videri.
1594 1931 1626 1958 30

242 1981 351 2021 Tum
389 1980 479 2020 ille:
519 1991 696 2033 DICITo,
734 1991 772 2021 S1
804 1991 1084 2022 PASCENTUR.
1117 2004 1172 2009 -
1203 1979 1488 2021 PASCUNTUR.
1521 2003 1575 2009 —

243 2040 359 2088 Quae
392 2040 520 2080 aves?
559 2041 634 2080 aut
664 2039 766 2080 ubi?
810 2038 985 2091 Attulit,
1017 2038 1167 2093 inquit,
1199 2039 1243 2078 in
1275 2053 1404 2080 cavea
1433 2039 1576 2093 pullos

241 2099 296 2146 is,
337 2097 409 2152 qui
451 2112 500 2138 ex
542 2112 590 2139 eo
630 2097 725 2151 ipso
762 2098 1008 2138 nominatur
1046 2097 1268 2152 pullarius.
1329 2096 1447 2138 Haec
1478 2099 1577 2138 sunt

241 2158 376 2212 igitur
413 2171 511 2197 aves
543 2156 832 2197 internuntiae
863 2155 994 2198 Iovis!
1035 2170 1141 2210 quae
1172 2158 1404 2210 pascantur
1433 2170 1575 2209 neone,

243 2216 344 2270 quid
368 2215 528 2256 refert?
572 2214 693 2255 Nihil
720 2215 773 2255 ad
799 2215 1005 2269 auspicia,
1038 2215 1111 2255 sed
1137 2214 1248 2268 quia,
1280 2229 1374 2256 cum
1401 2229 1575 2269 pascun-
1593 2222 1626 2250 35
1656 2228 1658 2246 ;

241 2277 330 2328 tur,
367 2288 538 2315 neeesse
576 2276 641 2314 est
679 2273 840 2327 aliquid
873 2288 922 2314 ex
955 2288 1026 2314 ore
1059 2272 1206 2315 cadere
1239 2275 1282 2314 et
1313 2275 1473 2314 terram
1505 2288 1575 2327 pa·
1650 2276 1653 2282 “

241 2333 330 2374 vire
363 2331 660 2388 (terripavium
692 2332 842 2386 primo,
873 2335 973 2386 post
997 2331 1280 2387 terripudium
1308 2331 1467 2373 dictum
1493 2334 1575 2385 est3
