1685 2568
221 41 280 83 40
641 40 705 76 DE
731 41 931 76 NATURA
955 41 1159 76 DEORUM

221 137 407 179 Puderet
438 152 505 179 me
537 137 673 179 dicere
704 152 790 178 non
820 137 1083 192 intellegere,
1116 137 1151 178 si
1182 151 1258 179 vos
1284 137 1367 192 ipsi
1391 138 1557 179 intelle-

225 197 401 252 geretis,
440 196 512 250 qui
549 196 634 237 ista
672 196 908 237 defenditis.
971 195 1062 244 Quo
1095 195 1220 237 modo
1254 197 1366 237 enim
1396 197 1555 252 probas

224 255 491 297 continenter
528 255 736 310 imagines
774 254 904 296 ferri?
950 257 1040 308 aut,
1079 254 1114 295 si
1146 255 1429 309 continenter,
1473 269 1555 309 quo

224 314 350 355 modo
389 313 615 354 aeternae‘.>
676 312 1071 367 Innumerabilitas,
1111 313 1270 367 inquis,
1311 313 1558 368 suppeditat

225 375 477 414 atomorum.
526 370 642 412 Num
669 371 815 412 eadem
842 385 943 427 ergo
969 372 1054 413 ista
1073 371 1213 424 faciet,
1239 375 1287 413 ut
1308 372 1395 412 sint
1415 372 1558 413 omnia
1574 385 1590 411 5

225 430 513 485 sempiterna?
576 428 782 485 Confugis
827 430 880 471 ad
923 430 1286 484 aequilibritatem
1329 428 1408 485 (sic
1446 431 1556 471 enim

225 491 477 541 ἰσονομίαν,
511 488 547 528 si
578 488 737 542 placet,
768 488 1050 545 appellemus)
1083 492 1124 529 et
1157 489 1236 542 ais,
1269 489 1470 543 quonjam
1502 490 1556 530 sit

223 551 379 589 natura
405 546 614 601 mortalis,
639 547 914 588 inmortalem
941 547 1070 588 etiam
1098 562 1189 588 esse
1210 550 1417 602 oportere.
1466 547 1555 589 Isto

225 606 362 659 modo,
395 605 596 660 quoniam
628 605 822 646 homines
854 606 1058 647 mortales
1087 609 1197 659 sunt,
1230 606 1316 646 sint
1342 606 1475 660 aliqui
1498 606 1557 647 in-

225 664 447 719 mortales,
493 667 535 705 et
576 664 779 718 quoniam
817 667 1049 706 naseuntur
1081 665 1125 706 in
1156 668 1288 718 terra,
1328 667 1559 706 nascantur
1578 678 1612 703 10

223 725 268 764 in
300 738 422 777 aqua.
454 747 508 752 —
541 722 599 764 Et
632 723 732 776 quia
764 725 863 764 sunt
895 738 1002 777 quae
1033 723 1300 777 interimant,
1333 723 1420 764 sint
1452 738 1559 777 quae

225 784 488 824 conservent.
510 806 562 810 -
585 779 680 822 Sint
706 796 819 835 sane,
846 782 918 822 sed
945 796 995 823 ea
1020 785 1282 836 conservent,
1309 797 1415 836 quae
1442 785 1559 835 sunt3

160 851 224 881 110
246 842 346 882 deos
378 841 486 882 istos
519 854 610 881 esse
642 855 727 881 non
760 840 908 881 sentio.
960 839 1107 881 Omnis
1139 843 1284 882 tamen
1308 841 1393 882 ista
1417 856 1559 882 rerum

226 900 390 955 effigies
439 914 488 940 ex
531 898 759 940 individuis
805 913 887 953 quo
932 899 1056 940 modo
1102 899 1350 954 corporibus
1395 899 1558 940 oritur?

225 973 332 1013 quae
365 957 535 999 etiamsi
561 960 720 1011 essent,
759 972 866 1011 quae
896 958 1018 998 nulla
1049 960 1165 1012 sunt,
1196 958 1357 1012 pellere
1389 972 1433 998 se
1464 958 1560 1013 ipsa
1580 970 1612 995 15

225 1020 268 1058 et
300 1017 457 1072 agitari
487 1016 600 1057 inter
632 1030 676 1057 se
703 1031 909 1058 concursu
933 1016 1118 1058 fortasse
1143 1019 1331 1071 possent,
1361 1016 1559 1071 formare,

224 1077 422 1132 figurare,
455 1075 659 1128 colorare,
692 1075 880 1116 animare
912 1089 997 1116 non
1028 1077 1215 1130 possent.
1268 1074 1400 1116 Nullo
1426 1075 1561 1131 igitur

155 1137 210 1177 40
225 1135 351 1176 modo
389 1134 663 1175 inmortalem
702 1133 826 1174 deum
864 1133 1043 1175 efficitis.
1104 1133 1336 1174 Videamus
1366 1149 1478 1175 nunc
1510 1134 1560 1174 de

224 1195 363 1235 beato.
426 1190 524 1233 Sine
563 1192 721 1233 virtute
759 1195 872 1234 certe
909 1193 1029 1234 nullo
1064 1192 1208 1246 modo,
1246 1193 1382 1233 virtus
1416 1195 1559 1234 autem

225 1255 418 1305 actuosa,
462 1253 505 1292 et
544 1251 645 1292 deus
683 1253 824 1292 vester
860 1251 970 1291 nihil
1008 1265 1158 1306 agens,
1199 1265 1348 1305 expers
1385 1251 1559 1292 virtutis
1581 1265 1614 1290 ρο

156 1321 220 1350 111
242 1311 393 1366 igitur3
424 1310 488 1350 ita
517 1324 570 1350 ne
602 1310 753 1350 beatus
787 1309 967 1363 quidem.
1025 1308 1139 1358 Quae
1172 1324 1273 1364 ergo
1306 1310 1424 1351 vita?
1458 1308 1561 1364 Sup-

224 1369 451 1424 peditatio,
482 1368 636 1422 inquis,
667 1369 877 1409 bonorum
908 1369 1028 1410 nullo
1061 1368 1273 1409 malorum
1304 1368 1560 1410 interventu.

225 1428 415 1477 Quorum
440 1427 614 1468 tandem
639 1427 877 1468 bonorum?
921 1427 1217 1482 Voluptatum,
1248 1427 1384 1481 credo,
1408 1442 1561 1482 nempe

225 1487 278 1528 ad
304 1500 458 1541 corpus
484 1485 810 1541 pertinentium,
834 1486 999 1526 nullam
1028 1485 1140 1526 enim
1160 1486 1342 1527 novistis
1363 1485 1447 1526 nisi
1466 1501 1561 1541 pro-

223 1546 381 1587 fectam
402 1560 427 1586 a
447 1559 623 1599 corpore
644 1546 686 1585 et
705 1544 952 1585 redeuntem
974 1545 1026 1585 ad
1046 1559 1198 1600 corpus
1220 1544 1351 1585 animi
1367 1545 1561 1599 volupta-
1581 1557 1614 1583 ¹25

225 1608 324 1646 tem.
364 1602 463 1645 Non
484 1603 672 1644 arbitror
691 1605 745 1657 te,
766 1602 917 1657 Vellei,
937 1603 1121 1644 similem
1142 1617 1233 1644 esse
1253 1603 1561 1658 Epicureorum

225 1663 499 1716 reliquorum,
520 1676 626 1716 quos
645 1676 728 1703 non
746 1662 905 1716 pudeat
926 1662 1189 1716 quarundam
1203 1661 1379 1716 Epicuri
1398 1677 1561 1716 vocum,

226 1722 379 1776 quibus
405 1721 479 1761 ille
506 1723 692 1762 testatur
719 1735 762 1761 se
786 1735 839 1761 ne
865 1721 1115 1775 intellegere
1142 1721 1311 1775 quidem
1333 1721 1470 1761 ullum
1490 1721 1561 1762 bo-

224 1796 338 1833 num,
372 1780 485 1833 quod
510 1779 566 1820 sit
593 1780 829 1821 seiunctum
857 1795 882 1820 a
907 1779 1100 1821 delicatis
1127 1782 1170 1820 et
1196 1779 1388 1821 obscenis
1415 1779 1562 1834 volup-

224 1839 407 1891 tatibus3
435 1853 539 1892 quas
567 1838 737 1891 quidem
756 1853 842 1879 non
862 1839 1113 1879 erubescens
1133 1837 1403 1893 persequitur
1423 1838 1560 1879 omnis
1581 1851 1615 1876 30

161 1907 226 1936 112
246 1897 513 1939 nominatim.
577 1895 710 1945 Quem
751 1897 892 1938 cibum
930 1897 1063 1952 igitur
1104 1899 1177 1937 aut
1218 1911 1322 1950 quas
1363 1897 1561 1951 potiones

226 1959 300 1997 aut
327 1970 431 2010 quas
458 1970 609 1996 vocum
637 1958 710 1996 aut
736 1956 889 1996 florum
915 1956 1146 1997 varietates
1173 1958 1248 1996 aut
1275 1969 1379 2008 quos
1408 1957 1561 2009 tactus,

227 2029 332 2069 quos
366 2014 516 2055 odores
549 2014 771 2055 adhibebis
805 2014 857 2055 ad
890 2014 1011 2068 deos,
1046 2016 1094 2054 ut
1127 2028 1196 2054 eos
1230 2013 1460 2068 perfundas
1492 2029 1562 2055 vo-

225 2072 497 2128 luptatibus?
565 2072 624 2113 Et
668 2075 819 2127 po'etae
865 2073 1035 2127 quidem
1081 2073 1244 2123 [nectar
1282 2072 1560 2125 ambrosiam]

226 2132 373 2187 epulas
413 2132 649 2184 conparant
685 2133 727 2172 et
759 2134 833 2172 aut
864 2131 1133 2173 Iuventatem
1166 2133 1240 2171 aut
1273 2130 1561 2185 Ganymedem
1582 2142 1615 2169 35

224 2190 379 2245 pocula
411 2189 744 2243 ministrantem,
778 2192 825 2230 tu
858 2192 1013 2243 autem,
1045 2189 1240 2244 Epicure,
1274 2189 1373 2244 quid
1403 2189 1562 2231 facies?

226 2248 376 2303 Neque
409 2248 538 2301 enim,
576 2248 685 2289 unde
717 2248 875 2289 habeat
906 2248 991 2289 ista
1024 2248 1124 2289 deus
1157 2251 1274 2303 tuus,
1311 2247 1450 2303 video,
1488 2263 1565 2290 nec
