1685 2568
257 116 344 158 306
731 118 794 152 DE
822 118 883 153 RE
908 118 1114 153 PUBLICA

257 207 473 255 disputandi
507 211 605 246 viam
636 211 779 256 ingredi
810 212 1003 256 profitetur
1029 214 1123 257 (cap.
1149 215 1217 256 30).
1267 213 1361 247 Hinc
1392 214 1584 258 proposito
1642 209 1667 259 ’ᾖ

256 256 295 291 Ρ.
317 257 457 292 Valerii
474 258 686 293 Publicolae
713 259 892 303 exemplo,
917 259 1028 303 paulo
1054 259 1140 303 post
1163 270 1268 303 reges
1289 261 1435 294 exactos
1456 261 1585 304 quater
1651 268 1666 306 1

258 305 431 347 consulis,
459 307 596 349 quanta
619 305 737 350 primo
762 307 928 349 tempore
954 306 1174 347 senatorum,
1202 306 1403 348 consulum,
1430 307 1585 342 dictato-

257 362 337 385 rum
369 351 569 386 auctoritas
602 354 639 386 et
664 363 772 395 quam
797 351 943 386 modica
967 352 1097 396 populi
1121 352 1273 387 libertas
1298 353 1426 396 fuerit,
1457 359 1584 398 paucis

258 398 442 442 significat
475 400 567 443 (cap.
596 403 650 440 31,
678 402 746 442 32).
797 400 881 432 Mox
914 399 1060 443 plebem
1091 410 1174 433 aere
1205 399 1326 434 alieno
1357 411 1522 444 pressam
1547 402 1585 435 et

257 456 279 479 a
303 445 470 489 patribus
495 446 666 479 vexatam
690 445 810 490 prima
834 445 873 478 in
897 447 1060 479 montem
1086 457 1229 480 sacrum
1256 447 1460 481 secessione
1486 447 1586 481 facta

255 491 430 526 Postumo
459 490 624 526 Cominio
652 491 710 536 Sp.
740 491 864 526 Cassio
891 503 982 526 coss.
1009 493 1054 536 (a.
1080 504 1115 527 u.
1143 504 1170 527 e.
1192 495 1274 538 261)
1300 493 1383 538 plus
1408 493 1497 528 iuris
1523 494 1586 528 ad-

257 539 382 583 eptam
407 549 486 573 esse
513 539 717 573 constituta
740 540 925 583 potestate
950 539 1150 573 tribunicia
1174 542 1267 584 (cap.
1295 545 1338 574 33
1364 541 1443 584 sq.)‚
1468 552 1586 586 popu-

256 585 334 619 lum
359 586 482 619 autem
502 586 606 620 tanto
627 585 783 620 tuendae
804 585 986 620 libertatis
1007 586 1128 621 studio
1149 586 1333 631 flagrasse,
1358 588 1401 621 ut
1420 587 1480 632 Sp.
1502 586 1585 622 Cas·
1650 623 1652 626 ,

258 632 352 665 sium
377 643 530 676 regnum
555 634 793 677 appetentem
818 632 897 677 ipse
922 634 1029 677 pater
1053 632 1232 668 occiderit
1255 637 1301 677 (a.
1329 645 1362 669 u.
1390 645 1418 669 e.
1440 636 1522 678 300)
1549 634 1586 669 et

256 678 384 723 plebes
409 680 608 723 potestatis
634 679 889 714 decemviralis
915 679 1070 714 libidine
1097 680 1314 714 exacerbata
1333 681 1466 715 iterum
1484 683 1530 726 (a.
1550 692 1584 717 u.

257 736 287 760 c.
314 729 396 771 304)
422 726 460 760 in
484 727 647 761 montem
673 737 815 760 sacrum
841 726 1032 761 secesserit
1057 727 1149 771 (cap.
1176 730 1340 771 35—-37).
1384 729 1460 762 Iam
1486 739 1586 762 enar-

256 773 338 807 rata
367 784 488 808 rerum
522 773 767 807 Romanarum
798 773 954 808 historia
980 773 1103 817 Scipio
1130 774 1313 808 Tuberoni
1344 774 1516 819 urguenti
1547 786 1586 809 se

258 820 302 854 de
335 820 608 854 conservandae
633 820 687 855 rei
710 820 880 865 publicae
906 820 1110 854 rationibus
1137 820 1408 866 disputaturum
1433 822 1586 867 pollice-

257 867 317 901 tur
343 869 433 912 (cap.
461 872 504 902 38
531 869 634 911 sqq).

256 1052 290 1084 p.
320 1035 404 1086 275]
496 1032 599 1075 Cum
630 1047 764 1075 omnes
788 1034 1012 1086 flayrarent
1035 1033 1263 1086 cupiditate
1290 1034 1496 1089 audiendi,
1528 1035 1587 1075 in-

258 1106 431 1147 gressus
469 1093 535 1133 est
573 1091 632 1134 sic
669 1092 789 1146 loqui
826 1091 984 1146 Scipio:
1029 1091 1204 1134 Catonis
1242 1092 1323 1134 hoc
1361 1093 1472 1134 senis
1511 1095 1588 1147 est,

258 1165 401 1205 quem,
432 1153 480 1191 ut
512 1151 643 1205 scitis,
674 1151 794 1192 unice
827 1151 954 1191 dilexi
985 1151 1250 1204 maximeque
1283 1165 1377 1192 sum
1409 1152 1588 1193 admira-

256 1213 326 1250 tus
359 1209 507 1263 cuique
539 1210 603 1250 vel
639 1210 775 1264 patris
806 1210 1028 1264 utriusque
1059 1209 1212 1250 iudicio
1244 1210 1312 1250 vel
1339 1210 1468 1251 etiam
1493 1225 1586 1252 meo

258 1268 397 1309 studio
442 1283 508 1309 me
553 1270 692 1309 totum
736 1268 789 1309 ab
834 1268 1123 1310 adulescentia
1163 1268 1318 1321 dedidi3
1362 1269 1478 1310 cuius
1520 1279 1622 1310 me5

255 1342 490 1381 numquam
518 1327 674 1368 satiare
699 1327 842 1382 potuit
868 1327 1023 1381 oratio,
1055 1329 1202 1367 tantus
1230 1329 1321 1367 erat
1346 1327 1396 1368 in-
1414 1326 1588 1369 homine

256 1400 358 1427 usus
390 1386 451 1426 rei
484 1385 692 1440 publicae,
725 1400 853 1440 quam
886 1388 927 1427 et
960 1386 1074 1427 domi
1106 1387 1148 1426 et
1179 1385 1358 1426 militiae
1391 1401 1485 1427 cum
1517 1401 1589 1440 op-

256 1463 292 1496 p.
318 1446 403 1497 276]
436 1444 557 1498 time,
596 1447 687 1485 tum
721 1444 850 1486 etiam
879 1443 883 1499 Ι
912 1444 1149 1485 diutissime
1183 1446 1391 1498 gesserat,
1429 1446 1472 1485 et
1502 1459 1589 1486 mo-

257 1503 334 1544 dus
365 1502 411 1544 in
443 1503 616 1544 diceudo
650 1506 692 1544 et
725 1503 938 1558 gravitate
969 1503 1126 1544 mixtus
1159 1503 1278 1557 lepos
1308 1506 1350 1543 et
1376 1517 1588 1544 summum

256 1563 325 1604 vel
364 1561 550 1603 discendi
582 1562 771 1603 studium
802 1562 870 1604 vel
902 1561 1078 1603 docendi
1109 1563 1152 1602 et
1184 1561 1368 1602 orationi
1398 1562 1489 1603 vita
1520 1561 1589 1603 ad·
1609 1573 1642 1597 10

258 1621 431 1662 modum
463 1635 713 1676 congruens.
760 1620 803 1662 Is
837 1620 972 1662 dicere
1004 1620 1171 1661 solebat
1203 1620 1257 1661 ob
1283 1619 1394 1662 hanc
1417 1635 1590 1662 causam

257 1682 478 1734 praestare
515 1682 688 1721 nostrae
727 1679 914 1721 civitatis
953 1681 1116 1720 statum
1148 1678 1299 1720 ceteris
1331 1678 1590 1733 civitatibus,

259 1739 371 1793 quod
408 1739 453 1779 in
488 1738 577 1779 illis
610 1738 768 1794 singuli
798 1738 981 1779 fuissent
1011 1738 1116 1791 fere,
1156 1737 1228 1791 qui
1260 1751 1380 1778 suam
1413 1738 1591 1791 quisque

257 1812 348 1839 rem
384 1797 602 1852 publicam
634 1796 957 1839 constituissent
987 1796 1156 1852 legibus
1189 1797 1318 1850 atque
1348 1795 1560 1837 institutis
1584 1794 1588 1852 Ι

257 1875 292 1907 p.
320 1858 404 1908 277]
439 1856 543 1910 suis,
574 1859 623 1897 ut
654 1855 828 1898 Cretum
859 1855 1018 1909 Minos,
1048 1854 1482 1896 Lacedaemoniorum
1511 1854 1592 1909 Ly-
1611 1865 1644 1891 15

257 1929 426 1970 curgus,
453 1914 791 1967 Atheniensium,
818 1929 925 1968 quae
950 1928 1154 1968 persaepe
1180 1915 1442 1955 commutata
1468 1916 1592 1968 esset,

258 1975 351 2014 tum
383 1973 590 2027 Theseus,
627 1976 719 2014 tum
750 1972 909 2027 Draco,
939 1975 1031 2013 tum
1064 1971 1183 2027 Solo,
1212 1974 1306 2013 tum
1338 1971 1592 2027 Clisthenes,

258 2035 352 2073 tum
382 2032 509 2073 multi
540 2032 626 2086 alii,
658 2034 876 2087 postremo
910 2045 1169 2086 exsanguem
1198 2030 1285 2072 iam
1316 2032 1360 2072 et
1383 2030 1593 2072 iacentem

259 2091 408 2132 doctus
446 2091 512 2132 vir
548 2090 780 2132 Phalereus
819 2092 1103 2131 sustentasset
1139 2089 1403 2144 Demetrius,
1443 2091 1594 2131 nostra

260 2151 403 2191 autem
441 2164 508 2191 res
540 2149 712 2204 publiea
741 2164 828 2190 non
858 2149 983 2190 unius
1016 2150 1128 2189 esset
1158 2147 1347 2203 ingeni0‚
1385 2147 1458 2189 sed
1488 2148 1594 2189 mul·
1612 2158 1645 2183 20

258 2211 420 2263 torum,
456 2223 534 2250 nec
571 2223 656 2250 una
686 2208 872 2250 hominis
910 2207 1018 2262 vita,
1056 2207 1129 2248 sed
1161 2207 1328 2260 aliquot
1359 2206 1594 2248 constituta
1682 2205 1685 2222 ³

260 2286 294 2319 p.
321 2269 405 2320 278]
445 2267 625 2309 saeculis
664 2269 706 2308 et
738 2266 963 2308 aetatibus.
1023 2264 1138 2307 Nam
1165 2266 1170 2317 Ι
1196 2279 1334 2319 neque
1365 2265 1501 2306 ullum
1531 2265 1594 2306 in-

261 2326 433 2382 genium
464 2328 635 2367 tantum
667 2325 859 2367 extitisse
892 2325 1076 2379 dicebat,
1113 2325 1180 2378 ut,
1217 2338 1342 2379 quem
1374 2337 1442 2365 res
1472 2323 1594 2366 nulla
