1685 2568
461 105 550 142 121ss.
575 104 638 141 111.
664 105 765 140 cAP.
791 109 895 141 4—6.
920 108 940 147 ς
968 109 1114 141 10—14.
1367 105 1451 146 437

122 201 285 242 ioribus
321 200 500 255 nostris,
536 199 645 242 nihil
676 199 808 241 habui
840 213 959 254 sane,
995 213 1082 241 non
1111 201 1228 242 modo
1259 200 1455 254 multum,

123 259 236 314 quod
266 262 463 314 putarem
493 258 737 301 novandum
761 258 807 299 in
831 258 1013 314 legibue.
1060 261 1161 300 Am».
1186 256 1352 299 Reddes
1378 258 1455 313 igi·
1483 267 1524 298 13

123 321 194 359 tur
232 318 375 372 nobis,
418 320 467 360 ut
503 318 547 359 in
584 317 807 373 religionis
844 316 940 372 lege
975 315 1117 358 fecisti
1156 316 1377 357 admonitu
1414 318 1457 357 et

122 379 278 432 rogatu
311 391 423 431 meo,
455 376 516 418 sic
547 376 598 418 de
629 376 957 431 magistratibus
988 377 1037 417 ut
1068 375 1271 430 disputes,
1302 374 1456 429 quibus

87 447 103 471 ⁵
124 435 174 476 de
206 435 345 477 causis
377 435 561 477 maxime
590 435 761 490 placeat
790 434 876 476 ista
901 433 1135 489 discriptio.
1183 433 1247 476 M.
1271 432 1457 486 Faciam,

122 494 284 547 Attice,
323 495 372 535 ut
402 493 485 548 vis,
523 496 566 535 et
600 494 740 536 locum
771 493 902 535 istum
933 495 1091 547 totum,
1129 494 1178 533 ut
1209 507 1235 534 a
1266 491 1457 534 doctissi-

123 553 203 594 mis
237 551 441 594 Graeciae
473 552 715 606 quaesitum
747 554 790 593 et
821 552 1087 607 disputatum
1120 553 1203 604 est,
1235 550 1456 606 explicabo

123 615 177 665 et,
197 614 246 652 ut
264 611 444 665 institui,
464 613 615 652 nostra
632 611 727 652 iura
747 611 971 665 attingam.
1011 611 1113 653 Ama
1132 609 1255 651 Istud
1273 609 1457 650 maxime

124 671 298 725 expecto
343 670 578 711 disserendi
621 684 766 726 genus.
830 670 894 711 M.
933 669 1069 724 Atqui
1111 669 1315 724 pleraque
1359 669 1459 710 sunt

71 741 104 766 ιο
123 729 237 770 dicta
279 728 324 770 in
361 729 449 770 illis
489 728 631 782 libris,
675 728 788 783 quod
823 727 1064 771 faciendum
1100 727 1200 781 fuit,
1242 741 1371 782 quom
1408 726 1458 768 de

123 790 301 843 optuma
331 802 376 829 re
407 787 580 842 publica
612 789 903 842 quaereretur3
935 787 1009 828 sed
1033 787 1160 828 huius
1186 786 1271 828 loci
1297 786 1346 827 de
1372 799 1459 827 ma-

123 846 378 902 gistratibus
412 848 511 888 sunt
542 846 717 901 propria
748 846 956 901 quaedam
989 861 1014 887 a
1044 845 1344 900 Theophrasto
1376 844 1459 900 pri-

122 905 434 1007 Μῗίφῗθᾚῗὲ
466 904 676 1005 ῗᾶῗᾶἓίἑθφ
691 903 848 1005 ὃὲἵῖἕὲ]
867 904 1459 1005 ᾳέἃὲῗῗίῖῑέῃῗέἐζωῗὲᾶ11111
1485 942 1511 984 6

72 1035 103 1059 1⁵
124 1024 253 1065 sunt?
290 1023 352 1065 M.
384 1022 483 1064 Non
515 1037 617 1064 sane
641 1023 725 1064 nisi
751 1023 805 1064 ab
832 1037 893 1076 eo,
926 1037 1051 1077 quem
1077 1022 1204 1064 modo
1229 1021 1460 1076 nominavi,
1487 994 1527 1025 14

124 1085 167 1124 et
197 1084 349 1137 postea
382 1097 407 1123 a
438 1096 596 1137 magno
627 1081 800 1123 homine
826 1081 938 1123 etin
963 1081 1113 1137 primis
1144 1081 1321 1134 erudito,
1352 1080 1460 1122 Pan-

124 1142 248 1183 aetio.
309 1139 423 1182 Nam
466 1143 634 1182 veteres
679 1141 809 1182 verbo
846 1143 971 1182 tenus
1010 1142 1132 1182 acute
1170 1139 1237 1181 illi
1276 1139 1459 1194 quidem,

125 1200 198 1241 sed
229 1214 315 1241 non
341 1199 394 1241 ad
418 1199 531 1242 hunc
556 1214 681 1241 usum
707 1199 959 1254 popularem
990 1201 1118 1253 atque
1144 1198 1313 1241 civilem
1338 1198 1389 1240 de
1414 1213 1460 1239 re

124 1259 298 1314 publica
330 1258 608 1300 disserebant.
648 1258 716 1300 Ab
742 1258 822 1300 hac
847 1257 1014 1299 familia
1040 1258 1179 1313 magis
1205 1257 1292 1299 ista
1317 1271 1461 1299 mana-

72 1331 104 1355 20
123 1320 225 1359 runt
269 1317 451 1359 Platone
500 1317 708 1373 principe3
756 1319 856 1372 post
899 1317 1159 1358 Aristoteles
1209 1316 1461 1358 inlustravit

124 1391 294 1419 omnem
324 1376 438 1418 hunc
469 1376 638 1418 civilem
669 1376 715 1417 in
745 1375 1001 1431 disputando
1028 1376 1170 1418 locum
1195 1374 1462 1417 Heraclides-

126 1450 206 1490 que
219 1435 422 1477 Ponticus
442 1435 660 1490 profectus
681 1435 735 1477 ab
756 1435 902 1477 eodem
916 1434 1116 1489 Platone3
1135 1434 1462 1489 Theophrastus

124 1509 224 1536 vero
262 1494 488 1536 institutus
526 1494 580 1536 ab
611 1493 848 1536 Aristotele
886 1494 1119 1549 habitavit,
1160 1496 1209 1535 ut
1241 1493 1377 1548 scitis,
1416 1492 1463 1534 in

125 1568 175 1596 eo
208 1567 362 1609 genere
392 1567 553 1607 rerum,
588 1553 642 1595 ab
675 1553 906 1608 eodemque
937 1552 1175 1594 Aristotele
1208 1552 1357 1594 doctus
1389 1551 1462 1594 Di-

73 1624 106 1649 25
126 1612 355 1655 caearchus
392 1612 492 1654 huic
527 1611 687 1654 rationi
724 1612 950 1667 studioque
986 1626 1074 1653 non
1110 1611 1263 1666 defuit3
1306 1613 1406 1666 post
1437 1625 1464 1653 a

126 1671 425 1727 Theophrasto
462 1670 696 1713 Phalereus
739 1671 814 1712 ille
851 1670 1116 1725 Demetrius,
1159 1670 1210 1712 de
1254 1685 1337 1725 quo
1380 1669 1464 1712 feci

127 1745 258 1786 supra
289 1729 570 1784 mentionem,
600 1730 857 1772 mirabiliter
888 1729 1127 1771 doctrinam
1159 1744 1210 1771 ex
1240 1729 1463 1771 umbracu-

126 1790 180 1831 lis
219 1789 484 1831 eruditorum
522 1789 695 1844 otioque
731 1804 820 1831 non
857 1788 983 1845 quo
1014 1789 1059 1830 in
1091 1788 1226 1830 solem
1259 1791 1388 1843 atque
1418 1788 1464 1829 in

126 1849 360 1904 pulverem,
392 1847 465 1890 sed
495 1847 541 1889 in
570 1848 713 1903 ipsum
745 1848 972 1890 discrimen
1004 1847 1221 1902 aciemque
1250 1847 1462 1902 produxit.

74 1919 108 1943 30
126 1907 242 1949 Nam
279 1910 322 1949 et
354 1907 624 1949 mediocriter
657 1907 804 1949 doctos
837 1921 1018 1962 magnos
1048 1906 1093 1947 in
1124 1921 1169 1948 re
1200 1906 1374 1961 publica
1404 1905 1464 1947 vi-

128 1980 199 2008 ros
237 1968 280 2008 et
317 1965 588 2008 doctissimos
624 1965 819 2007 homines
857 1980 944 2008 non
978 1965 1108 2007 nimis
1138 1965 1183 2006 in
1214 1979 1259 2007 re
1291 1964 1464 2020 publica

128 2027 323 2067 versatos
369 2025 530 2067 multos
574 2039 907 2067 commemorare
949 2038 1196 2079 possumus3
1246 2024 1318 2078 qui
1362 2037 1462 2065 vero

126 2087 309 2139 utraque
349 2099 395 2126 re
433 2084 677 2138 excelleret,
716 2086 765 2125 ut
803 2086 845 2125 et
882 2084 1100 2125 doctrinae
1137 2083 1290 2124 studiis
1328 2084 1371 2123 et
1401 2096 1464 2123 re·

129 2143 269 2199 genda
300 2143 473 2185 civitate
503 2143 702 2198 princeps
729 2145 853 2197 esset,
885 2142 979 2197 quis
1004 2142 1131 2184 facile
1155 2144 1325 2197 praeter
1350 2141 1464 2182 hunc

75 2213 107 2239 35
126 2202 309 2244 inveniri
338 2202 512 2256 potest?

216 2262 316 2303 An.
347 2259 458 2302 Puto
489 2275 627 2316 posse,
659 2263 702 2302 et
734 2260 904 2316 quidem
935 2261 1122 2316 aliquem
1151 2260 1201 2301 de
1226 2259 1366 2300 tribus
1390 2272 1463 2300 no—

127 2319 213 2374 bis3
245 2319 319 2361 sed
349 2333 492 2375 perge,
523 2321 574 2361 ut
603 2334 816 2376 coeperas.
