1685 2568
194 121 252 163 94
605 119 669 154 DE
695 120 895 155 NATURA
920 119 1125 155 DEORUM

191 233 295 259 num
330 220 458 272 atque
491 216 799 259 abundantiam
836 217 945 258 aliae
977 217 1073 258 aliis
1104 216 1150 258 in
1180 217 1286 259 locis
1317 219 1533 273 reperiun-

192 280 275 318 tur.
337 276 586 332 Aegyptum
622 274 750 316 Nilus
793 275 957 330 inrigat
1001 278 1059 330 et,
1104 290 1200 317 cum
1237 278 1332 318 tota
1369 280 1533 319 aestate

193 336 394 378 obrutam
424 335 728 390 oppletamque
760 334 910 388 tenuit,
941 336 1034 376 tum
1066 334 1226 376 recedit
1257 335 1534 391 mollitosque

193 397 238 436 et
269 394 500 436 oblimatos
538 406 666 449 agros
705 392 759 434 ad
797 393 1021 434 serendum
1057 393 1275 447 relinquit.
1340 393 1535 450 Mesopo-

192 453 373 495 tamiam
407 451 596 494 fertilem
629 450 760 493 efficit
790 451 1053 506 Euphrates,
1090 452 1136 493 in
1168 467 1297 506 quam
1329 455 1435 519 quot
1465 468 1535 495 an·
1572 467 1587 494 5

192 526 272 554 nos
310 511 433 566 quasi
468 525 604 552 novos
643 523 771 565 agros
803 510 978 552 invehit.
1038 510 1169 552 Indus
1202 525 1321 565 vero,
1366 511 1439 566 qui
1471 514 1536 553 est

194 570 385 613 omnium
423 569 647 611 fluminum
686 569 914 624 maximus,
954 584 1040 611 non
1078 584 1190 624 aqua
1228 570 1369 611 solum
1408 584 1536 626 agros

193 629 403 671 laetificat
452 631 495 670 et
544 629 737 685 mitigat,
787 628 861 669 sed
905 642 977 670 eos
1022 628 1153 670 etiam
1197 629 1401 683 conserit,
1451 644 1537 670 ma-

195 702 326 746 gnam
370 687 482 729 enim
525 688 611 729 vim
657 687 867 729 seminum
906 700 1048 729 secum
1084 687 1290 729 frumenti
1330 688 1536 729 similium

126 757 191 788 131
213 747 369 789 dicitur
406 747 644 802 deportare.
705 745 928 800 Multaque
967 746 1053 787 alia
1083 746 1128 787 in
1161 747 1254 788 aliis
1287 747 1393 789 locis
1427 762 1536 789 com-
1557 763 1591 787 10

195 806 495 848 memorabilia
537 805 729 861 proferre
766 819 961 860 possum,
1002 805 1163 847 multos
1201 805 1367 847 fertiles
1410 820 1536 862 agros

124 867 180 909 53
196 865 303 907 alios
345 865 529 906 aliorum
565 863 794 906 fructuum.
856 862 938 905 Sed
977 864 1055 905 illa
1093 866 1254 918 quanta
1290 864 1537 920 benignitas

194 927 387 978 naturae,
420 923 532 978 quod
563 925 655 965 tam
686 923 824 964 multa
853 923 907 964 ad
933 923 1200 977 vescendum,
1231 925 1321 964 tam
1348 924 1469 965 varia
1496 927 1538 964 et

198 985 286 1024 tam
323 982 508 1024 iucunda
545 982 705 1038 gignit,
742 996 880 1036 neque
912 996 962 1023 ea
992 996 1076 1023 11110
1109 984 1302 1037 10111ΡοΥο
1336 982 1452 1036 anni,
1490 985 1538 1023 ut

196 1056 365 1096 semper
397 1044 440 1082 et
470 1041 663 1083 novitate
696 1041 957 1082 delectemur
989 1043 1032 1082 et
1064 1041 1201 1096 copia!
1265 1040 1403 1089 Quam
1435 1043 1538 1082 tem·
1559 1055 1592 1080 15

196 1101 387 1156 pestivos
426 1103 570 1142 autem
609 1100 742 1155 dedit,
780 1114 908 1154 quam
947 1099 1157 1141 salutares
1189 1114 1276 1141 non
1308 1100 1433 1142 modo
1465 1100 1539 1141 ho-

197 1160 378 1213 minum,
410 1159 483 1201 sed
515 1159 645 1201 etiam
676 1159 886 1214 pecudum
919 1159 1077 1214 generi,
1108 1158 1160 1199 iis
1195 1159 1374 1213 denique
1407 1159 1540 1200 omni-

197 1219 295 1273 bus,
334 1233 441 1273 quae
480 1218 677 1260 oriuntur
710 1233 731 1259 0
763 1220 898 1271 10113,
935 1220 1087 1259 ventos
1120 1217 1311 1259 Etesiasl
1357 1233 1539 1272 quorum

196 1278 302 1319 flatu
332 1277 455 1318 nimii
486 1279 782 1332 temperantur
814 1276 997 1330 calores3
1036 1276 1089 1318 ab
1122 1277 1257 1318 isdem
1290 1277 1420 1318 etiam
1453 1292 1539 1318 ma-

196 1336 332 1378 ritimi
364 1350 511 1378 cursus
545 1337 702 1378 celeres
735 1338 778 1376 et
810 1336 915 1377 certi
943 1335 1205 1390 deriguntur.
1254 1335 1394 1377 Multa
1420 1351 1539 1390 prae·
1559 1350 1593 1374 20

128 1405 194 1436 132
214 1395 421 1437 tereunda
452 1397 553 1436 sunt
586 1396 648 1447 [et
678 1397 824 1436 tamen
849 1394 988 1436 multa
1014 1394 1241 1446 dicuntur]
1284 1394 1541 1436 Enumerari

199 1455 310 1497 enim
360 1468 447 1495 non
496 1456 678 1509 possunt
728 1453 953 1495 fluminum
1003 1453 1339 1508 oportunitates,
1395 1456 1540 1495 aestus

198 1513 407 1556 maritimi
447 1513 665 1565 [multum]
699 1512 946 1554 accedentes
986 1515 1029 1553 et
1066 1512 1328 1566 recedentes,
1372 1515 1540 1554 montes

196 1572 345 1614 vestiti
371 1574 500 1626 atque
526 1571 759 1625 silvestres,
792 1571 954 1612 salinae
980 1571 1034 1612 ab
1061 1586 1137 1613 ora
1163 1571 1381 1612 maritima
1406 1586 1540 1614 remo-

197 1631 403 1683 tissimae,
436 1630 846 1672 medicamentorum
877 1629 1131 1671 salutarium
1156 1630 1432 1685 plenissimae
1458 1633 1540 1672 ter·
1559 1643 1592 1669 25

197 1705 282 1744 rae,
314 1689 526 1731 utilitates
560 1690 740 1744 denique
772 1688 1107 1730 innumerabiles
1141 1689 1194 1730 ad
1224 1689 1387 1731 victum
1419 1691 1462 1730 et
1487 1690 1541 1731 ad

199 1749 334 1791 vitam
365 1748 643 1790 necessariae.
693 1748 785 1790 Iam
813 1747 895 1789 diei
920 1748 1144 1802 noctisque
1169 1747 1418 1790 vicissitudo
1446 1763 1541 1790 con-

198 1810 342 1850 servat
374 1807 613 1849 animantes
645 1807 840 1849 tribuens
874 1806 990 1848 aliud
1023 1807 1177 1862 agendi
1208 1809 1390 1862 tempus,
1424 1808 1541 1848 aliud

199 1866 454 1922 quiescendi.
535 1865 603 1908 Sic
655 1866 840 1920 undique
890 1866 1007 1908 omni
1056 1866 1223 1907 ratione
1273 1866 1541 1908 concluditur

199 1928 340 1968 mente
373 1925 636 1980 consilioque
669 1925 812 1967 divino
845 1924 989 1966 omnia
1020 1924 1065 1965 in
1095 1924 1176 1966 hoc
1207 1925 1364 1966 mundo
1399 1925 1451 1966 ad
1477 1940 1540 1966 sa-
1560 1937 1594 1963 30

198 1985 333 2026 luten]
383 1984 573 2026 omnium
618 1983 1071 2038 conservationemque
1115 1983 1428 2024 admirabiliter
1473 1984 1541 2025 ad·

201 2043 448 2086 ministrari.

130 2111 196 2142 133
287 2101 370 2144 Hic
408 2104 585 2156 quaeret
623 2102 854 2158 quispiam,
898 2102 1119 2144 cuiusnam
1158 2116 1286 2143 causa
1322 2103 1542 2143 tantarum

199 2175 343 2202 rerum
393 2161 561 2202 molitio
608 2160 725 2203 facta
769 2161 843 2215 sit3
893 2161 1150 2202 arborumne
1195 2163 1237 2202 et
1280 2160 1541 2202 herbarum?

201 2234 309 2275 quae
354 2233 613 2274 quamquam
659 2220 749 2261 sine
793 2234 920 2261 sensu
964 2221 1084 2273 sunt,
1131 2221 1275 2260 tamen
1320 2235 1345 2261 a
1386 2221 1594 2261 1131111335

201 2278 477 2320 sustinentur.
528 2278 589 2319 At
619 2278 663 2319 id
696 2278 866 2333 quidem
899 2278 1131 2320 absurdum
1164 2281 1239 2320 est.
1289 2279 1360 2319 An
1387 2278 1543 2320 bestia-

199 2338 325 2379 rum?
375 2336 525 2379 Nihilo
564 2337 831 2393 probabilius
871 2336 971 2378 deos
1011 2339 1227 2378 mutarum
1265 2339 1308 2378 et
1344 2336 1451 2378 nihil
1483 2336 1544 2378 in-
