1685 2568
423 110 511 146 LIB.
538 110 564 146 Ι.
593 109 693 146 CAP.
722 115 868 145 11—13.
896 114 916 153 ξ
942 114 1092 146 28-34.
1373 114 1428 154 15

93 205 269 248 deorum
293 207 469 248 notione
501 205 912 261 comprehendimus.
960 205 1079 247 Idem
1111 209 1154 248 et
1183 207 1229 248 in
1252 207 1427 250 Timaeo

93 265 197 307 dicit
234 268 277 306 et
306 265 351 306 in
382 264 568 319 Legibus
601 266 644 306 et
673 264 877 305 mundum
909 264 1033 306 deum
1065 279 1157 307 esse
1188 268 1232 306 et
1263 267 1427 308 caelum

93 326 136 365 et
172 326 290 365 astra
327 326 370 365 et
405 326 565 364 terram
602 325 646 364 et
676 323 843 364 animos
875 326 919 364 et
950 337 1040 378 eos,
1078 338 1184 378 quos
1216 324 1427 366 maiorum

91 382 307 423 institutis
346 382 606 437 accepimus3
645 395 753 435 quae
791 384 834 423 et
869 396 946 437 per
981 396 1026 424 se
1064 385 1164 423 sunt
1192 382 1306 424 falsa
1336 397 1428 438 per-

56 441 236 495 5spicue
280 443 323 482 et
364 441 477 482 inter
520 454 565 481 se
607 440 880 482 vehementer
921 442 1219 496 repugnantia.
1285 442 1428 496 Atque

92 499 222 541 etiam
253 499 494 553 Xenophon
529 499 803 554 paucioribus
841 499 984 541 verbis
1023 500 1170 541 eadem
1206 499 1295 542 fere
1331 515 1428 555 pec-

91 561 177 612 cat3
214 558 319 600 facit
357 557 471 599 enim
508 557 554 598 in
585 557 656 612 iis,
695 572 803 612 quae
835 573 861 599 a
893 557 1068 600 Socrate
1101 558 1216 600 dicta
1245 559 1428 614 rettulit,

92 615 311 659 Socratem
352 616 644 671 disputantem
680 616 867 658 formam
904 617 971 658 dei
1009 618 1157 672 quaeri
1187 632 1276 659 non
1307 632 1429 673 opor-

90 678 193 728 tere,
224 675 487 729 eundemque
519 677 562 716 et
593 675 727 716 solem
759 678 801 717 et
833 676 1022 717 animum
1051 676 1178 717 deum
1204 676 1353 730 dicere,
1385 679 1429 718 et

38 747 71 771 10
91 734 218 775 modo
243 748 387 787 unum,
418 736 510 775 tum
537 735 681 775 autem
707 734 850 789 plures
877 735 997 789 deos,
1029 749 1137 789 quae
1167 738 1268 776 sunt
1292 735 1429 777 isdem

89 793 132 834 in
172 792 325 834 erratis
355 791 462 846 fere,
503 793 658 846 quibus
691 807 757 847 ea,
799 808 906 848 quae
939 793 989 835 de
1019 793 1199 835 Platone
1232 794 1427 836 diximus.

89 852 234 906 Atque
271 851 404 893 etiam
440 851 721 893 Antisthenes
764 852 810 893 in
854 866 903 893 eo
940 852 1070 906 libro,
1115 853 1187 907 qui
1223 852 1496 917 physicus30

89 910 357 964 inscribitur,
399 910 621 965 popularis
660 911 760 952 deos
798 911 976 965 multos,
1013 912 1259 953 naturalem
1296 926 1428 953 unum

91 983 183 1010 esse
215 969 358 1010 dicens
390 969 507 1010 tollit
531 969 619 1010 vim
646 972 689 1010 et
712 972 913 1011 naturam
938 970 1125 1012 deorum.
1174 969 1265 1012 Nec
1290 971 1427 1013 multo

39 1039 71 1064 15
92 1041 212 1069 secus
246 1026 509 1082 Speusippus
540 1027 768 1069 Platonem
800 1029 1058 1070 avunculum
1089 1029 1352 1084 subsequens
1385 1032 1429 1071 et

90 1086 179 1128 vim
220 1086 434 1140 quandam
471 1086 632 1140 dicens,
677 1101 762 1141 qua
799 1087 943 1128 omnia
980 1091 1204 1143 regantur,
1249 1102 1427 1143 eamque

91 1145 332 1198 animalem,
364 1145 544 1186 evellere
571 1159 620 1186 ex
645 1145 799 1186 animis
820 1148 1001 1187 conatur
1022 1147 1313 1201 cognitionem
1334 1147 1428 1188 deo-

89 1218 196 1244 rum.
228 1203 571 1258 Aristotelesque
591 1203 637 1244 in
650 1203 780 1245 tertio
801 1204 851 1245 de
869 1204 1148 1260 philosophia
1164 1205 1274 1246 libro
1289 1206 1428 1247 multa

88 1263 239 1304 turbat
270 1276 295 1303 a
326 1262 535 1317 magistro
569 1276 645 1304 8110
676 1261 856 1304 Platone
886 1276 970 1304 non
995 1263 1269 1318 dissentiens3
1300 1264 1426 1306 modo

36 1333 71 1359 πο
90 1321 203 1363 0111111
228 1320 363 1362 menti
387 1320 541 1362 tribuit
567 1335 736 1362 omnem
755 1321 1037 1377 divinitatem,
1069 1322 1196 1364 modo
1222 1323 1427 1365 mundum

88 1380 231 1435 ipsum
272 1379 397 1421 deum
434 1379 537 1422 dicit
574 1394 682 1434 esse,
726 1380 852 1422 modo
891 1380 1024 1422 alium
1062 1381 1273 1436 quendam
1308 1396 1429 1436 prae-

88 1439 178 1480 ficit
214 1438 372 1480 mundo
410 1439 532 1493 eique
570 1453 642 1480 eas
679 1439 817 1494 partis
853 1439 1025 1494 tribuit,
1068 1442 1118 1481 ut
1146 1441 1427 1495 replicatione

89 1497 273 1552 quadam
303 1497 450 1539 mundi
481 1500 646 1539 motum
677 1501 801 1553 regat
832 1501 959 1552 atque
985 1501 1168 1553 tueatur,
1199 1502 1293 1541 tum
1319 1500 1427 1542 caeli

91 1556 285 1598 ardorem
311 1556 436 1598 deum
461 1556 564 1598 dicit
590 1571 682 1598 esse
706 1571 795 1598 non
817 1557 1071 1612 intellegens
1095 1558 1261 1599 caelum
1281 1558 1428 1600 mundi

37 1627 71 1653 25
91 1629 183 1657 esse
225 1617 413 1670 partem,
457 1629 582 1669 quem
625 1615 711 1657 alio
755 1616 850 1658 loco
886 1616 978 1671 ipse
1016 1616 1253 1672 designarit
1290 1617 1426 1659 deum.

91 1672 182 1722 Quo
221 1674 347 1716 modo
385 1676 529 1715 autem
566 1674 674 1716 caeli
711 1674 878 1716 divinus
914 1675 990 1716 ille
1028 1689 1176 1717 sensus
1207 1675 1253 1717 in
1284 1676 1428 1717 celeri-

90 1735 180 1774 tate
217 1735 342 1774 tanta
378 1733 632 1789 conservari,
661 1734 834 1787 potest?
877 1733 952 1775 ubi
990 1733 1138 1775 deinde
1176 1734 1243 1775 illi
1273 1736 1342 1776 tot
1373 1735 1426 1789 di,

91 1791 127 1832 si
161 1805 437 1833 numeramus
476 1792 607 1833 etiam
644 1792 809 1833 caelum
841 1791 994 1834 deum?
1032 1807 1128 1834 cum
1159 1795 1303 1835 autem
1334 1793 1426 1835 sine

91 1864 266 1906 corpore
302 1850 415 1891 idem
452 1850 547 1891 vult
578 1864 670 1892 esse
702 1851 844 1905 deum,
881 1851 999 1893 omni
1028 1851 1154 1893 illum
1185 1866 1312 1894 sensu
1342 1853 1427 1908 pri-

42 1921 73 1947 no
91 1911 181 1963 vat,
220 1909 350 1951 etiam
386 1909 625 1964 prudentia.
687 1908 778 1958 Quo
809 1924 939 1965 porro
970 1910 1097 1952 modo
1130 1910 1231 1952 deus
1263 1911 1428 1953 moveri

92 1981 237 2008 carens
268 1982 445 2023 corpore
477 1971 552 2010 aut
584 1983 667 2022 quo
699 1968 825 2010 modo
857 1983 1026 2024 semper
1057 1983 1101 2011 se
1129 1984 1307 2011 movens
1334 1984 1426 2012 esse

93 2026 259 2080 quietus
286 2029 328 2068 et
352 2028 503 2068 beatus
528 2027 702 2082 potest?
750 2026 842 2069 Nec
866 2042 967 2070 vero
994 2028 1083 2070 eius
1110 2029 1424 2083 condiscipulus

90 2083 350 2127 Xenocrates
381 2086 428 2127 in
458 2086 540 2128 hoc
570 2100 725 2141 genere
757 2086 1026 2141 prudentior,
1063 2087 1181 2129 cuius
1213 2088 1259 2129 in
1290 2088 1425 2142 libris,

92 2143 164 2198 qui
202 2146 301 2184 sunt
337 2144 387 2185 de
423 2147 579 2186 natura
610 2144 802 2199 deorum,
837 2146 960 2187 nulla
990 2145 1151 2202 species
1184 2146 1328 2189 divina
1359 2147 1426 2188 de-

36 2212 71 2239 85
92 2202 310 2256 scribitur3
341 2202 442 2244 deos
473 2204 586 2245 enim
618 2206 714 2246 octo
747 2219 840 2246 esse
872 2204 985 2260 dicit,
1018 2205 1202 2260 quinque
1235 2220 1319 2259 eos,
1352 2205 1425 2259 qui

89 2261 135 2302 in
173 2260 312 2302 stellis
348 2261 471 2316 vagis
509 2263 803 2318 nominantur,
844 2278 994 2318 unum,
1033 2264 1105 2318 qui
1143 2279 1194 2305 ex
1225 2264 1424 2305 omnibus

90 2319 319 2374 sideribus,
360 2334 466 2374 quae
502 2320 633 2363 infixa
671 2322 787 2364 caelo
826 2325 943 2377 sunt,
984 2337 1034 2364 ex
1066 2323 1269 2378 dispersis
1302 2323 1424 2377 quasi

1454 453 1495 484 31

1444 836 1496 876 13

1452 1216 1496 1247 33

1451 2038 1496 2069 34
