1685 2568
205 262 248 292 61

204 1431 260 1472 29

206 2224 262 2264 30

206 2276 249 2305 133

279 41 364 81 218
747 39 811 74 DE
837 39 1157 75 DIVINATIONE

274 136 447 184 ,ratione
480 135 694 191 depellito.
743 134 813 177 Ita
843 138 886 177 te
916 151 994 178 nec
1019 138 1159 177 terrae
1183 135 1381 178 fremitus
1405 151 1483 179 nec
1507 138 1614 179 caeli

279 194 490 236 discessus
526 209 604 236 nec
635 194 828 248 lapideus
859 197 934 236 aut
966 194 1223 249 sanguineus
1255 195 1392 236 imber
1422 210 1500 237 nec
1529 199 1615 238 tra-

279 253 405 294 iectio
439 253 590 295 stellae
621 267 698 294 nec
728 252 843 294 faces
874 253 992 294 visae
1022 253 1256 294 terrebunt.
1308 252 1497 302 Quorum
1528 256 1622 296 om?

278 312 395 353 nium
434 327 584 353 causas
623 311 659 352 si
697 326 722 353 a
752 310 994 365 Chrysippo
1027 326 1247 366 quaeram,
1283 312 1375 366 ipse
1406 313 1480 354 ille
1512 313 1614 355 divi-

278 371 465 412 nationis
516 372 665 412 auctor
713 384 948 423 numquam
997 370 1075 411 illa
1124 370 1234 411 dicet
1276 371 1392 412 facta
1433 370 1613 413 fortuito

277 429 602 483 naturalemque
651 428 863 469 rationem
904 428 1094 470 omnium
1137 429 1301 482 reddet3
1349 429 1458 470 nihil
1502 431 1611 471 enim

277 488 369 529 fieri
410 487 500 528 sine
539 501 667 528 causa
702 489 865 541 potest,
905 501 983 528 nec
1015 487 1241 541 quicquam
1271 488 1339 543 fit,
1380 488 1492 542 quod
1522 489 1616 530 fieri

276 561 363 588 non
400 548 563 600 potest,
593 560 688 599 nec,
728 545 764 586 si
800 546 843 586 id
880 545 1042 586 factum
1074 549 1157 599 est,
1196 546 1308 600 quod
1338 547 1481 601 potuit
1510 548 1614 602 fieri,

277 606 525 659 portentum
572 604 697 645 debet
740 603 892 658 videri3
934 604 1056 645 nulla
1095 605 1230 659 igitur
1264 608 1467 659 portenta
1504 609 1613 647 sunt.

276 663 389 704 Nam
428 663 480 717 si,
522 663 635 717 quod
672 677 769 704 raro
808 663 875 717 fit,
914 662 958 704 id
989 666 1236 717 portentum
1267 664 1505 718 putandum
1536 668 1614 719 est,

276 722 515 777 sapientem
553 736 645 763 esse
682 723 932 776 portentum
972 724 1055 775 est,
1096 722 1265 776 saepius
1303 723 1415 763 enim
1453 724 1614 765 mulam

275 781 493 836 peperisse
526 780 714 822 arbitror
746 795 874 834 quam
907 780 1144 835 sapientem
1174 781 1318 822 fuisse.
1367 781 1451 823 Illa
1480 782 1614 838 igitur

276 840 388 881 ratio
421 839 704 881 concluditur:
735 854 813 880 nec
843 839 897 893 id,
930 839 1043 893 quod
1073 854 1160 880 non
1184 840 1373 894 potuerit
1397 841 1500 895 fieri,
1531 841 1615 883 fac-

276 902 369 939 tum
400 913 605 952 umquam
639 913 748 952 esse,
785 912 878 951 nec,
910 897 1023 952 quod
1054 898 1260 952 potuerit,
1291 899 1335 939 id
1366 902 1612 953 portentum

278 972 387 1011 esse3
418 957 481 998 ita
513 957 687 998 omnino
718 957 886 997 nullum
919 971 1011 998 esse
1036 959 1296 1011 portentum.
1337 956 1458 1006 Quod
1484 959 1614 1000 etiam

277 1016 493 1059 coniector
536 1016 709 1070 quidam
753 1018 796 1056 et
838 1015 1050 1070 interpres
1090 1018 1389 1070 portentorum
1428 1031 1516 1058 non
1554 1018 1614 1057 in-

278 1074 382 1116 scite
414 1074 685 1129 respondisse
719 1074 873 1116 dicitur
905 1074 954 1128 ei,
987 1074 1059 1128 qui
1091 1075 1304 1128 quondam
1331 1075 1384 1116 ad
1410 1090 1505 1116 eum
1530 1079 1613 1116 ret-

279 1134 449 1175 tulisset
494 1133 617 1187 quasi
661 1135 897 1186 ostentum,
942 1133 1054 1187 quod
1099 1134 1250 1188 anguis
1296 1134 1410 1174 domi
1450 1137 1614 1175 vectem

277 1192 570 1247 circumiectus
614 1192 784 1233 fuisset:
831 1191 970 1232 tTum
1010 1192 1178 1245 esset',
1222 1192 1379 1247 inquit,
1425 1192 1614 1234 ‘osten-

275 1254 398 1305 tum,
430 1251 473 1292 si
505 1265 718 1306 anguem
749 1251 913 1292 vectis
946 1250 1476 1304 circumplicavisset.’
1519 1251 1613 1293 Hoc

275 1310 349 1351 ille
387 1324 593 1364 responso
634 1310 739 1350 satis
780 1312 927 1364 aperte
966 1309 1200 1351 declaravit
1230 1310 1339 1351 nihil
1370 1310 1614 1351 habendum
1674 1349 1675 1367 3

277 1383 381 1422 esse,
413 1368 527 1422 quod
558 1368 651 1409 fieri
681 1370 840 1423 posset,
873 1370 1102 1409 ostentum.

347 1429 392 1470 (f.
417 1427 633 1469 Gracchus
666 1427 719 1468 ad
744 1427 799 1468 M.
825 1426 1109 1481 Pomponium
1141 1427 1314 1482 scripsit
1346 1427 1510 1469 duobus
1543 1443 1614 1469 an-

278 1486 432 1541 guibus
471 1486 586 1526 domi
623 1485 926 1540 conprehensis
964 1485 1213 1540 haruspices
1252 1501 1277 1527 a
1307 1489 1429 1540 patre
1462 1501 1613 1528 convo-

277 1548 408 1587 catos.
465 1544 545 1592 Qui
578 1544 717 1599 magis
750 1545 961 1599 anguibus
995 1559 1123 1598 quam
1154 1545 1339 1598 lacertis,
1372 1560 1499 1599 quam
1526 1561 1613 1586 mu-
1650 1574 1662 1583 υ

277 1604 424 1644 ribus?
481 1602 590 1652 Quia
631 1605 730 1644 sunt
767 1603 872 1644 haec
911 1603 1141 1656 cotidiana,
1181 1617 1342 1658 angues
1374 1618 1462 1645 non
1491 1604 1612 1658 item3

278 1662 400 1716 quasi
437 1676 537 1703 vero
570 1661 746 1716 referat,
785 1662 898 1715 quod
929 1661 1021 1702 fieri
1052 1664 1213 1716 potest,
1252 1677 1381 1715 quam
1411 1662 1455 1703 id
1487 1677 1613 1717 saepe

275 1722 363 1761 fiat.
425 1720 520 1776 Ego
564 1723 710 1761 tamen
753 1721 903 1773 miror,
948 1720 984 1761 si
1028 1720 1200 1761 emissio
1237 1720 1421 1762 feminae
1460 1722 1612 1776 anguis
1666 1724 1669 1737 ¹

277 1782 461 1821 mortem
499 1779 720 1820 adferebat
751 1779 813 1820 Ti.
846 1778 1058 1832 Graccho,
1096 1779 1267 1820 emissio
1306 1781 1450 1820 autem
1481 1780 1612 1821 maris

277 1838 430 1893 anguis
469 1840 562 1879 erat
599 1838 823 1879 mortifera
861 1836 1103 1891 Corneliae,
1142 1853 1215 1879 cur
1252 1838 1433 1879 alteram
1470 1841 1613 1880 utram
1665 1858 1667 1866 Α

275 1896 485 1950 emiserit,
516 1896 624 1937 nihil
658 1897 771 1938 enim
804 1896 952 1937 scribit
984 1896 1254 1951 respondisse
1286 1896 1545 1951 haruspices,
1577 1897 1614 1938 si
1664 1909 1666 1912 '

275 1958 426 1996 neuter
458 1955 610 2010 anguis
644 1955 824 1996 emissus
857 1957 987 2008 esset,
1020 1955 1121 2009 quid
1152 1957 1264 1996 esset
1294 1954 1498 1997 futurum.
1553 1956 1614 1997 At

278 2029 393 2055 mors
432 2014 625 2055 insecuta
663 2013 903 2055 Gracchum
942 2016 1018 2054 est.
1075 2012 1214 2054 Causa
1252 2013 1439 2068 quidem,
1477 2015 1613 2069 credo,

278 2072 423 2127 aliqua
461 2073 599 2113 morbi
639 2073 867 2127 gravioris,
903 2086 990 2113 non
1022 2072 1248 2113 emissione
1281 2073 1509 2127 serpentis3
1544 2088 1613 2114 ne-

278 2146 357 2186 que
391 2131 504 2172 enim
537 2134 659 2172 tanta
691 2134 756 2172 est
787 2130 1017 2172 infelicitas
1045 2130 1332 2186 haruspicum,
1363 2134 1411 2172 ut
1436 2146 1488 2173 ne
1514 2147 1614 2174 casu

280 2190 452 2244 quidem
484 2204 687 2243 umquam
718 2191 807 2244 fiat,
841 2189 953 2244 quod
983 2189 1174 2230 futurum
1201 2190 1266 2230 illi
1298 2204 1390 2231 esse
1419 2190 1612 2232 dixerint.

280 2248 392 2290 Nam
424 2248 532 2289 illud
561 2248 751 2303 mirarer,
784 2248 818 2289 si
845 2248 1070 2302 crederem,
1103 2248 1215 2302 quod
1241 2249 1354 2304 apud
1378 2248 1614 2290 Homerum

1634 678 1683 703 ιον

1636 970 1679 996 15

1631 2144 1652 2169 3!
