1685 2568
409 92 496 128 ΜΒ.
522 93 567 129 11.
595 92 694 129 CAP.
724 97 870 129 11—-13,
897 98 916 136 g
943 98 1091 130 28—32.
1322 97 1407 138 417

81 189 214 232 sacris
243 189 413 244 publice
444 188 647 244 praesint,
677 188 879 244 religioni
908 188 1102 243 privatae
1134 191 1240 231 satis
1271 191 1410 233 facere

79 262 167 290 non
202 248 388 302 possint,
425 247 615 290 continet
646 247 758 289 enim
789 262 879 289 rem
910 248 1127 303 publicam
1159 249 1336 290 consilio
1369 253 1412 290 et

81 306 338 348 auctoritate
398 306 671 362 optimatium
726 320 893 361 semper
948 306 1155 361 populum
1209 307 1412 362 indigere.

81 364 399 420 Discriptioque
430 364 698 406 sacerdotum
728 365 896 406 nullum
926 365 1065 406 iustae
1096 365 1318 421 religionis
1345 379 1413 421 ge·

45 436 161 466 5nus
197 423 515 478 praetermittit.
576 422 689 465 Nam
727 426 827 465 sunt
858 423 912 465 ad
942 424 1174 478 placandos
1207 424 1307 465 deos
1339 424 1414 465 alii

82 483 323 537 constituti,
360 482 433 536 qui
470 482 600 524 sacris
637 482 830 537 praesint
866 483 1164 536 sollemnibus,
1202 483 1256 524 ad
1286 483 1414 524 inter-

80 541 289 597 pretanda
326 541 400 583 alii
437 541 654 596 praedicta
691 541 856 583 vatium
893 556 1029 596 neque
1066 541 1319 596 multorum,
1360 556 1414 583 ne

82 603 196 642 esset
231 599 464 654 infinitum,
500 614 636 654 neque
668 602 717 641 ut
747 615 797 641 ea
827 600 939 655 ipsa,
972 615 1079 654 quae
1111 603 1311 655 suscepta
1341 616 1415 655 pu-

80 659 192 701 blice
223 661 377 712 essent,
410 658 635 713 quisquam
667 661 788 700 extra
813 659 1056 714 conlegium
1080 662 1239 700 nosset.
1282 658 1414 700 Maxi-

32 730 63 756 ιο
82 732 197 760 mum
231 719 375 759 autem
407 720 450 758 et
474 717 894 772 praestantissimum
919 718 964 758 in
988 733 1034 759 re
1058 717 1233 773 publica
1256 718 1323 759 ius
1350 720 1416 759 est

81 791 291 832 augurum
335 791 430 818 cum
474 776 731 818 auctoritate
774 776 1058 818 coniunctum.
1125 776 1275 831 Neque
1314 791 1415 818 vero

80 835 179 889 hoc,
222 835 323 890 quia
359 849 454 876 sum
490 835 580 889 ipse
618 849 772 891 augur,
814 835 877 876 ita
915 835 1070 890 sentio,
1108 836 1181 877 sed
1219 835 1319 891 quia
1355 835 1417 878 sic

81 894 326 936 existimare
356 908 435 935 nos
467 897 532 935 est
563 908 746 936 necesse.
807 893 917 944 Quid
949 894 1061 935 enim
1092 894 1229 936 maius
1261 897 1346 948 est,
1380 894 1416 936 si

82 953 132 995 de
163 953 254 994 iure
286 953 542 1008 quaerimus,
574 967 702 1008 quam
733 967 858 1008 posse
891 968 916 994 a
948 953 1125 994 summis
1156 953 1347 1008 imperiis
1373 956 1417 996 et

31 1024 62 1050 15
82 1011 260 1053 summis
296 1012 586 1066 potestatibus
624 1012 869 1054 comitiatus
907 1014 949 1053 et
986 1012 1166 1054 concilia
1196 1012 1265 1054 vel
1296 1012 1417 1054 insti-

81 1074 178 1112 tuta
221 1070 436 1112 dimittere
479 1071 548 1112 vel
591 1070 742 1112 habita
784 1070 1051 1112 rescindere?
1096 1071 1197 1125 quid
1241 1072 1416 1126 gravius

83 1145 213 1184 quam
238 1144 329 1171 rem
356 1132 598 1184 susceptam
625 1129 778 1183 dirimi,
809 1129 846 1170 si
870 1143 979 1171 unus
1006 1143 1143 1184 augur
1169 1128 1294 1171 ‘alio
1320 1129 1416 1172 die'

82 1188 265 1230 dixerit?
298 1188 399 1242 quid
430 1188 772 1243 magnificentius
800 1203 927 1242 quam
953 1203 1079 1242 posse
1105 1188 1338 1243 decernere,
1369 1191 1418 1230 ut

81 1248 341 1303 magistratu
367 1261 412 1288 se
432 1247 630 1289 abdicent
649 1247 874 1289 consules?
901 1247 1003 1301 quid
1021 1247 1267 1302 religiosius
1288 1263 1417 1302 quam

30 1318 63 1344 20
83 1321 178 1348 cum
208 1306 389 1361 populo,
423 1321 518 1347 cum
549 1306 675 1361 plebe
708 1306 860 1361 agendi
891 1306 957 1347 ius
990 1308 1065 1347 aut
1095 1306 1194 1347 dare
1227 1309 1302 1348 aut
1331 1321 1418 1348 non

82 1365 212 1407 dare?
245 1364 374 1419 quid?
406 1364 523 1420 leges
554 1380 642 1406 non
665 1365 755 1406 iure
780 1367 957 1420 rogatas
983 1365 1152 1419 tollere,
1184 1367 1233 1406 ut
1257 1365 1419 1407 Titiam

82 1424 251 1466 decreto
290 1423 491 1479 conlegii,
531 1426 580 1465 ut
610 1423 753 1465 Livias
791 1423 970 1466 consilio
1002 1422 1195 1478 Philippi
1231 1425 1418 1466 consulis

83 1485 126 1524 et
163 1482 365 1538 auguris?
402 1482 511 1524 nihil
555 1483 687 1537 domi,
730 1482 837 1524 nihil
874 1482 1054 1524 militiae
1085 1497 1162 1538 per
1192 1483 1419 1538 magistra-

81 1545 152 1583 tus
196 1543 366 1597 gestum
413 1541 505 1583 sine
553 1556 700 1584 eorum
749 1542 1004 1583 auctoritate
1048 1556 1175 1597 posse
1221 1542 1419 1597 cuiquam

29 1611 63 1637 25
81 1600 285 1656 probari?

170 1660 270 1701 ATT.
308 1658 420 1714 Age,
459 1659 547 1700 iam
583 1659 668 1700 ista
705 1659 826 1701 video
863 1659 1087 1714 fateorque
1119 1674 1211 1701 esse
1242 1675 1417 1716 magna3

83 1718 158 1760 sed
189 1720 255 1759 est
279 1717 323 1759 in
349 1718 543 1774 conlegio
569 1721 712 1760 vestro
737 1718 849 1760 inter
875 1718 1126 1760 Marcellum
1153 1721 1195 1760 et
1215 1718 1418 1775 Appium,

84 1776 271 1832 optimos
303 1791 498 1832 augures,
529 1791 687 1832 magna
715 1777 922 1819 dissensio
949 1776 1068 1832 (nam
1094 1792 1240 1819 eorum
1267 1792 1346 1833 ego
1372 1779 1418 1820 in

83 1837 218 1878 libros
260 1834 427 1890 incidi),
471 1850 600 1890 quom
643 1836 769 1877 alteri
810 1837 977 1891 placeat
1014 1836 1204 1890 auspicia
1240 1836 1326 1878 ista
1364 1837 1417 1878 ad

31 1906 64 1931 30
83 1895 317 1936 utilitatem
344 1909 436 1936 esse
461 1894 523 1935 rei
548 1894 744 1949 publicae
769 1895 1019 1950 composita,
1045 1895 1171 1936 alteri
1192 1895 1418 1950 disciplina

83 1956 228 1996 vestra
264 1954 387 2008 quasi
424 1953 614 1995 divinare
650 1953 845 1995 videatur
881 1969 1019 2008 posse.
1079 1953 1174 1995 Hac
1210 1956 1258 1995 tu
1290 1955 1339 1995 de
1371 1969 1416 1996 re

84 2027 241 2067 quaero
275 2013 375 2067 quid
407 2012 578 2054 sentias.
633 2013 696 2054 M.
727 2012 904 2068 Egone?
938 2012 1256 2067 divinationem,
1289 2028 1416 2067 quam

84 2071 236 2113 Graeci
267 2069 480 2125 μαντικήν
512 2071 746 2126 appellant,
778 2086 870 2112 esse
902 2072 1051 2135 septio,
1084 2074 1126 2113 et
1156 2071 1282 2113 huius
1308 2072 1418 2114 hanc

83 2131 222 2185 ipsam
259 2133 443 2185 partem,
488 2144 595 2185 quae
633 2133 698 2171 est
733 2130 779 2170 in
815 2130 965 2172 avibus
997 2130 1232 2185 ceterisque
1265 2130 1417 2185 signis-

32 2199 64 2225 35
85 2190 201 2243 [que]
224 2189 471 2243 disciplinae
489 2191 675 2230 nostrae.
707 2187 752 2230 Si
772 2189 883 2230 enim
903 2189 1003 2231 deos
1026 2204 1118 2230 esse
1138 2190 1417 2243 concedimus,

84 2262 314 2302 eorumque
352 2250 493 2289 mente
531 2248 734 2289 mundum
771 2248 881 2303 regi,
919 2250 961 2289 ct
993 2248 1162 2290 eosdem
1193 2247 1416 2289 hominum

84 2306 304 2349 consulere
341 2306 488 2362 generi
524 2308 568 2348 et
603 2321 729 2361 posse
765 2306 889 2348 nobis
925 2307 1050 2362 signa
1080 2321 1222 2348 rerum
1252 2305 1415 2348 futura-

154 2380 224 2407 c1c.
245 2381 298 2407 1v.
319 2382 334 2406 2
1087 2378 1130 2409 27

1440 670 1481 701 31

1436 1641 1488 1682 13

1444 1693 1488 1724 32
