1685 2568
549 82 902 117 ARGUMENTUM.
1368 85 1395 127 3

58 177 126 213 bus
151 176 396 212 similitudine
417 177 456 211 et
478 175 699 211 transitione
718 174 914 220 perceptis.
959 175 1082 210 Vitam
1100 178 1225 212 autem
1245 177 1397 212 deorum

58 234 138 259 esse
175 224 428 259 beatissimam
466 224 504 259 et
540 221 708 258 omnibus
743 222 849 256 bonis
888 221 1127 266 adfluentem3
1165 223 1262 258 nihil
1299 225 1396 259 enim

58 281 185 316 agere,
217 281 284 306 sua
307 271 444 306 virtute
471 271 508 305 et
539 268 724 314 sapientia
748 268 908 313 gaudere
935 270 973 304 et
1002 269 1138 305 habere
1164 271 1396 316 exploratum

57 317 135 353 fore
162 328 201 353 se
226 329 371 363 semper
387 317 426 352 in
451 315 619 351 maximis
645 315 901 360 voluptatibus
928 317 1020 362 (cap.
1044 320 1205 362 18—20).
1243 317 1310 352 His
1337 329 1395 352 ex-

56 364 190 410 positis
223 366 350 400 contra
380 364 548 409 disputat
578 361 704 405 Cotta,
742 373 815 398 non
849 364 892 397 ut
921 363 1062 407 aliquid
1094 364 1175 409 ipse
1210 364 1395 408 decernat,

58 411 123 447 sed
154 413 196 446 ut
220 411 404 457 Epicurea
434 409 631 451 dissolvat,
665 420 783 454 neque
809 410 907 454 quod
932 412 1047 456 neget
1079 422 1158 446 esse
1191 411 1297 455 deos,
1330 412 1392 447 sed

58 459 157 504 quod
182 459 374 500 rationem,
401 467 493 502 quae
519 456 718 499 adferatur,
743 456 885 491 firmam
909 468 984 492 non
1008 459 1125 503 putet.
1168 458 1265 493 Nam
1289 470 1395 504 argu-

56 507 239 549 mentum,
275 505 373 550 quod
406 504 452 539 ab
487 503 650 538 omnium
680 504 870 538 hominum
902 515 1081 540 consensu
1112 505 1277 550 petatur,
1314 518 1396 541 cum

57 552 140 588 leve
170 564 238 598 per
262 563 318 595 se,
349 553 429 587 tum
454 550 566 585 etiam
597 550 732 584 falsum
758 561 838 586 esse
870 552 962 596 (cap.
991 556 1141 588 21—23
1173 556 1192 595 ξ
1218 556 1395 598 57-64).

59 599 130 635 Sed
155 600 244 634 deos
271 610 350 634 esse
376 597 530 633 concedi
554 608 680 642 posse3
714 597 808 632 illud
834 598 960 632 doceri
985 609 1022 633 se
1048 599 1158 641 velle,
1185 599 1282 635 unde
1309 600 1395 643 sint,

57 647 121 681 ubi
146 646 237 689 sint,
269 646 396 690 quales
423 645 513 688 sint,
546 644 594 679 ad
619 655 712 688 quae
739 644 862 680 omnia
886 645 1020 680 atomis
1052 646 1156 681 abuti
1182 646 1395 691 Epicureos,

58 704 148 738 quas
171 694 286 738 negat
309 692 470 738 primum
494 691 591 726 ullas
617 702 713 733 esse,
747 692 845 736 quod
869 692 992 727 nullus
1019 692 1069 727 sit
1094 694 1308 738 corporibus
1334 706 1396 730 va-

58 751 145 774 cuus
177 739 298 783 locus,
331 739 481 780 deinde,
514 738 546 772 si
571 737 661 780 sint,
695 737 806 782 effici,
840 740 882 774 ut
912 739 1054 774 aeterni
1079 739 1118 774 di
1147 751 1220 775 non
1253 741 1328 776 sint
1359 743 1397 777 et

56 786 206 822 interire
231 786 386 832 possint,
414 796 485 830 quo
513 786 716 820 constituto
742 785 1012 821 beatitudinem
1031 786 1184 822 deorum
1208 788 1302 825 tolli.
1337 789 1396 823 Ad

57 834 152 869 hanc
182 833 506 878 reprehensionem
538 832 727 866 vitandam
752 833 858 876 quasi
890 844 1022 878 corpus
1048 835 1086 869 et
1120 835 1225 878 quasi
1250 836 1396 881 sangui-

56 892 141 916 nem
166 881 379 926 excogitata
399 891 490 921 esse,
511 890 603 924 quae
625 879 713 923 quid
734 879 819 922 sint,
844 880 1029 916 neminem
1047 892 1156 926 posse
1176 881 1396 928 intellegere

57 929 151 973 (cap.
166 932 304 963 23—26
330 931 350 970 ξ
370 929 533 971 65-74).
574 926 711 967 Quibus
731 927 855 961 autem
873 927 1078 963 rationibus
1097 928 1261 964 humana
1278 930 1398 964 forma

58 975 115 1009 dis
141 974 365 1016 adsumatur,
392 985 453 1009 eas
477 973 619 1007 nullam
643 973 720 1008 vim
744 974 890 1009 habere.
928 974 1025 1009 Nam
1050 975 1149 1019 quod
1174 987 1300 1011 omnes
1319 976 1396 1012 fere

57 1021 224 1057 homines
262 1022 411 1067 praeter
442 1020 649 1065 Aegyptios
681 1022 720 1055 et
749 1032 885 1065 paucas
917 1021 992 1056 fere
1028 1021 1119 1056 alias
1154 1024 1284 1068 gentes
1316 1035 1397 1059 eam

58 1068 213 1104 formam
246 1069 303 1103 dis
336 1067 563 1113 cogitatione
595 1067 801 1112 adfingant,
833 1068 872 1102 id
896 1079 970 1102 non
995 1079 1018 1103 a
1046 1070 1179 1104 natura
1203 1081 1283 1105 esse
1314 1082 1398 1116 pro-

58 1115 207 1158 fectum,
234 1116 299 1151 sed
318 1116 383 1150 aut
407 1114 564 1150 consilio
590 1114 748 1148 humano
769 1115 834 1149 aut
853 1115 1107 1160 superstitioni
1132 1127 1155 1151 a
1178 1117 1396 1161 pictoribus,

57 1162 190 1208 poetis,
215 1161 417 1196 artificibus
444 1161 678 1196 confirmatae
699 1161 842 1203 deberi3
868 1173 986 1206 neque
1014 1173 1057 1197 ex
1076 1174 1131 1206 eo,
1158 1164 1257 1208 quod
1281 1165 1398 1200 homi-

56 1209 164 1244 nibus
188 1209 283 1244 nihil
302 1209 450 1244 homine
469 1207 660 1253 pulchrius
681 1219 761 1243 esse
787 1208 968 1252 videatur,
996 1210 1172 1254 consequi
1195 1211 1291 1245 nihil
1317 1223 1396 1247 esse

56 1256 205 1291 homine
241 1255 449 1302 pulchrius3
486 1266 561 1290 non
593 1254 689 1289 enim
721 1255 873 1290 dubium
909 1267 1004 1299 esse,
1037 1256 1128 1301 quin
1165 1258 1278 1292 etiam
1308 1258 1398 1294 bovi

57 1303 152 1338 nihil
176 1303 284 1347 bove,
310 1302 394 1337 cani
417 1302 514 1336 nihil
539 1312 628 1336 cane
653 1301 845 1347 pulchrius
871 1302 1051 1339 videatur.
1089 1303 1257 1349 Denique
1282 1305 1398 1341 incer-

56 1351 137 1385 tum
159 1350 256 1385 illud
281 1361 372 1392 esse,
399 1349 497 1394 quod
521 1359 701 1393 nusquam
726 1349 799 1384 nisi
829 1349 867 1383 in
892 1350 1010 1395 figura
1033 1350 1195 1386 humana
1222 1352 1318 1388 ratio
1345 1354 1399 1388 at-

57 1409 127 1442 que
153 1397 267 1432 etiam
290 1396 483 1432 beatitudo
503 1396 627 1431 locum
646 1396 782 1431 habere
802 1396 983 1432 videatur.
1018 1397 1149 1443 Neque
1169 1399 1278 1442 enim,
1299 1401 1399 1445 quod

56 1444 97 1479 in
119 1444 224 1479 nulla
242 1443 318 1479 alia
341 1444 460 1489 figura
478 1443 660 1477 rationem
679 1442 892 1487 viderimus,
917 1446 1117 1490 propterea
1134 1445 1174 1481 in
1192 1447 1298 1481 nulla
1317 1458 1397 1483 esse

56 1502 175 1538 posse.
227 1490 332 1533 Quod
370 1502 496 1526 sensus
532 1501 607 1525 non
646 1490 794 1534 doceat,
833 1492 1015 1527 rationem
1047 1492 1189 1528 docere.
1239 1493 1336 1529 Nam
1367 1493 1397 1529 si

56 1539 201 1573 nullum
226 1538 282 1573 dis
308 1538 518 1584 negotium,
545 1537 644 1582 quod
668 1538 833 1573 membra
858 1538 1022 1584 corporis
1046 1539 1200 1575 humani
1223 1541 1398 1586 requirat,

56 1585 152 1620 nihil
175 1585 350 1620 membris
376 1596 468 1631 opus
494 1595 575 1619 esse
600 1586 694 1630 (cap.
721 1590 859 1621 27—37
892 1590 911 1629 ξ
938 1590 1124 1632 75—-10-2).
1174 1588 1253 1622 Iam
1276 1589 1315 1623 in
1342 1599 1399 1624 ce-

57 1632 148 1668 teris
174 1632 286 1668 etiam
305 1632 597 1677 quaestionibus,
623 1631 669 1666 de
689 1632 890 1677 domicilio,
917 1633 962 1668 de
983 1633 1072 1677 vita,
1099 1634 1145 1670 de
1163 1634 1397 1671 beatitudine

58 1679 222 1724 deorum,
247 1679 414 1714 laborare
440 1679 661 1725 Epicuream
685 1679 884 1724 rationem;
910 1680 1052 1715 nullam
1076 1681 1116 1716 in
1141 1681 1199 1716 dis
1231 1682 1398 1718 solidita-

57 1727 134 1762 tem
159 1737 239 1761 esse
263 1738 331 1762 nec
363 1727 410 1761 ad
433 1737 625 1761 numerum
655 1737 868 1771 permanere
894 1727 980 1762 illos
1006 1728 1145 1771 dicere,
1179 1729 1243 1764 sed
1268 1729 1399 1775 imagi-

57 1785 146 1808 num
170 1773 414 1809 similitudine
441 1774 479 1809 et
500 1773 722 1809 transitione
753 1774 908 1820 percipi.
957 1775 1035 1809 Iam
1061 1775 1093 1810 si
1116 1776 1222 1810 nulla
1246 1776 1399 1812 deorum

60 1820 110 1855 sit
134 1821 304 1856 soliditas
330 1822 370 1856 et
394 1820 606 1863 eminentia,
631 1820 727 1856 nihil
752 1822 942 1866 interesse,
968 1824 1092 1856 utrum
1112 1823 1157 1858 de
1183 1823 1253 1859 deo
1279 1834 1326 1858 an
1351 1824 1398 1859 de

58 1867 351 1913 hippocentauro
377 1867 604 1913 disputetur,
628 1868 834 1913 meritoque
861 1869 949 1904 deos
976 1869 1024 1904 ad
1049 1880 1111 1904 eas
1138 1870 1398 1906 conforrnatio-

59 1925 125 1949 nes
148 1914 292 1958 referri,
319 1914 383 1960 qui
406 1916 529 1950 motus
553 1914 682 1950 inanes
711 1916 957 1961 appellentur.
1009 1915 1149 1958 Quodsi
1172 1917 1397 1963 imaginibus

61 1961 211 1996 deorum
246 1962 442 2008 pulsentur
478 1961 610 2004 animi,
646 1973 867 2007 quamquam
900 1964 981 1998 tota
1014 1974 1071 1999 res
1105 1965 1304 2010 nugatoria
1337 1965 1397 2009 sit,

60 2009 186 2043 tamen
221 2009 361 2054 species
399 2009 591 2044 dumtaxat
627 2009 726 2045 obici
759 2009 907 2053 animis,
944 2021 1020 2046 non
1063 2022 1127 2046 cur
1163 2022 1229 2046 eae
1265 2012 1396 2047 beatae

61 2054 136 2089 sint
160 2056 225 2090 aut
249 2057 429 2100 aeternae,
456 2056 527 2092 etsi
552 2057 612 2092 vel
636 2056 795 2092 maxime
822 2057 1054 2093 continenter
1077 2057 1252 2093 ferantur.
1301 2059 1398 2094 Nam

60 2101 164 2136 illam
183 2101 387 2149 ἰσονομίαν,
412 2103 452 2138 id
471 2104 528 2139 est
546 2104 871 2149 aequilibritatem,
892 2104 1053 2150 Epicuri,
1075 2117 1156 2150 qua,
1183 2106 1248 2151 qui
1265 2107 1398 2141 natura

59 2148 228 2184 mortalis
255 2149 314 2193 sit,
337 2151 381 2185 ut
403 2150 435 2185 is
461 2150 576 2186 etiam
599 2151 821 2186 immortalis
847 2151 907 2194 sit,
934 2151 1031 2187 effici
1055 2153 1180 2197 putet,
1205 2154 1397 2198 perabsur-

60 2195 146 2230 dam
177 2207 275 2239 esse,
310 2197 409 2241 quod
433 2208 478 2233 ea
501 2199 650 2244 sumpta
680 2199 810 2234 eodem
840 2198 951 2234 modo
983 2199 1112 2244 colligi
1141 2200 1280 2245 possit,
1312 2200 1398 2244 quia

59 2242 228 2278 homines
253 2243 293 2278 in
317 2245 415 2278 terra
431 2247 641 2287 nascantur,
667 2245 780 2281 etiam
799 2245 838 2280 in
857 2257 953 2291 aqua
970 2246 1085 2290 nasci,
1111 2248 1149 2281 et
1166 2247 1276 2282 huius
1296 2246 1398 2281 modi

59 2289 220 2325 absurda
242 2290 361 2337 plura.
409 2290 546 2326 Beatus
577 2303 664 2327 vero
691 2303 773 2328 cum
801 2293 880 2327 sine
905 2293 1043 2329 virtute
1074 2304 1182 2328 nemo
1210 2305 1289 2329 esse
1314 2304 1396 2339 pos-

1065 2352 1112 2386 1*
