1685 2568
183 279 239 321 26

183 331 228 362 55

186 1417 230 1448 56

183 1878 237 1920 27

255 79 338 121 166
724 76 788 111 DE
815 75 1136 111 DIVINATIONE

252 178 531 231 pateramque
576 173 759 215 rettulit.
821 172 913 222 Quo
953 173 1069 214 facto
1107 172 1256 214 fanum
1293 173 1401 215 illud
1436 172 1595 215 Indicis

253 234 452 276 Herculis
484 233 753 274 nominatum
786 234 863 272 est.

341 291 423 334 Sed
444 291 545 346 quid
566 304 645 346 ego
667 289 956 332 Graecorum?
988 290 1130 332 nescio
1158 305 1242 344 quo
1270 290 1395 331 modo
1418 305 1486 332 me
1509 305 1597 332 ma-

255 352 322 408 gis
341 353 491 393 nostra
511 349 737 390 delectant.
779 347 937 390 Omnes
956 349 1039 390 hoc
1058 348 1265 402 historici,
1290 348 1426 402 Fabii,
1453 348 1596 403 Gellii,

255 411 328 452 sed
353 422 560 464 proxume
580 406 768 449 Coelius:
796 406 903 448 Cum
929 408 1042 449 bello
1062 407 1217 449 Latino
1244 407 1334 448 ludi
1354 407 1489 449 votivi
1509 423 1595 449 ma·
1614 420 1631 446 5

254 470 371 510 xumi
398 467 584 522 primum
611 466 775 520 fierent,
807 466 957 507 civitas
985 466 1038 507 ad
1064 481 1185 507 arma
1210 468 1385 521 repente
1405 469 1471 507 est
1490 466 1596 508 exci—

255 530 360 581 tata,
380 526 526 580 itaque
547 524 657 566 ludis
679 524 935 565 intermissis
956 525 1232 566 instaurativi
1246 524 1471 566 constituti
1486 526 1596 565 sunt.

256 585 338 634 Qui
358 588 454 626 ante
477 599 605 638 quam
625 583 787 636 fierent,
813 598 992 637 cumque
1011 584 1099 625 iam
1118 584 1304 638 populus
1324 583 1597 637 consedisset,

256 658 402 686 servus
435 658 511 698 per
543 643 720 695 circum,
759 656 855 682 cum
887 642 1021 697 virgis
1054 642 1313 696 caederetur,
1343 642 1508 684 furcam
1539 642 1597 684 fe—

255 718 352 745 rens
391 702 542 743 ductus
581 703 658 742 est.
719 699 833 741 Exin
870 701 1036 742 cuidam
1074 701 1234 742 rustico
1270 701 1465 742 Romano
1504 701 1595 743 dor-
1617 714 1650 739 ιο

255 761 406 804 mienti
431 760 549 802 visus
576 761 642 801 est
666 759 821 813 venire,
854 759 925 813 qui
952 759 1110 801 diceret
1135 760 1376 813 praesulem
1403 760 1486 801 sibi
1511 774 1599 801 non

255 820 467 875 placuisse
499 818 631 872 ludis,
662 818 789 872 idque
822 818 875 859 ab
909 818 1055 859 eodem
1087 818 1252 859 iussum
1283 833 1375 860 esse
1408 834 1504 860 eum
1537 833 1598 860 se-

254 879 376 921 natui
413 876 631 930 nuntiare3
671 876 797 917 illum
834 890 920 918 non
957 891 1050 918 esse
1090 891 1250 919 ausum.
1311 876 1473 918 Iterum
1506 891 1598 918 esse

255 939 367 980 idem
399 937 563 978 iussum
596 937 639 976 et
670 936 900 990 monitum,
941 950 994 977 ne
1025 935 1114 987 vim
1146 950 1267 977 suam
1299 936 1482 991 experiri
1514 936 1598 977 vel-

254 998 334 1051 let3
364 1010 418 1037 ne
443 998 537 1036 tum
563 993 733 1049 quidem
759 1008 852 1035 esse
878 1009 1039 1036 ausum.
1089 994 1201 1036 Exin
1225 994 1363 1036 filium
1389 995 1478 1036 eius
1506 1009 1597 1036 esse
1618 1005 1651 1032 15

255 1058 484 1108 mortuum,
518 1053 694 1095 eandem
726 1053 771 1094 in
802 1053 964 1094 somnis
997 1053 1333 1095 admonitionem
1358 1053 1490 1095 fuisse
1515 1056 1598 1094 ter-

254 1115 372 1156 tiam.
423 1113 533 1154 Tum
565 1113 688 1154 illum
721 1112 852 1153 etiam
886 1112 1069 1153 debilem
1101 1112 1263 1154 factum
1295 1127 1384 1153 rem
1418 1112 1471 1153 ad
1497 1112 1598 1153 ami—

255 1188 326 1216 cos
360 1172 576 1225 detulisse,
609 1185 791 1225 quorum
825 1171 874 1211 de
902 1171 1116 1213 sententia
1141 1172 1341 1213 lecticula
1365 1171 1411 1212 in
1436 1171 1597 1212 curiam

255 1246 347 1273 esse
387 1231 596 1284 delatum,
635 1244 814 1283 cumque
853 1230 1021 1276 senatui
1053 1231 1266 1272 somnium
1299 1230 1597 1284 enarravisset,

254 1290 433 1346 pedibus
460 1289 548 1330 suis
575 1289 743 1330 salvum
770 1288 942 1329 domum
969 1290 1208 1330 revertisse.
1251 1288 1404 1343 Itaque
1431 1288 1596 1330 somnio
1617 1300 1651 1325 20

255 1349 536 1404 comprobato
581 1362 607 1389 a
650 1349 801 1388 senatu
838 1347 961 1388 ludos
999 1348 1099 1389 illos
1138 1348 1294 1389 iterum
1331 1348 1596 1389 instauratos

256 1407 486 1450 memoriae
517 1405 736 1461 proditum
763 1407 840 1446 est.
884 1405 928 1447 C.
949 1421 1049 1448 vero
1071 1406 1288 1448 Gracchus
1309 1406 1456 1448 multis
1478 1406 1597 1460 dixit,

254 1470 303 1509 ut
334 1465 542 1520 scriptum
574 1466 687 1520 apud
719 1465 898 1506 eundem
922 1463 1116 1507 Coelium
1149 1468 1226 1520 est,
1258 1465 1341 1506 sibi
1365 1466 1409 1506 in
1435 1465 1597 1507 somnis

256 1527 533 1580 quaesturam
576 1526 719 1578 petere
761 1524 968 1565 dubitanti
1006 1523 1068 1565 Ti.
1106 1524 1286 1566 fratrem
1323 1524 1463 1565 visum
1505 1538 1596 1565 esse

255 1585 405 1638 dicere,
432 1598 560 1638 quam
586 1583 718 1624 vellet
743 1585 1026 1637 cunctaretur,
1052 1585 1199 1625 tamen
1225 1583 1374 1625 eodem
1394 1582 1477 1624 sibi
1496 1583 1596 1636 leto,
1616 1591 1650 1618 25

256 1658 338 1697 quo
370 1642 462 1697 ipse
494 1642 725 1695 interisset,
758 1656 850 1683 esse
881 1642 1155 1696 pereundum.
1205 1642 1310 1696 Hoc,
1343 1644 1442 1683 ante
1468 1656 1596 1696 quam

254 1702 453 1743 tribunus
485 1701 599 1756 plebi
626 1699 671 1742 O.
699 1700 916 1742 Gracchus
947 1700 1087 1742 factus
1119 1703 1244 1755 esset,
1276 1703 1319 1742 et
1351 1715 1395 1742 se
1428 1700 1596 1742 audisse

255 1761 406 1802 scribit
425 1759 595 1802 Coelius
622 1761 666 1801 et
692 1759 847 1801 dixisse
873 1774 963 1801 eum
989 1760 1149 1801 multis.
1195 1759 1286 1809 Quo
1308 1759 1473 1801 somnio
1496 1758 1596 1813 quid

254 1818 438 1861 inveniri
469 1820 614 1873 potest
646 1819 831 1860 certius?

342 1877 480 1926 Quid?
519 1878 596 1918 illa
634 1877 716 1919 duo
749 1877 933 1932 somnia,
975 1892 1082 1932 quae
1114 1878 1383 1919 creberrume
1415 1891 1595 1919 comme·
1615 1886 1650 1912 ³⁰

254 1939 479 1978 morantur
517 1951 542 1977 a
574 1934 746 1990 Stoicis,
786 1937 880 1990 quis
912 1937 1087 1978 tandem
1118 1939 1263 1991 potest
1295 1935 1595 1978 contemnere?

253 2011 385 2037 unum
426 1995 476 2036 de
509 1993 744 2036 Simonide:
788 1994 870 2043 Qui
902 2010 993 2037 cum
1028 1995 1226 2050 ignotum
1259 1995 1470 2049 quendam
1502 2008 1596 2049 pro-

251 2054 411 2096 iectum
442 2056 660 2095 mortuum
692 2054 872 2095 vidisset
904 2068 1083 2108 eumque
1109 2054 1377 2095 humavisset
1401 2053 1597 2094 haberet-

254 2127 334 2167 que
374 2112 419 2154 in
452 2112 594 2153 animo
636 2128 789 2154 navem
828 2113 1128 2166 conscendere,
1169 2113 1332 2154 moneri
1370 2112 1485 2153 visus
1519 2113 1596 2165 est,

251 2185 305 2212 ne
335 2170 379 2212 id
409 2170 582 2225 faceret,
615 2172 669 2212 ab
702 2186 762 2225 eo,
796 2186 920 2225 quem
948 2172 1171 2226 sepultura
1197 2171 1430 2225 adfecerat,
1462 2170 1499 2211 si
1523 2185 1596 2211 na-
1616 2178 1651 2206 3⁵

252 2229 506 2285 vigavisset,
545 2244 642 2270 eum
680 2230 908 2285 naufragio
941 2245 1033 2272 esse
1064 2230 1322 2285 periturum3
1359 2230 1504 2283 itaque
1535 2227 1597 2269 Si·
1653 2222 1656 2232 ⁴

250 2288 468 2330 monidcm
495 2288 668 2343 redisse,
700 2289 861 2343 perisse
888 2291 1066 2343 ceterOS,
1092 2289 1165 2343 qui
1190 2291 1282 2330 tum
1305 2289 1596 2343 navigassent.
