1685 2568
270 78 356 119 272
756 78 820 113 DE
846 78 908 112 RE
933 77 1141 113 PUBLICA

266 172 450 217 publicae,
477 183 588 216 quam
613 172 705 207 dicit
730 183 808 207 esse
835 183 912 206 rem
936 171 1078 217 populi,
1103 171 1283 216 populum
1309 172 1434 206 autem
1461 172 1608 206 coetum

266 219 516 254 multitudinis
550 231 729 254 consensu
759 219 850 254 iuris
877 220 915 254 et
939 218 1115 252 utilitatis
1143 218 1398 253 communione
1425 218 1608 253 sociatum

267 268 363 311 (cap.
390 270 459 307 25).
510 266 653 301 Deinde
680 278 825 301 omnem
851 277 928 300 rem
953 265 1158 310 publicam,
1192 265 1270 299 sive
1296 276 1319 299 a
1342 276 1431 309 rege
1457 265 1534 299 sive
1560 266 1607 299 ab

267 314 508 358 optimatibus
547 313 624 348 sive
661 314 706 347 ab
745 314 825 357 ipso
858 312 997 357 populo
1030 311 1326 356 administretur,
1364 311 1519 347 consilio
1553 323 1608 346 re-

266 361 426 404 gendam
452 371 531 395 esse
558 362 694 395 censet.
739 360 830 394 Tum
858 360 1108 403 interrogatus
1134 370 1156 392 a
1176 359 1314 401 Laelio,
1341 369 1452 402 quam
1477 359 1522 393 de
1542 358 1606 393 tri-

266 407 334 441 bus
359 407 441 441 istis
467 407 782 441 administrandae
808 406 909 440 illius
935 405 1063 440 formis
1090 405 1270 450 optimam
1288 405 1438 448 iudicet,
1465 405 1607 440 nullam

267 465 391 488 earum
418 454 489 488 sibi
515 454 604 488 satis
631 454 752 488 facere
777 452 990 498 respondet,
1018 452 1083 487 sed
1109 454 1279 496 quartam
1305 453 1490 496 quandam
1514 453 1606 487 tem-

265 502 434 545 peratam
459 501 498 535 et
523 500 769 545 compositam
794 511 838 534 ex
864 499 1032 534 omnibus
1059 501 1152 544 (cap.
1175 502 1244 543 29).
1289 500 1456 534 Instante
1482 500 1607 534 autem

266 547 405 590 Laelio,
431 549 482 590 ut,
509 558 619 591 quam
645 547 690 581 de
715 547 834 581 tribus
855 546 930 580 illis
951 546 1285 580 administrationis
1305 546 1511 581 rationibus
1530 557 1606 580 ma-

266 594 362 629 xime
393 595 543 639 probet,
576 596 703 638 aperte
728 594 960 639 profiteatur,
993 593 1135 638 regiam
1159 592 1312 637 leliquis
1338 593 1480 627 duabus
1505 594 1607 627 ante-

266 641 373 685 ponit
404 653 486 675 cum
518 642 723 675 ceterorum
756 640 1014 685 plurimorum,
1046 641 1126 674 tum
1151 639 1267 685 ipsius
1293 640 1424 685 populi
1449 640 1607 675 Romam

265 690 376 732 atque
410 687 464 722 rei
496 688 534 722 et
566 688 791 722 domesticae
818 689 857 721 et
881 687 1037 721 bellicae
1064 698 1132 721 usu
1159 687 1265 721 unice
1293 687 1605 739 commendatam3

267 746 489 779 quamquam
522 735 718 769 consilium
743 734 782 768 in
809 734 1063 779 optimatium,
1096 733 1135 768 in
1160 734 1288 779 populi
1316 733 1470 779 imperio
1497 734 1607 769 liber·
1656 736 1685 778 ’,Α

265 783 381 816 tatem
408 781 488 815 coll
483 781 605 816 nudat
651 781 817 826 Denique
844 781 942 815 redit
966 781 1013 815 ad
1040 791 1132 823 eam,
1159 792 1269 824 quam
1294 781 1367 815 iam
1394 792 1505 834 supra
1524 792 1607 826 pro-
1657 782 1659 786 '

265 875 359 909 illud
379 875 450 910 sibi
470 854 598 918 videri,
619 876 719 920 quod
737 855 895 909 11⁷11xtum
915 840 965 909 sit
982 885 1001 909 6
1022 875 1141 909 tribus
1160 875 1237 909 11113
1258 875 1463 920 generibus
1500 874 1606 916 Quod

264 921 438 966 quoniam
463 922 651 957 Romanae
682 922 734 956 lei
767 922 939 967 publicae
967 921 1134 966 exemplo
1160 921 1348 957 illustrare
1372 922 1606 967 propositum

264 970 388 1013 habet,
415 970 535 1013 antea,
561 970 740 1014 quantum
764 970 857 1003 haec
883 968 1016 1003 ceteris
1042 970 1219 1014 praestet,
1246 969 1316 1004 sibi
1337 969 1606 1004 ostendendum
1655 962 1658 1007 Ι
1679 968 1685 1014 Ι

266 1027 344 1051 esse
377 1016 471 1051 dicit
503 1019 546 1060 (c.
574 1021 663 1051 30—
669 1018 738 1060 46).
790 1016 897 1050 Hunc
929 1017 1052 1050 autem
1079 998 1243 1050 Africaiii
1271 1016 1421 1060 eiusque
1448 1016 1605 1051 familia-

263 1062 357 1097 rium
384 1074 590 1098 sermonem
611 1063 737 1098 Cicero
765 1062 835 1097 sibi
862 1064 900 1097 et
924 1063 1044 1097 amico
1071 1063 1228 1106 cuidam,
1255 1063 1314 1097 cui
1341 1075 1431 1108 opus
1451 1063 1605 1109 inscrip-

265 1110 324 1155 sit,
350 1110 507 1145 fortasse
533 1110 672 1153 Attico,
700 1111 875 1154 Smyrnae
902 1109 1042 1155 Lepido
1066 1109 1197 1144 Catulo
1225 1121 1316 1145 coss.
1343 1121 1439 1145 anno
1465 1122 1497 1145 a.
1518 1122 1551 1147 11.
1573 1122 1603 1147 e.

264 1162 332 1192 676
358 1169 381 1191 a
405 1158 443 1194 P.
464 1157 606 1192 Rutilio
633 1158 710 1201 illo,
737 1157 801 1202 qui
826 1157 986 1192 sermoni
1012 1156 1240 1203 interfuerat,
1265 1157 1443 1192 traditum
1468 1160 1603 1192 narrat.

331 1325 650 1377 [Desidevantur
679 1325 726 1366 in
757 1325 837 1366 cod.
877 1324 1074 1366 Vaticano
1097 1325 1278 1378 payz'nae
1308 1324 1477 1366 XXXI
1482 1325 1543 1378 V]

219 1394 239 1434 l
263 1413 349 1448 Cod.
376 1426 412 1459 p.
440 1409 501 1460 63]
604 1440 613 1448 .
646 1440 655 1448 .
687 1407 925 1461 ..impetu
957 1407 1277 1460 liberavissent,
1309 1421 1386 1449 nec
1418 1406 1462 1449 O
1493 1407 1603 1450 Due-

217 1446 358 1520 llius,
390 1466 440 1507 A.
473 1465 649 1520 Atilius,
680 1465 725 1506 L.
758 1465 958 1507 Metellus
991 1469 1155 1506 terrore
1186 1465 1485 1521 Karthaginis,
1516 1482 1603 1508 non
1654 1475 1656 1501 f

262 1525 344 1566 duo
384 1524 603 1580 Scipiones
643 1525 783 1566 oriens
824 1524 1066 1566 incendium
1106 1524 1210 1565 belli
1242 1524 1392 1566 Punici
1430 1526 1603 1567 secundi

262 1584 471 1640 sanguine
509 1598 585 1625 suo
624 1583 940 1636 restinxissent,
978 1598 1055 1624 nec
1093 1583 1136 1624 id
1168 1583 1401 1624 excitatum
1433 1584 1602 1626 maiori-

261 1619 369 1684 bus&
379 1643 513 1698 copiis
546 1644 621 1684 aut
653 1641 699 1690 Q.
731 1641 943 1683 Maximus
976 1642 1267 1683 enervavisset
1299 1645 1373 1683 aut
1403 1642 1459 1684 M.
1490 1643 1602 1685 Mar-
1637 1652 1648 1668 ·

261 1702 394 1743 6611113
432 1701 698 1743 contudisset
737 1703 810 1742 aut
850 1716 875 1742 a
911 1701 1050 1756 portis
1088 1701 1215 1742 huius
1253 1701 1372 1742 urbis
1405 1703 1601 1744 avolsum
1654 1726 1655 1729 =

260 1759 305 1801 P.
320 1760 550 1802 Africanus
571 1760 849 1814 compulisset
868 1760 984 1801 intra
1002 1759 1192 1801 hostium
1214 1760 1392 1802 moenia.
1424 1760 1480 1802 M.
1500 1776 1600 1803 vero

259 1878 395 1919 isdem
426 1878 552 1919 rebus
575 1853 844 1931 'fstudemus
850 1878 972 1931 quasi
1005 1852 1238 1932 exemplari
1265 1878 1318 1919 ad
1343 1878 1599 1920 industriam

259 1937 549 1991 virtutemque
588 1936 797 1990 ducimur,
835 1939 948 1977 certe
987 1936 1109 1978 licuit
1141 1936 1313 1978 Tusculi
1350 1951 1396 1979 se
1432 1937 1478 1979 in
1509 1938 1598 1980 otio
1619 1943 1657 1973 1⁰

260 1995 472 2036 delectare
514 1995 677 2036 salubri
719 1997 761 2036 et
797 1995 1040 2050 propinquo
1078 1995 1183 2036 loco.
1245 1993 1327 2037 Sed
1363 1995 1493 2038 homo
1533 1997 1599 2039 de·
1652 2027 1653 2038 2

260 2068 391 2108 mens,
417 2056 465 2094 ut
490 2054 565 2095 isti
590 2056 756 2108 putant,
783 2068 879 2095 cum
899 2056 1072 2109 cogeret
1098 2068 1194 2095 eum
1212 2054 1447 2096 necessitas
1466 2055 1599 2110 nulla,

258 2113 303 2154 in
333 2112 401 2153 his
433 2113 556 2154 undis
590 2115 632 2154 et
657 2112 990 2167 tempestatibus
1017 2112 1070 2154 ad
1097 2127 1308 2154 summam
1335 2116 1599 2156 senectutem

259 2172 412 2213 maluit
449 2171 601 2213 iactari
641 2186 770 2226 quam
808 2172 852 2212 in
883 2171 962 2212 illa
992 2172 1312 2226 tranquillitate
1345 2175 1474 2227 atque
1507 2173 1597 2215 otio
1652 2174 1657 2196 ³

258 2230 560 2271 iucundissime
587 2230 742 2271 vivere.
792 2229 957 2272 Omitto
983 2230 1310 2272 innumerabilis
1337 2232 1465 2285 viros,
1498 2246 1597 2286 quo·
1616 2240 1644 2268 1⁵

256 2307 291 2341 p.
313 2291 375 2342 77]
402 2304 497 2330 rum
524 2289 681 2345 singuli
711 2288 841 2330 saluti
866 2289 965 2331 huic
990 2289 1157 2331 civitati
1185 2288 1191 2343 Ι
1217 2289 1402 2344 fuerunt,
1429 2293 1472 2332 et
1498 2293 1597 2345 quia
