1685 2568
177 768 230 809 19

176 819 217 849 31

174 1911 216 1941 32

247 105 334 147 286
723 106 786 141 DE
812 106 876 140 RE
900 106 1107 141 PUBLICA

247 201 429 243 Zethum
465 202 587 243 illum
618 201 793 244 Pacuvii
829 203 957 244 nimis
989 202 1208 244 inimicum
1241 202 1458 245 doctrinae
1489 218 1582 245 esse

248 260 432 315 dicebat3
464 261 604 316 magis
631 275 727 302 eum
754 261 995 303 delectabat
1013 260 1323 315 Neoptolemus
1344 262 1484 316 Ennii,
1510 263 1582 316 qui

245 337 281 370 p.
310 321 394 372 181]
434 333 478 360 se
517 320 578 360 ait
616 319 1002 374 ‘philosophari
1036 318 1040 372 Ι
1075 319 1228 372 velle,
1269 319 1354 361 sed
1390 321 1582 374 paucis3

245 392 358 418 nam
396 378 597 419 omnino
632 378 764 419 haud
794 376 1033 432 placere'.
1090 375 1251 425 Quodsi
1281 378 1424 419 studia
1455 377 1582 420 Grae-

246 450 392 477 corum
430 451 506 478 vos
543 438 666 477 tanto
705 450 832 490 opere
865 436 1095 490 delectant,
1133 439 1233 477 sunt
1265 436 1350 477 alia
1380 436 1583 478 liberiora
1619 449 1634 476 5

247 497 289 535 et
320 494 541 536 transfusa
571 494 714 546 latius,
746 508 854 548 quae
886 494 954 535 vel
987 494 1040 535 ad
1068 508 1193 535 usum
1218 494 1333 536 vitae
1358 495 1426 536 vel
1452 496 1583 537 etiam

247 553 300 594 ad
324 553 464 607 ipsam
490 568 581 594 rem
606 552 824 608 publicam
851 553 1041 594 conferre
1067 567 1307 607 possumus.
1350 552 1466 595 Istae
1493 554 1583 608 qui—

246 611 342 652 dem
374 614 508 665 artes,
540 612 576 652 si
608 611 734 652 modo
767 611 930 665 aliquid
960 611 1123 665 valent,
1154 612 1200 653 id
1227 612 1373 662 valent,
1404 615 1453 653 ut
1484 627 1584 667 pau·

245 670 336 712 lum
379 672 535 712 acuant
575 672 618 711 et
654 671 877 724 tamquam
915 669 1094 710 inritent
1131 670 1305 724 ingenia
1341 685 1583 726 puerorum,

246 743 330 783 quo
361 729 530 770 facilius
562 728 731 783 possint
763 728 927 770 maiora
959 728 1130 770 discere.
1603 742 1637 768 ιο

245 806 280 839 p.
309 789 392 840 182]
485 786 595 828 Tum
632 786 818 828 Tubero:
859 786 864 841 Ι
902 785 1003 828 Νο11
1040 786 1246 828 dissentio
1285 802 1311 828 a
1348 790 1409 842 te,
1451 787 1583 841 Laeli,

246 846 320 887 sed
352 860 522 900 quaero,
555 859 662 900 quae
688 848 737 886 tu
763 860 854 886 esse
880 845 1045 887 maiora
1068 845 1311 901 intellegas
1355 847 1404 888 L.
1430 845 1581 888 Dicam

244 905 486 946 mehercule
524 906 567 945 et
604 906 855 946 contemnar
893 919 917 945 a
954 906 997 945 te
1033 903 1237 958 fortasse,
1281 919 1377 946 cum
1413 907 1463 946 tu
1498 905 1584 946 ista

245 963 448 1005 caelestia
479 962 530 1004 de
555 961 752 1017 Scipione
780 963 1025 1017 quaesieriS‚
1057 977 1136 1018 ego
1164 937 1308 1004 autem
1333 963 1448 1017 haec,
1476 978 1584 1018 quae

243 1022 442 1063 videntur
487 1023 586 1063 ante
630 1022 776 1063 oculos
814 1036 924 1076 esse,
968 1022 1107 1077 magis
1144 1024 1292 1076 putem
1331 1023 1582 1076 quaerenda.
1603 1034 1636 1059 15

244 1078 355 1129 Quid
386 1080 500 1122 enim
531 1080 653 1121 mihi
669 1079 715 1121 L.
747 1079 872 1121 Pauli
902 1094 1054 1135 nepos,
1091 1079 1173 1122 hoc
1205 1081 1434 1134 avunculo,
1465 1081 1583 1122 nobi-

244 1139 412 1180 lissima
441 1139 487 1180 in
517 1138 684 1180 familia
716 1141 844 1193 atque
875 1138 921 1180 in
951 1138 1032 1180 hac
1063 1141 1154 1180 tam
1187 1139 1304 1181 clara
1334 1154 1379 1180 re
1411 1139 1584 1194 publica

243 1200 389 1251 natus,
433 1197 619 1252 quaerit,
663 1212 747 1252 quo
786 1197 912 1239 modo
954 1197 1036 1239 duo
1079 1198 1191 1239 soles
1229 1197 1311 1239 visi
1349 1197 1455 1252 sint,
1496 1212 1584 1239 non

245 1231 429 1311 quaerit,
472 1271 546 1298 cur
585 1256 630 1297 111
669 1271 754 1297 una
793 1271 839 1297 re
876 1256 1049 1311 publica
1087 1256 1169 1298 duo
1208 1259 1380 1297 senatus
1419 1231 1462 1297 et
1500 1256 1581 1298 duo

243 1317 385 1367 p.213]
418 1329 553 1370 paene
580 1315 668 1356 iam
693 1315 844 1380 populi
869 1315 984 1356 sint?
1023 1314 1149 1369 Nam,
1180 1318 1229 1356 ut
1254 1314 1433 1370 vijdetiS,
1465 1330 1580 1356 mors
1601 1327 1634 1352 20

244 1373 405 1415 Tiberii
425 1372 608 1415 Gracchi
634 1376 677 1415 et
702 1373 789 1414 iam
815 1376 914 1414 ante
940 1376 1035 1415 tota
1059 1373 1177 1414 illius
1203 1373 1314 1414 ratio
1335 1373 1582 1415 tribunatus

244 1432 391 1474 divisit
429 1432 637 1487 populum
678 1447 810 1473 unum
847 1432 891 1473 in
929 1431 1032 1473 duas
1070 1432 1227 1486 partis3
1270 1432 1581 1474 obtrectatores

245 1494 389 1533 autem
421 1493 465 1532 et
495 1491 628 1532 invidi
660 1489 870 1545 Scipionis
903 1491 1038 1531 initiis
1069 1490 1195 1532 factis
1228 1505 1253 1532 a
1277 1490 1323 1531 P.
1351 1488 1507 1532 Crasso
1540 1493 1583 1532 et

243 1549 386 1605 Appio
419 1548 598 1592 Claudio
636 1552 784 1591 tenent
820 1549 956 1591 nihilo
995 1549 1135 1590 minus
1173 1549 1261 1590 illis
1300 1549 1482 1591 mortuis
1521 1563 1581 1591 se-

243 1611 370 1650 natus
415 1608 597 1650 alteram
640 1611 809 1664 partem
853 1608 1129 1649 dissidentem
1174 1623 1199 1649 a
1241 1608 1363 1649 vobis
1409 1610 1581 1650 auctore
1601 1619 1634 1645 25

242 1667 421 1709 Metello
453 1669 496 1709 et
519 1666 565 1708 P.
585 1667 727 1709 Mucio
751 1681 887 1721 neque
912 1667 1036 1721 hunc,
1069 1666 1141 1721 qui
1166 1681 1275 1707 unus
1300 1668 1455 1721 potest,
1487 1681 1582 1709 con-

244 1726 388 1768 citatis
433 1725 560 1768 sociis
604 1728 647 1767 et
687 1726 860 1767 nomine
897 1725 1071 1779 Latino,
1113 1725 1357 1767 foederibus
1395 1725 1582 1778 violatis,

243 1803 277 1836 p.
305 1786 391 1837 214]
430 1782 680 1839 triumvissris
717 1783 1055 1826 seditiosissimis
1095 1783 1257 1838 aliquid
1294 1783 1450 1825 cotidie
1480 1784 1583 1826 novi

243 1843 538 1897 molientibus,
569 1843 694 1884 bonis
725 1843 828 1884 viris
863 1842 1185 1896 [locupletibus]
1218 1842 1481 1897 perturbatis
1513 1842 1580 1884 his

243 1905 335 1943 tam
365 1901 618 1956 periculosis
650 1901 776 1943 rebus
809 1901 1035 1942 subvenire
1067 1901 1300 1955 patiuntur.
1357 1900 1494 1950 Quam
1525 1901 1580 1942 ob
1600 1913 1634 1938 3⁰

244 1975 352 2014 rem,
391 1960 427 2001 si
458 1975 526 2002 me
559 1960 758 2013 audietis,
798 1960 1108 2014 adulescentes,
1146 1960 1282 2001 solem
1314 1960 1498 2001 alterum
1527 1975 1580 2001 ne

243 2019 502 2072 metueritis;
534 2021 608 2060 aut
641 2019 753 2060 enim
784 2019 928 2059 nullus
962 2032 1053 2059 esse
1084 2020 1242 2073 potest,
1273 2021 1348 2060 aut
1379 2018 1436 2060 sit
1467 2032 1580 2071 sane,

242 2080 293 2119 ut
322 2077 440 2119 visus
473 2080 550 2132 est,
581 2077 707 2118 modo
740 2092 792 2118 ne
825 2077 882 2118 sit
913 2077 1134 2130 molestus,
1166 2079 1241 2118 aut
1266 2077 1373 2118 scire
1399 2076 1579 2118 istarum

243 2151 387 2178 rerum
417 2135 526 2177 nihil
559 2138 650 2189 aut,
683 2136 854 2177 etiamsi
885 2135 1068 2177 maxime
1101 2135 1300 2189 sciemus,
1330 2150 1408 2177 nec
1436 2135 1579 2176 melio-

243 2209 311 2236 res
352 2195 407 2237 ob
448 2208 542 2236 eam
581 2194 805 2236 scientiam
841 2209 918 2236 nec
954 2193 1168 2235 beatiores
1206 2208 1298 2235 esse
1335 2205 1630 2248 possumus335

242 2272 279 2304 p.
306 2255 392 2306 215]
426 2254 634 2307 senaltum
665 2267 766 2294 vero
799 2256 841 2293 et
872 2253 1079 2307 populum
1105 2255 1153 2293 ut
1178 2267 1309 2294 unum
1334 2252 1578 2305 habeamus,

244 2315 287 2353 et
317 2311 411 2353 fieri
439 2314 602 2367 potest,
635 2314 678 2353 et
708 2312 1017 2366 permolestum
1050 2313 1134 2366 est,
1165 2311 1250 2352 nisi
1280 2311 1347 2365 fit,
1385 2313 1428 2352 et
1458 2325 1578 2352 secus
