1685 2568
446 631 506 681 M.
546 631 760 678 TULLII
798 629 1128 679 CICERONIS

332 749 465 814 DE
516 747 1234 812 DIVINATIONE

558 880 744 918 LIBER
774 880 1015 919 PRIMUS.

592 1068 983 1108 ARGUMENTUM.

209 1158 258 1192 M.
281 1156 409 1193 Cicero
436 1168 519 1191 cum
543 1157 619 1192 tres
639 1157 754 1192 libros
775 1157 826 1192 de
844 1158 1007 1192 natura
1026 1155 1209 1190 deorum
1229 1155 1458 1201 perfecisset,

113 1204 153 1240 in
191 1204 324 1249 quibus
357 1204 476 1239 omnis
508 1203 586 1239 eius
619 1204 694 1239 loci
726 1203 895 1249 quaestio
930 1203 1156 1245 continetur,
1189 1202 1377 1248 ingressus
1405 1204 1461 1237 est

114 1262 211 1287 anno
243 1252 331 1297 post
361 1251 440 1287 urb.
474 1251 578 1286 cond.
607 1256 674 1287 ’110
709 1254 755 1297 (a.
783 1250 865 1286 Chr.
891 1252 966 1286 nat.
993 1252 1052 1293 44)
1079 1249 1239 1285 scribere
1267 1249 1317 1284 de
1345 1249 1461 1284 divi-

113 1298 320 1343 natione,
355 1309 447 1343 quos
472 1298 587 1333 libros
612 1309 686 1333 una
711 1310 794 1333 cum
819 1298 914 1332 libro
942 1297 993 1333 de
1018 1297 1133 1339 fato,
1162 1308 1271 1341 quem
1296 1296 1355 1331 his
1382 1297 1462 1331 erat

114 1345 371 1389 adiuncturus,
407 1345 513 1390 quasi
549 1345 809 1391 supplementa
842 1345 944 1380 illius
980 1344 1209 1389 quaestionis
1245 1344 1289 1379 de
1328 1345 1462 1378 natura

114 1393 268 1428 deorum
293 1404 374 1428 esse
399 1392 529 1428 voluit.
579 1393 685 1428 Facit
709 1394 852 1436 autem,
883 1404 965 1427 cum
990 1392 1030 1426 in
1055 1391 1148 1426 villa
1172 1391 1381 1426 Tusculana
1406 1402 1461 1426 es-

115 1441 210 1485 sent,
237 1439 278 1482 Q.
304 1439 457 1475 fratrem
482 1451 607 1475 secum
631 1440 687 1475 ita
713 1440 1001 1484 colloquentem
1027 1440 1079 1481 ut,
1105 1440 1306 1484 postquam
1327 1438 1366 1479 Q
1388 1438 1460 1472 fra-

116 1489 174 1523 ter
199 1498 306 1522 omne
329 1499 445 1533 genus
467 1487 708 1523 divinationis
729 1498 748 1522 e
769 1486 970 1532 disciplina
990 1486 1200 1521 Stoicorum
1220 1485 1460 1527 defendisset,

114 1534 195 1580 ipse
233 1535 351 1570 altero
387 1534 483 1570 libro
523 1536 652 1570 contra
684 1535 761 1570 eius
793 1533 1034 1578 sententiam,
1073 1544 1167 1578 quae
1199 1533 1270 1567 sibi
1302 1532 1462 1567 dicenda

115 1582 345 1625 viderentur,
381 1583 591 1627 exponeret.
641 1582 684 1616 In
717 1581 837 1627 primo
869 1581 987 1627 igitur
1017 1580 1113 1615 libro
1141 1579 1269 1615 Cicero
1296 1591 1403 1625 comp
1406 1579 1461 1613 111-

113 1629 210 1664 rium
234 1611 458 1675 populorum
484 1630 522 1664 et
545 1629 855 1675 philosophorum
882 1628 1118 1674 opinionibus
1145 1627 1191 1662 de
1217 1593 1460 1661 divinationis

114 1676 274 1712 veritate
307 1677 345 1711 et
375 1675 532 1711 decretis
563 1676 603 1711 in
627 1676 818 1722 prooemio
845 1677 939 1721 (cap.
968 1680 1059 1710 1-4
1085 1679 1104 1717 ξ
1132 1679 1198 1709 1——
1155 1677 1237 1720 ——7)
1264 1673 1460 1719 explicatis

114 1723 237 1769 ipsum
263 1723 492 1776 colloquium
517 1723 683 1777 exponit.
725 1723 765 1765 Q.
791 1723 906 1758 frater
931 1721 1229 1767 antiquissimam
1256 1733 1294 1756 se
1315 1722 1460 1756 senten-

114 1771 207 1805 tiam
232 1770 337 1815 sequi
362 1771 559 1816 profitetur
584 1770 750 1806 omnium
774 1770 998 1816 populorum
1017 1769 1257 1816 gentiumque
1279 1779 1461 1804 consensu

118 1818 407 1863 comprobatam.
458 1818 548 1853 Esse
582 1818 681 1853 enim
712 1818 785 1852 duo
818 1816 1012 1852 divinandi
1043 1827 1197 1862 genera,
1234 1827 1348 1850 unum
1374 1816 1460 1850 arti-

115 1864 299 1911 ficiosum,
325 1865 424 1909 quod
448 1865 586 1911 partim
613 1865 760 1900 constet
785 1875 829 1900 ex
855 1864 1077 1909 coniectura,
1104 1863 1240 1909 partim
1268 1874 1311 1898 ex
1337 1857 1460 1898 obser-

116 1902 270 1946 vatione
291 1894 483 1957 iliutuin,a
515 1913 674 1948 alterum
697 1911 885 1966 nassurale,
912 1912 1012 1956 quod
1037 1910 1180 1946 animus
1207 1909 1371 1955 adripiat
1395 1911 1461 1944 aut

118 1958 280 2003 excipiat
305 1959 531 1995 extrinsecus
559 1970 603 1995 ex
628 1950 838 2003 divinitate,
863 1940 960 1994 u’nde
986 1969 1111 1994 omnes
1137 1958 1291 1992 haustos
1318 1957 1458 1992 animos

115 2005 325 2050 libatosque
355 2006 568 2042 habeamus.
617 2006 770 2041 Nullam
801 2008 926 2041 autem
958 2017 1037 2041 esse
1064 2005 1257 2040 civitatem
1282 2006 1348 2039 aut
1373 2015 1459 2049 gen-

41 2079 46 2086 .
114 2054 202 2097 tem,
230 2063 322 2097 quae
347 2065 423 2089 non
447 2055 730 2099 astrologorum,
757 2053 922 2096 sortium,
951 2052 1179 2106 somniorum
1202 2051 1458 2098 praedictione

115 2099 257 2135 moveri
283 2099 410 2136 soleat.
447 2102 570 2146 Atque
595 2102 635 2136 in
659 2101 716 2136 his
744 2101 892 2136 omnino
917 2100 1036 2146 magis
1063 2101 1196 2136 eventa
1215 2110 1336 2134 rerum
1347 2110 1458 2151 *spec-

114 2146 188 2181 tari
219 2158 330 2192 quam
362 2158 489 2183 causas
522 2148 649 2193 quaeri
682 2149 852 2194 oportere
884 2148 1091 2183 arbitratur
1144 2146 1265 2181 Multa
1297 2145 1395 2180 enim
1420 2145 1459 2178 in

114 2205 237 2229 rerum
272 2195 406 2229 natura
442 2194 628 2239 accidere,
668 2206 762 2240 quae
798 2206 906 2230 nemo
946 2195 1092 2230 dubitet
1127 2193 1216 2239 quin
1250 2204 1337 2228 vera
1373 2191 1456 2233 sint,

116 2240 275 2285 etiamsi,
303 2253 367 2276 cur
390 2241 446 2277 ita
471 2242 655 2285 eveniant,
680 2243 829 2288 ignoret
854 2245 944 2288 (cap.
967 2247 1032 2278 5—
1040 2247 1081 2277 13
1109 2246 1128 2285 ξ
1148 2245 1215 2276 8—-
1174 2243 1288 2286 -.23)
1327 2239 1456 2282 Neque

113 2299 202 2324 vero
237 2289 439 2334 propterea
470 2289 676 2325 tollendam
711 2300 790 2325 esse
823 2289 1109 2334 divinationem,
1145 2288 1244 2334 quod
1276 2286 1455 2331 quaeda-m
