1685 2568
416 114 504 150 LIB.
530 115 558 150 I.
592 113 692 149 CAP.
719 118 870 150 22—24.
902 119 922 156 ἓ
948 119 1099 150 44—49.
1348 118 1432 158 163

88 210 358 253 redundaret.
420 210 542 259 Quod
579 210 730 252 matris
767 209 980 251 somnium
1011 210 1198 252 inmanis
1231 212 1311 252 filii
1343 228 1433 254 cru-

89 270 245 311 delitas
283 269 577 324 conprobavit.
639 267 749 316 Quid
787 282 886 324 080,
924 283 1032 323 quae
1072 270 1189 324 magi
1222 268 1333 324 Cyro
1365 272 1431 312 illi

88 328 273 384 principi
313 328 587 383 interpretati
627 327 730 380 sint,
772 341 822 368 ex
853 326 1035 369 Dinonis
1067 326 1252 369 Persicis
1292 329 1431 383 profe-

88 387 211 428 ram‘?
255 386 369 428 Nam
395 401 490 429 cum
517 385 747 428 dormienti
773 386 811 427 ei
838 386 902 427 sol
929 386 983 427 ad
1008 386 1137 440 pedes
1162 386 1279 428 visus
1308 390 1432 441 esset,

52 448 154 487 5ter
194 460 290 487 eum
328 445 478 488 scribit
514 444 678 486 frustra
710 444 968 499 adpetivisse
1000 445 1216 499 manibus,
1258 460 1355 487 cum
1387 460 1432 487 se

88 505 347 546 convolvens
380 504 444 545 sol
478 504 719 545 elaberetur
751 506 794 544 et
826 503 983 557 abiret3
1015 503 1054 544 ei
1082 517 1235 559 magos
1262 504 1430 554 dixisse,

89 563 203 617 quod
235 577 369 619 genus
395 562 656 617 sapientium
682 564 724 603 et
752 562 973 603 doctorum
1001 561 1244 604 habebatur
1270 563 1314 603 in
1334 562 1432 604 Per-

89 623 160 676 sis,
192 636 242 662 ex
273 621 433 676 triplici
466 621 730 676 adpetitione
763 621 868 662 solis
897 620 1082 676 triginta
1109 636 1244 663 annos
1272 621 1431 676 Cyrum

87 682 366 736 regnaturum
412 693 502 721 esse
546 679 756 735 portendi.
819 678 941 728 Quod
985 679 1048 720 ita
1085 680 1287 735 contigit3
1330 695 1431 722 nam

35 751 68 777 10
88 739 138 780 ad
186 738 551 794 septuagesimum
589 739 801 794 pervenit,
840 753 935 780 cum
974 738 1263 794 quadraginta
1302 741 1430 780 natus

88 811 223 840 annos
255 811 436 853 regnare
469 797 693 852 coepisset.
742 797 824 838 Est
848 797 1042 852 profecto
1070 797 1272 852 quiddam
1300 798 1431 839 etiam

86 855 132 898 in
168 856 366 898 barbaris
403 856 603 912 gentibus
635 856 928 911 praesentiens
962 859 1091 910 atque
1123 856 1337 912 divinans,
1377 857 1431 898 si-

87 914 257 969 quidem
296 915 349 956 ad
386 917 571 957 mortem
602 915 875 970 proficiscens
909 914 1114 956 Callanus
1146 914 1295 969 Indus,
1335 930 1431 957 cum

85 973 355 1015 inscenderet
386 975 431 1015 in
455 988 609 1029 rogum
635 974 867 1027 ardentem,
901 973 957 1015 eO
983 974 1307 1028 praeclarum
1333 974 1431 1015 dis-

34 1045 67 1070 15
87 1032 323 1086 cessum',
355 1033 511 1087 inquit,
545 1032 587 1073 ‘e
619 1033 744 1087 vita,
777 1047 903 1086 cum,
936 1034 990 1073 ut
1021 1032 1234 1074 Herculi
1267 1033 1431 1074 conti-

87 1092 180 1146 git,
212 1091 423 1133 mortali
455 1105 667 1146 corpore
700 1093 922 1132 cremato
954 1091 1006 1131 in
1038 1091 1200 1132 lucem
1233 1092 1430 1133 animus

87 1149 407 1192 excesseriffl’
452 1148 643 1204 Cumque
663 1149 908 1191 Alexander
935 1163 1031 1190 eum
1057 1152 1244 1205 rogaret,
1271 1150 1308 1191 si
1329 1151 1431 1204 quid

86 1209 229 1263 vellet,
260 1211 309 1249 ut
341 1209 516 1262 diceret,
549 1207 805 1263 ‘Optime’,
836 1208 995 1262 inqui't3
1028 1208 1348 1263 fpropediem
1381 1211 1431 1250 te

86 1266 302 1309 videbo'e
367 1266 488 1316 Quod
532 1267 594 1308 ita
635 1267 837 1323 contigit3
879 1281 981 1308 nam
1023 1265 1244 1321 Babylone
1281 1267 1430 1322 paucis

33 1338 68 1365 80
85 1328 186 1382 post
212 1326 360 1368 diebus
381 1325 625 1368 Alexander
651 1328 716 1367 est
742 1328 949 1367 mortuus.
992 1325 1176 1367 Discedo
1199 1341 1431 1381 parumper

87 1400 112 1427 a
137 1385 329 1439 somniis,
355 1385 409 1426 ad
435 1399 543 1440 quae
569 1399 669 1427 mox
694 1387 895 1427 revertar.
947 1383 1039 1433 Qua
1067 1387 1192 1426 nocte
1219 1386 1431 1440 templum

85 1443 299 1500 Ephesiae
330 1443 496 1485 Dianae
528 1443 795 1499 deflagravit,
828 1443 976 1485 eadem
1008 1446 1180 1485 constat
1212 1458 1262 1485 ex
1289 1443 1431 1499 Olym-

84 1503 210 1559 piade
240 1505 393 1545 natum
425 1517 517 1544 esse
548 1502 854 1556 Alexandrum,
887 1505 1028 1557 atque,
1060 1503 1135 1544 ubi
1166 1503 1308 1544 lucere
1341 1517 1432 1545 coe-

85 1562 239 1618 pisset,
278 1562 523 1604 clamitasse
562 1576 714 1618 magos
751 1564 918 1617 pestem
957 1576 1006 1603 ac
1036 1561 1268 1615 perniciem
1299 1561 1430 1603 Asiae

32 1633 66 1659 25
85 1636 295 1677 proxuma
325 1623 450 1663 nocte
481 1623 640 1662 natam.
695 1619 814 1662 Haec
845 1621 895 1662 de
927 1619 1044 1661 Indis
1076 1623 1119 1662 et
1151 1621 1302 1675 magis.
1352 1620 1431 1662 Re·
1457 1651 1501 1682 48

86 1680 260 1722 deamus
293 1680 347 1722 ad
378 1679 556 1722 somnia.
611 1679 903 1721 Hannibalem
936 1678 1106 1720 Coelius
1139 1680 1304 1734 scribit,
1335 1694 1430 1721 cum

86 1740 330 1781 columnam
369 1753 560 1793 auream,
599 1753 706 1793 quae
744 1741 858 1780 esset
894 1738 940 1779 in
970 1738 1070 1780 fano
1103 1737 1279 1780 Iunonis
1311 1737 1430 1780 Laci-

85 1798 193 1853 niae,
219 1799 387 1840 auferre
412 1798 545 1840 vellet
572 1797 885 1852 dubitaretque,
911 1799 1056 1838 utrum
1083 1811 1133 1839 ea
1159 1797 1298 1839 solida
1317 1799 1432 1838 esset

88 1871 144 1899 an
180 1857 443 1899 extrinsecus
480 1857 696 1911 inaurata,
733 1856 1116 1911 perterebravisse,
1154 1871 1334 1910 cumque
1367 1870 1432 1898 so-

35 1927 68 1953 30
88 1915 221 1957 lidam
239 1916 484 1970 invenisset,
510 1916 713 1957 statuisse
733 1916 905 1970 tollere3
931 1915 970 1956 ei
990 1914 1220 1957 secundum
1241 1915 1431 1969 quietem

87 1974 225 2016 visam
256 1989 348 2016 esse
378 1974 586 2016 Iunonem
618 1974 872 2029 praedicere,
903 1988 956 2015 ne
984 1973 1026 2015 id
1052 1973 1225 2028 faceret,
1257 1973 1431 2015 minari-

89 2047 188 2088 que,
229 2033 264 2074 si
302 2032 494 2088 fecisset,
535 2048 579 2075 se
620 2036 887 2087 curaturam,
928 2035 976 2074 ut
1007 2048 1104 2074 eum
1135 2047 1304 2087 quoque
1336 2046 1431 2074 ocu-

36 2094 41 2100 '
87 2092 195 2146 lum,
236 2105 320 2146 quo
358 2092 465 2133 bene
502 2091 684 2146 videret,
725 2092 964 2146 amitteret,
1004 2091 1132 2146 idque
1170 2091 1224 2133 ab
1256 2091 1430 2133 homine

88 2152 213 2193 acuto
253 2165 341 2192 non
378 2164 469 2191 esse
504 2151 766 2206 neglectum3
809 2151 955 2205 itaque
987 2165 1038 2192 ex
1071 2165 1119 2192 eo
1153 2165 1274 2204 auro,
1317 2149 1431 2204 quod

35 2220 69 2247 ³5
89 2209 405 2252 exterebratum
431 2211 555 2263 esset,
580 2210 780 2252 buculam
805 2223 977 2251 curasse
1001 2209 1244 2251 faciendam
1273 2210 1315 2249 et
1336 2222 1430 2248 eam

87 2268 133 2310 in
164 2282 332 2309 summa
363 2267 562 2309 columna
592 2268 891 2310 conlocavisse.
946 2267 1041 2310 Hoc
1072 2268 1176 2309 item
1207 2268 1253 2308 in
1285 2265 1429 2319 Sileni,

89 2341 215 2383 quem
246 2326 416 2369 Coelius
451 2326 654 2381 sequitur,
687 2326 850 2369 Graeca
879 2327 1065 2368 historia
1096 2329 1162 2367 est
1194 2324 1249 2381 (is
1283 2298 1429 2366 auteni

1072 2394 1141 2428 11³e

1457 806 1500 837 47

1446 1599 1502 1640 24

1454 2272 1499 2303 49
