1685 2568
206 1441 246 1472 10

206 1990 246 2020 11

272 98 356 140 384
794 99 859 135 DE
885 100 1088 135 LEGIBUS

269 196 318 237 ut
355 210 406 238 ea
442 196 756 251 conplectatur,
794 197 948 251 quibus
986 196 1078 251 ipse
1109 196 1318 238 interfuit.
1379 197 1479 239 ΑΠ’.
1509 197 1607 252 Ego

270 269 372 296 vero
403 255 503 297 huic
534 255 679 310 potius
712 255 941 297 adsentior.
998 254 1106 296 Sunt
1139 255 1251 296 enim
1283 270 1507 297 maxumae
1539 270 1607 297 res

269 313 315 354 in
345 313 427 355 hac
458 314 666 355 memoria
698 316 826 368 atque
859 316 1000 355 aetate
1031 316 1199 368 nostra;
1236 317 1329 354 tum
1361 317 1504 355 autem
1535 314 1610 355 ho-

271 372 397 413 minis
431 372 698 425 amicissimi,
730 372 805 414 Cn.
836 372 1042 427 Pompeii,
1074 373 1221 414 laudes
1252 373 1516 427 inlustrabit,
1547 373 1608 414 in-

271 433 412 473 curret
439 432 570 472 etiam
595 432 641 472 in
664 431 808 473 illum.
829 465 838 473 .
859 434 923 472 ‚et
943 431 1266 473 memorabilem
1287 446 1445 472 annum
1467 446 1607 485 suum,
1627 443 1644 468 5
1678 458 1679 477 ;

272 504 379 544 quae
406 490 460 531 ab
485 490 570 532 isto
598 490 712 531 malo
738 490 977 544 praedicari
1002 505 1143 544 quam,
1168 492 1217 531 ut
1243 490 1375 544 aiunt,
1401 490 1451 531 de
1473 490 1609 531 Remo
1678 490 1680 500 ¹

273 551 316 589 et
347 548 545 590 Romulo.
600 550 662 590 M.
694 548 908 604 Intellego
947 549 1142 604 equidem
1175 564 1200 590 a
1231 564 1298 590 me
1329 549 1461 590 istum
1493 549 1611 590 labo-

271 622 361 648 rem
392 607 478 648 iam
512 607 583 648 diu
613 608 843 662 postulari,
881 608 1044 662 Attice3
1082 622 1209 662 quem
1239 622 1327 649 non
1356 622 1610 662 recusarem,

271 666 309 707 si
340 666 447 707 mihi
477 666 615 707 ullum
645 666 908 707 tribueretur
938 682 1120 708 vacuum
1145 670 1315 721 tempus
1341 669 1385 708 et
1409 666 1610 720 liberum,

270 739 407 779 neque
439 725 552 766 enim
585 727 792 780 occupata
824 740 954 780 opera
984 740 1121 780 neque
1152 725 1344 780 inpedito
1371 725 1515 767 animo
1541 739 1609 766 res
1630 736 1663 761 10

271 786 396 825 tanta
427 783 586 838 suscipi
617 786 780 839 potest,
817 787 1047 839 utrumque
1080 799 1187 839 opus
1220 787 1303 838 est,
1335 786 1378 825 et
1409 799 1511 826 cura
1541 799 1611 825 va-

272 857 367 884 care
394 844 437 884 et
461 842 649 897 negotio.
699 843 799 886 Am
829 842 967 892 Quid?
1001 843 1053 884 ad
1079 846 1232 897 cetera,
1264 858 1372 898 quae
1398 843 1612 898 scripsisti

271 902 397 956 plura
441 916 569 955 quam
614 901 841 956 quisquam
885 917 907 943 e
944 902 1124 957 nostris,
1168 903 1280 956 quod
1318 902 1401 943 tibi
1436 901 1611 943 tandem

271 963 442 1015 tempus
479 975 663 1002 vacuum
693 960 777 1002 fuit
808 961 1086 1003 concessum?
1136 962 1199 1003 M.
1231 959 1456 1002 Subsiciva
1487 975 1612 1015 quae-

272 1019 369 1060 dam
407 1022 605 1074 tempora
635 1019 877 1074 incurrunt,
915 1034 1023 1075 quae
1055 1034 1135 1076 ego
1167 1020 1307 1075 perire
1338 1034 1426 1061 non
1456 1020 1611 1075 patior,
1632 1030 1664 1056 15

271 1080 336 1132 ut,
374 1078 411 1120 si
448 1078 522 1133 qui
559 1078 648 1120 dies
687 1079 740 1120 ad
776 1079 1070 1121 rusticandum
1109 1079 1199 1121 dati
1237 1079 1342 1133 sint,
1379 1078 1432 1120 ad
1464 1093 1612 1120 eorum

271 1152 497 1179 numerum
535 1138 931 1192 adcommodentur,
970 1153 1078 1193 quae
1117 1137 1354 1180 scribimus.
1415 1137 1613 1179 Historia

272 1210 372 1238 vero
409 1211 488 1238 nec
523 1196 694 1238 institui
731 1199 876 1252 potest
912 1197 996 1238 nisi
1026 1199 1284 1252 praeparabo
1317 1196 1406 1238 otio
1437 1211 1515 1238 nec
1546 1211 1612 1237 ex-

272 1255 373 1310 iguo
418 1258 611 1310 tempore
657 1256 843 1310 absolvi,
885 1258 929 1298 et
971 1270 1051 1312 ego
1092 1256 1223 1297 animi
1261 1255 1444 1310 pendere
1482 1255 1612 1309 soleo,

273 1329 402 1368 quom
435 1314 566 1356 semel
599 1315 700 1368 quid
733 1329 856 1356 orsus
887 1329 995 1366 sum,
1034 1314 1071 1356 si
1101 1315 1303 1356 traducor
1334 1314 1438 1368 alio,
1474 1328 1612 1368 neque
1632 1324 1666 1349 20

272 1376 363 1414 tam
392 1372 520 1415 facile
551 1373 796 1428 interrupta
827 1377 1006 1416 contexo
1040 1389 1168 1428 quam
1195 1373 1373 1415 absolvo
1399 1373 1612 1414 instituta.
1674 1382 1677 1400 ’ἓ

272 1433 372 1475 Am.
403 1431 686 1487 Legationem
724 1432 916 1487 aliquam
945 1433 1149 1474 nimirum
1180 1432 1266 1474 ista
1297 1432 1436 1473 oratio
1468 1434 1613 1487 postu-

272 1491 335 1533 lat
368 1493 443 1533 aut
475 1491 564 1532 eius
596 1491 713 1533 modi
744 1492 991 1546 quampiam
1023 1492 1306 1534 cessationem
1339 1491 1520 1532 liberam
1552 1493 1614 1532 at-

274 1565 354 1605 que
393 1550 590 1592 otiosam.
650 1550 714 1592 M.
750 1550 846 1605 Ego
883 1565 984 1593 vero
1021 1551 1177 1592 aetatis
1214 1550 1360 1605 potius
1398 1549 1614 1591 vacationi

272 1609 550 1663 confidebam,
583 1624 712 1663 quom
743 1609 998 1664 praesertim
1028 1624 1115 1651 non
1140 1623 1394 1663 recusarem,
1427 1623 1510 1664 quo
1536 1608 1612 1649 mi·
1632 1618 1669 1644 25

272 1683 351 1710 nus
385 1683 503 1710 more
534 1668 676 1723 patrio
709 1668 859 1710 sedens
887 1668 933 1709 in
958 1668 1066 1710 solio
1093 1668 1415 1710 consulentibus
1440 1681 1613 1722 respon·
1675 1664 1676 1667 '

274 1728 416 1769 derem
454 1727 770 1782 senectutisque
807 1742 895 1769 non
925 1727 1076 1769 inertis
1109 1729 1237 1782 grato
1269 1729 1398 1781 atque
1429 1726 1612 1768 honesto

271 1787 475 1842 fungerer
514 1801 700 1828 munere.
762 1784 831 1828 Sic
869 1786 981 1827 enim
1019 1786 1126 1827 mihi
1162 1786 1310 1828 liceret
1348 1787 1391 1826 et
1427 1785 1503 1826 isti
1539 1785 1613 1839 rei,

274 1860 403 1899 quam
429 1845 657 1900 desideras,
682 1847 725 1887 et
749 1845 898 1886 multis
924 1845 1195 1886 uberioribus
1221 1847 1351 1899 atque
1376 1843 1612 1885 maioribus

275 1918 428 1959 operae
460 1906 669 1959 quantum
701 1904 856 1945 vellem
888 1904 999 1945 dare.
1631 1913 1666 1938 3⁰

361 1964 462 2005 Am
494 1963 631 2018 Atqui
661 1977 823 2017 vereor,
853 1977 906 2004 ne
937 1963 1069 2004 istam
1099 1977 1273 2005 causam
1303 1976 1430 2004 nemo
1460 1963 1614 2003 noscat

274 2022 439 2076 tibique
480 2036 649 2076 semper
687 2022 908 2063 dicendum
948 2022 1022 2075 sit,
1063 2023 1106 2064 et
1144 2036 1193 2063 eo
1226 2021 1384 2076 magis,
1425 2020 1538 2075 quod
1569 2023 1613 2061 te

273 2081 367 2136 ipse
410 2081 590 2122 mutasti
631 2083 674 2122 et
717 2081 834 2122 aliud
877 2081 1042 2122 dicendi
1083 2080 1314 2122 instituisti
1358 2093 1510 2136 genus,
1553 2081 1613 2133 ut,

275 2154 401 2194 quem
433 2139 487 2181 ad
513 2140 687 2181 modum
706 2139 899 2194 Roscius,
928 2139 1156 2181 familiaris
1181 2141 1293 2193 tuus,
1324 2139 1371 2180 in
1395 2140 1613 2180 senectute

273 2212 473 2240 numeros
504 2198 550 2240 in
581 2202 710 2240 cantu
741 2199 966 2240 remiserat
988 2198 1190 2254 ipsasque
1215 2197 1426 2239 tardiores
1450 2186 1612 2239 fece&
1631 2206 1665 2232 35

273 2258 417 2312 tibias,
449 2257 509 2299 sic
539 2260 588 2299 tu
620 2273 645 2299 a
676 2257 1035 2312 contentionibus,
1067 2257 1222 2312 quibus
1254 2255 1433 2298 summis
1458 2255 1523 2296 uti
1549 2269 1613 2296 so-

274 2316 412 2371 lebas,
449 2317 604 2359 cotidie
636 2317 802 2358 relaxes
835 2316 1015 2371 aliquid,
1051 2319 1100 2358 ut
1130 2316 1218 2357 iam
1250 2315 1388 2357 oratio
1420 2316 1497 2355 tua
1525 2328 1613 2355 non
