1685 2568
221 88 309 130 428
744 91 808 125 DE
833 90 1038 126 LEGIBUS

221 184 342 239 pueri
383 197 451 227 XII
493 188 542 228 ut
585 201 756 228 carmen
798 187 1103 241 necessarium3
1154 201 1259 241 quas
1301 187 1389 229 iam
1429 202 1554 230 nemo

222 243 358 285 discit.
406 244 650 287 Extenuato
683 246 817 301 igitur
849 248 1023 300 sumptu
1053 245 1193 286 tribus
1225 245 1385 287 riciniis
1417 249 1461 288 et
1490 249 1554 288 tu-

219 301 334 344 nicla
375 318 590 358 purpurea
631 306 674 345 et
711 305 853 345 decem
893 304 1141 345 tibicinibus
1177 304 1294 345 tollit
1331 304 1462 346 etiam
1495 305 1556 347 la-

222 362 546 403 mentationem:
590 362 832 403 Mulieres
877 376 1031 417 genas
1073 377 1132 403 ne
1176 363 1392 404 radunto
1429 377 1555 405 neve

222 419 412 461 lessum
442 420 638 461 funeris
671 434 789 475 ergo
821 420 1057 462 habento.
1112 420 1207 463 Hoc
1237 423 1402 463 veteres
1428 422 1589 463 inter-5

221 480 363 532 pretes
397 476 488 520 Sex.
520 479 682 532 Aelius,
712 478 758 519 L.
784 478 948 520 Acilius
978 494 1066 520 non
1097 479 1203 521 satis
1235 493 1280 521 se
1305 479 1555 536 intellegere

222 537 431 591 dixerunt,
462 537 536 578 sed
568 537 775 591 suspicari
806 538 1051 579 vestimenti
1082 538 1256 592 aliquod
1282 552 1414 594 genus
1438 538 1556 580 fune·

222 595 329 649 bris,
371 595 417 637 L.
449 596 599 637 Aelius
636 596 825 637 lessum
858 597 980 650 quasi
1010 597 1237 652 lugubrem
1269 597 1555 652 eiulationem,

221 656 270 694 ut
305 668 387 696 vox
425 654 520 709 ipsa
556 654 789 709 significat3
827 655 939 709 quod
976 670 1025 696 eo
1064 655 1202 710 magis
1238 655 1378 697 iudico
1409 670 1555 697 verum

222 726 326 766 esse,
356 713 455 767 quia
480 713 549 754 lex
574 711 744 754 Solonis
770 713 814 754 id
838 714 980 768 ipsum
1005 716 1135 756 vetat.
1178 713 1296 756 Haec
1320 714 1556 756 laudabilia
1574 726 1608 752 10

222 774 264 812 et
301 771 588 826 locupletibus
619 771 708 813 fere
739 787 835 813 cum
866 773 991 827 plebe
1023 773 1282 827 communia3
1323 773 1435 827 quod
1467 772 1556 828 qui-

222 830 317 871 dem
358 830 542 872 maxime
581 844 605 872 e
640 833 798 872 natura
835 834 918 885 est,
958 831 1057 872 tolli
1093 831 1292 873 fortunae
1329 831 1556 874 discrimen

220 888 265 929 in
296 892 445 930 morte.

310 946 464 989 Cetera
500 948 605 989 item
642 948 857 1002 funebria,
895 948 1048 1002 quibus
1080 949 1221 990 luctus
1255 951 1450 1004 augetur,
1488 960 1556 990 XII

222 1006 500 1047 sustulerunt.
562 1006 785 1061 Homini,
821 1007 974 1062 inquit,
1012 1009 1210 1049 mortuo
1248 1022 1307 1049 ne
1341 1022 1458 1049 ossa
1488 1007 1555 1049 le·
1575 1020 1609 1045 15

222 1064 350 1120 gito,
401 1065 518 1119 quoi
567 1080 657 1121 pos
700 1065 851 1107 funus
894 1066 1066 1107 faciat.
1138 1066 1311 1120 Excipit
1354 1066 1554 1108 bellicam

220 1124 575 1179 peregrinamque
608 1127 801 1166 mortem.
850 1123 969 1167 Haec
998 1127 1222 1179 praeterea
1253 1127 1353 1166 sunt
1383 1125 1428 1166 in
1453 1125 1556 1190 legi-

222 1183 301 1223 bus
338 1182 438 1235 †de
474 1186 739 1237 unctuiaque
777 1184 944 1225 servilis
982 1185 1163 1225 unctura
1199 1183 1371 1224 tollitur
1402 1184 1556 1225 omnis-

223 1255 303 1295 que
353 1240 705 1296 circumpotati03
755 1256 862 1296 quae
912 1245 955 1283 et
1002 1244 1115 1283 recte
1165 1242 1378 1283 tolluntur
1418 1256 1555 1296 neque

221 1300 496 1354 tollerentur,
538 1300 622 1342 nisi
660 1301 853 1342 fuissent.
913 1299 986 1342 Ne
1024 1303 1321 1356 sumptuosa
1357 1315 1555 1355 resper-
1575 1313 1609 1338 20

222 1358 315 1413 sio,
351 1373 410 1400 ne
451 1359 635 1414 longae
672 1374 888 1401 coronae
923 1374 1011 1401 nec
1050 1374 1251 1401 acerrae
1288 1362 1555 1414 praeterean-

221 1419 303 1458 tur.
364 1416 448 1459 Illa
489 1418 577 1459 iam
620 1418 877 1473 significatio
922 1420 987 1459 est
1030 1418 1167 1459 laudis
1212 1421 1463 1459 ornamenta
1503 1418 1556 1459 ad

221 1479 414 1518 mortuos
446 1477 679 1542 pertinere,
720 1477 831 1531 quod
863 1491 1097 1518 coronam
1129 1477 1323 1519 virtute
1354 1478 1555 1532 partam

222 1537 265 1576 et
314 1535 371 1589 ei,
421 1535 493 1589 qui
541 1535 795 1590 peperisset,
845 1539 888 1577 et
931 1536 1019 1577 eius
1062 1535 1232 1590 parenti
1275 1535 1365 1576 sine
1407 1535 1556 1576 fraude

223 1608 315 1635 esse
346 1594 416 1635 lex
446 1594 680 1649 inpositam
711 1594 841 1636 iubet
903 1593 1134 1648 Credoque,
1170 1594 1283 1648 quod
1314 1597 1406 1635 erat
1435 1593 1556 1635 facti·
1575 1605 1610 1631 25

222 1655 383 1707 tatum,
426 1655 476 1694 ut
517 1653 592 1694 uni
634 1653 760 1708 plura
799 1653 951 1705 funera
991 1653 1142 1694 fierent
1186 1652 1368 1706 lectique
1411 1652 1554 1707 plures

223 1713 535 1765 sternerentur,
571 1711 615 1752 id
654 1726 819 1766 quoque
856 1726 909 1752 ne
946 1711 1084 1765 fieret,
1125 1712 1219 1766 lege
1252 1714 1446 1752 sanctuni
1479 1713 1555 1752 est.

223 1769 315 1818 Qua
352 1770 397 1811 in
435 1771 530 1826 lege
567 1784 696 1824 quom
734 1772 863 1812 esset:
900 1784 1023 1811 neve
1061 1784 1236 1811 aurum
1271 1770 1463 1823 addito',
1500 1771 1556 1811 υί-

221 1830 321 1879 dete,
360 1843 489 1883 quam
520 1829 705 1870 humane
737 1829 921 1883 excipiat
953 1829 1088 1870 altera
1120 1828 1204 1869 lex:
1243 1831 1294 1869 at
1324 1828 1403 1870 cui
1435 1842 1554 1869 auro

224 1887 400 1928 dentes
438 1888 602 1929 vincti
633 1890 826 1942 escunt,
865 1889 943 1929 ast
974 1888 1039 1928 im
1071 1901 1178 1928 cum
1209 1886 1303 1928 illo
1336 1886 1555 1941 sepeliet
1575 1898 1608 1923 30

223 1948 419 2000 uretve,
461 1960 511 1987 se
554 1945 733 1988 fraude
773 1948 896 1988 cisto.
957 1946 1015 1988 Et
1059 1945 1187 1987 simul
1217 1945 1326 1986 illud
1356 1945 1556 1999 videtote,

153 2013 194 2044 61
224 2005 340 2046 aliud
372 2005 570 2046 habitum
596 2019 688 2046 esse
713 2005 893 2060 sepelire
919 2007 962 2046 et
986 2019 1119 2046 urere.
1168 2003 1288 2045 Duae
1314 2006 1414 2045 sunt
1438 2017 1556 2058 prae-

223 2066 341 2104 terea
379 2063 495 2119 leges
529 2063 579 2104 de
611 2063 866 2118 sepulchris,
910 2078 1089 2118 quarum
1121 2063 1259 2104 altera
1289 2062 1556 2117 privatorum

223 2122 439 2177 aedificiis,
466 2122 602 2163 altera
625 2122 731 2177 ipsis
758 2122 994 2177 sepulchris
1021 2124 1154 2163 cavet.
1202 2120 1316 2162 Nam
1342 2120 1456 2176 quod
1480 2135 1556 2162 ro-

224 2194 338 2237 gum
376 2181 645 2222 bustumve
681 2195 862 2223 novum
893 2183 1013 2222 vetat
1043 2180 1254 2235 propius
1287 2179 1555 2234 sexaginta
1574 2188 1606 2215 ³⁵

222 2239 374 2294 pedes
406 2239 547 2294 adigi
579 2239 726 2280 aedes
759 2239 952 2281 alienas
979 2239 1142 2280 invito
1170 2238 1388 2292 domino,
1418 2238 1556 2279 incen-

223 2297 340 2339 dium
377 2300 549 2340 veretur
584 2297 833 2352 †acerbum
870 2300 1008 2352 vetat3
1047 2297 1159 2352 quod
1197 2299 1340 2338 autem
1376 2296 1557 2350 forum,

151 930 208 970 24

151 981 195 1012 60
