1685 2568
465 78 554 114 LIB.
580 78 641 115 VI.
668 79 769 114 CAP.
799 83 900 114 1-3,
928 83 947 121 ἓ
974 84 1075 116 1-3,
1348 82 1433 123 367

99 176 239 218 minae
270 175 584 231 cogitationum
610 173 821 215 lubidines
848 174 1016 216 infinita
1043 176 1249 229 quaedam
1277 180 1437 232 cogunt

100 238 228 289 atque
260 234 488 288 imperant,
520 247 627 287 quae
655 233 754 286 quia
778 247 856 274 nec
881 233 1043 288 expleri
1068 248 1144 275 nec
1171 234 1321 275 satiari
1347 236 1435 276 ullo

99 293 225 334 modo
265 295 464 347 possunt,
502 291 555 332 ad
594 306 718 333 omne
755 290 921 333 facinus
953 292 1168 346 inpellunt
1200 306 1290 347 eos,
1329 307 1435 347 quos

99 351 326 393 inlecebris
359 351 446 392 suis
478 350 767 391 incenderunt.
815 350 944 402 (Nou.
976 354 1075 392 424.
1105 352 1195 405 28.)

65 423 82 448 5
190 409 391 452 ‘Ferocia'
421 423 501 462 pro
536 409 752 461 ferocitate.
812 409 876 450 M.
917 409 1079 451 Tullius
1115 411 1162 451 cle
1197 423 1241 451 re
1271 410 1437 463 publica

99 469 165 510 lib.
205 469 288 510 VI:
330 467 402 523 qui
433 467 674 509 contuderit
706 468 795 508 eius
827 467 914 509 vim
948 470 990 509 et
1022 467 1283 510 ecfrenatam
1315 469 1437 510 illam

98 527 313 569 ferociam.
361 526 490 580 (Non.
522 530 618 568 492.
649 526 708 579 1.)

187 585 322 628 Cicero
353 587 398 626 iu
430 585 530 626 libro
561 588 668 627 sexto
693 586 740 626 de
763 599 806 626 rc
823 585 990 639 publica
1015 587 1076 627 ita
1098 587 1283 638 scripsit:
1315 585 1437 634 Quod

100 644 271 699 quidem
302 658 352 685 eo
383 643 467 685 fuit
497 643 653 698 maius,
686 643 797 697 quia,
829 659 924 685 cum
957 659 1085 686 causa
1115 644 1210 699 pari
1243 645 1434 700 collegae

47 717 80 743 ιο
99 705 259 755 essent,
299 717 386 744 non
423 702 549 744 modo
587 703 749 744 invidia
780 704 875 757 pari
906 717 993 744 non
1024 706 1163 757 erant,
1202 703 1275 744 sed
1307 704 1438 745 etiam

100 761 267 804 Claudii
292 761 498 803 invidiam
519 760 701 803 Gracchi
729 762 884 803 caritas
906 762 1226 817 deprecabatur.
1258 762 1439 816 (Gellius

106 821 200 863 VII
225 824 290 862 16.
322 824 385 870 11,
418 821 584 862 Nouius
606 834 650 874 p.
681 824 779 862 290.
809 822 894 875 15.)

186 879 249 921 Μ
284 879 446 921 Tullius
481 880 528 920 cle
558 893 602 920 re
623 879 737 932 publ.
770 879 835 921 lib.
876 879 957 921 VI:
996 878 1078 928 Qui
1108 879 1334 933 †numero
1367 894 1435 935 op-

97 940 314 980 tumatum
340 941 382 979 et
408 938 649 993 principum
677 938 837 993 optulit
861 939 898 979 is
927 939 1105 980 vocibus
1138 941 1180 980 et
1208 939 1438 994 gravitatis

48 1010 79 1036 15
99 1011 201 1038 suae
233 996 361 1052 liquit
390 997 514 1038 illum
546 997 717 1038 tristem
750 999 793 1039 et
817 997 992 1052 plenum
1019 997 1245 1053 dignitatis
1273 1012 1437 1039 sonum.

97 1055 283 1111 (Nouius
310 1070 350 1109 p.
380 1059 476 1098 409.
506 1056 596 1110 26.)

185 1115 249 1157 Μ
285 1114 447 1157 Tullius
483 1116 530 1156 de
567 1128 609 1156 rc
630 1115 744 1168 publ.
777 1116 842 1157 lib.
882 1115 965 1156 VI:
1009 1118 1075 1168 ut,
1109 1130 1236 1169 quem
1267 1116 1321 1157 ad
1352 1130 1438 1158 mo-

99 1174 200 1215 dum
238 1173 387 1215 scribit
422 1173 516 1227 ille,
556 1173 770 1215 cotidiano
808 1174 852 1215 in
889 1173 1032 1215 forum
1064 1174 1184 1216 mille
1215 1174 1438 1216 hominum

99 1247 195 1275 cum
234 1232 380 1287 palliis
422 1232 644 1286 conchylio
685 1233 832 1274 tinctis
878 1232 1194 1274 descenderent.
1255 1233 1440 1287 (Nouius

48 1303 82 1329 20
95 1306 136 1345 p.
167 1293 258 1333 501.
290 1290 380 1346 27.)

186 1350 248 1392 M.
282 1350 443 1391 Tullius
478 1350 526 1391 de
561 1364 604 1392 re
637 1351 750 1403 publ.
790 1351 855 1392 lib.
894 1349 977 1392 VI:
1014 1351 1060 1392 in
1090 1351 1177 1405 his,
1214 1353 1263 1392 ut
1294 1351 1439 1392 memi-

97 1409 242 1463 nistis,
280 1422 487 1451 concursu
525 1409 769 1451 levissimae
806 1409 1096 1451 multitudinis
1136 1412 1178 1451 et
1216 1424 1312 1451 aere
1345 1425 1440 1452 con-

99 1470 223 1524 gesto
254 1467 382 1509 funus
415 1467 611 1510 desubito
639 1471 752 1510 esset
778 1471 988 1510 ornatum.
1032 1469 1162 1523 (Nou.
1174 1483 1218 1522 p.
1238 1472 1331 1511 517.
1351 1470 1441 1524 32.)

186 1527 250 1569 Μ
278 1527 440 1568 Tullius
471 1528 518 1568 ole
547 1541 590 1569 re
612 1527 726 1581 publ.
759 1528 823 1569 lib.
858 1528 924 1569 VI
928 1542 941 1569 .·
972 1527 1176 1569 Firmiter
1207 1528 1320 1570 enim
1352 1543 1439 1570 mar

47 1597 80 1625 25
98 1586 212 1628 iores
237 1585 377 1627 nostri
402 1586 598 1627 stabilita
623 1586 900 1628 matrimonia
926 1601 1018 1628 esse
1037 1587 1278 1628 voluerunt.
1310 1587 1439 1641 (Non.

45 1659 47 1661 ’
90 1659 135 1699 p.
167 1647 260 1687 512.
291 1647 351 1687 24
381 1648 418 1686 et
447 1644 651 1687 Priscian.
682 1645 775 1687 XV
799 1650 836 1688 3.
868 1649 923 1688 13
944 1660 988 1699 p.
1022 1648 1086 1687 70.
1117 1649 1169 1687 11
1199 1646 1363 1700 Hertz.)

186 1704 249 1745 M.
278 1704 440 1746 Tullius
470 1705 517 1746 de
545 1718 589 1746 rc
604 1704 717 1758 publ.
745 1705 809 1746 lib.
837 1704 921 1746 VI:
954 1704 1104 1746 Oratio
1129 1703 1279 1759 Laelii,
1311 1719 1440 1760 quam

99 1777 246 1805 omnes
288 1762 498 1804 habemus
534 1762 581 1804 in
620 1763 836 1818 manibus,
880 1778 1010 1818 quam
1048 1763 1262 1819 simpuvia
1300 1764 1439 1819 ponti-

98 1822 226 1864 ficum
264 1822 328 1863 dis
366 1821 685 1863 immortalibus
723 1825 850 1878 grata
889 1823 976 1864 sint
1008 1821 1279 1878 Samiaeque,
1318 1825 1365 1864 ut
1402 1823 1439 1864 is

46 1892 81 1918 30
100 1881 261 1935 scribit,
293 1881 534 1936 capudines.
583 1882 767 1934 (Nouius
789 1896 834 1935 p.
865 1885 959 1924 398.
991 1884 1080 1931 26.)

187 1940 425 1981 Imitatioue
454 1939 645 1982 Platonis
675 1940 810 1982 Cicero
841 1942 888 1982 cle
917 1955 961 1983 re
982 1942 1150 1994 publica
1179 1942 1354 1984 scribens
1386 1942 1438 1983 lo-

99 2013 190 2041 cum
226 2000 348 2041 ctiam
385 2000 432 2040 de
460 1999 564 2041 Eris
594 1999 805 2052 Pamphili
839 2001 972 2042 reditu
1008 2002 1054 2042 in
1083 2001 1226 2051 vitam,
1269 2000 1358 2055 qui,
1394 2004 1442 2042 ut

100 2059 171 2109 aii,
204 2072 312 2113 rogo
343 2057 573 2113 impositus
605 2058 832 2100 revixisset
862 2059 1083 2114 multaque
1115 2059 1165 2100 de
1196 2058 1345 2100 inferis
1379 2073 1440 2100 se-

102 2118 218 2158 creta
241 2119 475 2172 narrasset,
505 2131 589 2159 uon
612 2118 812 2169 fabulosa,
841 2121 890 2160 ut
911 2119 992 2169 ille,
1017 2119 1312 2160 assimilatione
1336 2132 1439 2159 com-

47 2185 82 2213 35
100 2179 258 2217 meatus
288 2179 355 2227 est,
385 2177 454 2218 secl
482 2176 656 2218 sollertis
685 2177 836 2218 somnii
864 2177 1103 2219 rationabili
1131 2178 1311 2230 quadam
1334 2178 1439 2218 ima-

96 2235 305 2288 9iuatione
336 2236 555 2288 composuit
582 2236 761 2277 videlicet
786 2236 881 2277 scite
912 2237 1150 2290 siyniftcaus
1181 2236 1298 2290 haec,
1331 2249 1438 2289 quae

17 2323 19 2329 .
100 2293 151 2335 de
206 2293 372 2335 animae
422 2294 750 2336 immortalitate
800 2294 1039 2337 dicerentur
1088 2295 1308 2349 caeloque,
1356 2307 1435 2336 που

1463 561 1490 602 2

1462 613 1482 643 2

1465 1927 1491 1968 3

1465 1979 1485 2010 ω
