1685 2568
202 750 246 780 50
273 741 390 782 mula
422 755 477 781 an
509 754 604 781 cum
629 740 809 795 peperit,
842 742 1060 781 ostentum
1086 740 1180 781 est‘?
1212 740 1433 795 conceptio
1459 742 1610 782 eontra

201 860 256 901 23

273 58 359 100 214
729 58 793 93 DE
821 57 1144 93 DIVINATIONE

271 154 502 209 potuisset,
539 154 655 197 facta
690 169 777 196 non
815 156 939 195 esset.
998 152 1142 208 Atque
1172 153 1254 195 hoc
1285 155 1435 195 contra
1465 153 1610 196 omnia

273 215 444 254 ostenta
469 214 624 267 valeat,
648 227 896 267 numquam,
922 213 1035 267 quod
1060 212 1153 253 fieri
1176 227 1264 253 non
1288 212 1491 267 potuerit,
1516 226 1609 254 esse

270 271 451 325 factum3
493 272 559 313 sin
591 272 791 326 potuerit,
822 285 909 313 non
941 285 1032 312 esse
1064 270 1317 312 mirandum.
1373 270 1609 312 Causarum

272 330 385 371 enim
422 330 638 385 ignoratio
677 330 722 370 in
758 344 803 371 re
840 344 953 371 nova
989 329 1261 370 mirationem
1297 328 1419 383 facit3
1463 329 1609 371 eadem

271 388 489 445 ignoratio
523 389 559 429 si
590 389 635 429 in
660 388 787 429 rebus
812 387 986 429 usitatis
1014 390 1090 441 est,
1121 402 1209 429 non
1233 388 1450 429 miramur.
1495 387 1609 429 Nam
1646 400 1662 425 5

271 447 345 502 qui
376 447 538 488 mulam
569 446 786 502 peperisse
818 446 1012 500 miratur,
1043 446 1092 500 is,
1125 461 1208 501 quo
1240 446 1366 488 modo
1399 461 1508 501 equa
1537 461 1610 501 pa-

270 507 367 560 riat,
394 508 468 546 aut
495 505 668 547 omnino
697 519 804 559 quae
829 507 985 546 natura
1011 508 1183 560 partum
1210 505 1441 546 animantis
1466 505 1610 558 faciat,

271 564 455 619 ignorat.
506 562 588 605 Sed
618 564 731 618 quod
756 563 906 605 crebro
932 563 1059 618 videt,
1091 578 1178 605 non
1202 564 1396 617 miratur,
1429 563 1610 617 etiamsi,

271 638 345 665 cur
387 623 482 677 fiat,
525 623 678 676 nescit3
723 622 836 677 quod
873 624 972 664 ante
1008 637 1096 664 non
1132 622 1258 676 vidit,
1301 622 1345 663 id
1382 622 1418 663 si
1457 622 1609 676 evenit,

272 684 490 723 ostentum
540 695 632 722 esse
679 683 834 723 censet.
895 680 1055 722 Utium
1099 681 1234 736 igitur
1276 696 1372 722 cum
1416 681 1609 735 concepit
1630 693 1683 729 ιο

270 802 470 841 naturam
499 798 698 853 fortasse,
730 798 803 839 sed
833 801 984 853 partus
1016 812 1149 853 prope
1180 798 1456 840 necessarius.

359 856 441 898 Sed
474 857 574 912 quid
600 857 753 912 plura?
786 860 929 898 ortum
955 857 1174 898 videamus
1200 857 1516 912 haruspicinae3
1548 857 1610 899 sic

269 916 498 969 facillume,
525 916 626 971 quid
649 916 810 957 habeat
830 916 1113 970 auctoritatis,
1138 915 1430 957 iudicabimus.
1468 915 1608 971 Tages

270 975 445 1030 quidam
483 975 638 1016 dicitur
675 975 720 1016 in
752 989 857 1030 agro
889 974 1207 1029 Tarquiniensi,
1244 989 1339 1016 cum
1370 977 1487 1016 terra
1518 989 1608 1016 ara·
1629 986 1679 1013 15

270 1037 389 1076 retur
415 1036 457 1075 et
484 1034 626 1075 sulcus
653 1033 783 1075 altius
810 1035 923 1074 esset
948 1033 1194 1087 impressus,
1221 1033 1414 1074 extitisse
1434 1036 1608 1088 repente

271 1095 314 1134 et
346 1108 442 1134 eum
475 1093 645 1134 adfatus
678 1107 782 1146 esse,
815 1092 888 1146 qui
921 1092 1084 1133 arabat.
1134 1091 1176 1133 Is
1210 1094 1353 1133 autem
1378 1091 1530 1147 Tages,
1560 1095 1609 1133 ut

269 1152 316 1193 in
346 1152 470 1193 libris
502 1154 568 1193 est
597 1151 897 1202 Etruscorum,
935 1150 1091 1206 puerili
1123 1150 1262 1205 specie
1293 1150 1448 1192 dicitur
1478 1150 1608 1205 visus,

271 1210 345 1252 sed
377 1210 500 1251 senili
530 1209 662 1251 fuisse
694 1209 932 1264 prudentia.
981 1209 1086 1250 Eius
1119 1210 1323 1264 adspectu
1354 1224 1449 1251 cum
1477 1209 1607 1251 obsti-

272 1269 434 1324 puisset
471 1269 681 1310 bubulcus
714 1269 1030 1322 clamoremque
1063 1268 1268 1309 maiorem
1300 1283 1395 1309 cum
1428 1268 1608 1309 admira·
1627 1279 1660 1306 20

270 1328 386 1369 tione
413 1327 626 1381 edidisset,
652 1341 904 1369 concursum
931 1341 1022 1368 esse
1046 1326 1221 1381 factum,
1246 1329 1468 1381 totamque
1489 1327 1609 1368 brevi

269 1390 463 1442 tempore
488 1387 533 1427 in
560 1401 656 1427 eum
679 1386 821 1427 locum
840 1385 1061 1427 Etruriam
1082 1386 1346 1439 convenisse3
1371 1389 1464 1427 tum
1484 1386 1608 1427 illum
1670 1404 1671 1407 ¹

269 1446 395 1501 plura
435 1446 627 1487 locutum
664 1444 812 1486 multis
853 1444 1141 1498 audientibus,
1186 1445 1259 1499 qui
1297 1445 1441 1486 omnia
1477 1445 1609 1486 veiba
1668 1463 1671 1493 ς

270 1505 360 1546 01113
399 1504 641 1559 exceperint
678 1503 921 1557 litterisque
957 1503 1219 1558 mandarint3
1259 1518 1428 1545 omnem
1465 1506 1608 1545 autem
1668 1525 1670 1536 ³

270 1563 509 1604 orationem
533 1562 666 1604 fuisse
693 1577 798 1616 eam,
828 1577 912 1616 qua
936 1561 1233 1617 haruspicinae
1260 1562 1486 1617 disciplina
1511 1577 1606 1604 0011-
1627 1573 1661 1600 25

269 1622 496 1675 tineretur3
528 1636 623 1663 eam
653 1623 806 1676 postea
837 1621 1020 1662 crevisse
1051 1621 1178 1662 rebus
1203 1622 1326 1663 novis
1353 1635 1608 1676 cognoscen-
1666 1643 1668 1662 ;

270 1681 333 1722 dis
367 1683 409 1721 et
442 1680 495 1721 ad
527 1680 675 1722 eadem
706 1680 784 1721 illa
815 1679 1026 1734 principia
1057 1679 1302 1721 referendis.
1351 1679 1469 1721 Haec
1495 1695 1608 1722 acce-
1665 1699 1667 1717 1

270 1739 410 1794 pimus
444 1740 497 1780 ab
528 1739 647 1794 ipsis,
678 1739 784 1780 haec
817 1738 977 1793 scripta
1009 1741 1275 1792 conservant,
1306 1738 1419 1780 hunc
1442 1738 1607 1780 fontem

272 1799 433 1839 habent
471 1798 732 1852 disciplinae.
794 1796 910 1838 Num
948 1811 1050 1852 ergo
1090 1811 1197 1852 opus
1229 1800 1294 1839 est
1326 1797 1379 1838 ad
1410 1797 1515 1839 haec
1546 1812 1608 1839 re·
1664 1801 1665 1821 ³

270 1857 457 1898 fellenda
482 1856 729 1898 Carneade?
760 1871 862 1897 num
887 1855 1104 1910 Epicuro?
1137 1859 1256 1897 estne
1289 1857 1515 1911 quisquam
1545 1856 1608 1898 ita
1625 1866 1673 1893 ³⁰

271 1915 500 1970 desipienS,
540 1915 612 1970 qui
650 1914 796 1956 credat
827 1917 1048 1956 exaratum
1080 1929 1189 1969 esse,
1227 1915 1352 1956 deum
1384 1915 1521 1956 dicam
1553 1930 1608 1956 an

269 1974 518 2015 hominem?
564 1973 608 2015 Si
640 1974 776 2027 deum,
809 1988 882 2015 cur
909 1988 952 2015 se
978 1976 1128 2015 contra
1152 1976 1352 2015 naturam
1377 1974 1421 2015 in
1447 1977 1607 2016 terram

272 2033 505 2085 abdiderat,
531 2035 578 2074 ut
604 2032 844 2087 patefactus
872 2035 1015 2073 aratro
1043 2032 1180 2073 lucem
1207 2033 1444 2087 aspiceret?
1477 2033 1606 2087 quid?

270 2092 383 2133 idem
427 2106 568 2132 nonne
605 2093 776 2146 poterat
814 2091 915 2132 deus
952 2091 1197 2132 hominibus
1236 2091 1505 2146 disciplinam
1541 2107 1606 2133 su·
1664 2088 1666 2092 ⁸

269 2150 436 2206 periore
475 2164 496 2190 0
534 2150 628 2191 1000
667 2150 866 2191 tradere?
923 2148 967 2191 Si
1004 2152 1148 2191 autem
1184 2150 1314 2192 homo
1353 2151 1427 2191 ille
1465 2150 1604 2206 Tages
1622 2161 1650 2188 35
1682 2154 1685 2177 Ξ

269 2209 369 2263 fuit,
417 2223 602 2263 quonam
647 2209 773 2250 modo
817 2209 959 2264 potuit
1003 2211 1119 2250 terra
1162 2223 1390 2264 oppressus
1435 2209 1605 2251 vivere?
1652 2227 1655 2235 ¹

269 2267 379 2310 unde
411 2282 540 2324 porro
572 2267 649 2309 illa
680 2268 840 2324 potuit,
873 2282 980 2323 quae
1013 2267 1192 2309 docebat
1224 2268 1350 2323 alios,
1381 2268 1472 2324 ipse
1504 2268 1606 2310 didi-
