1685 2568
416 94 504 131 LlB,
532 94 594 128 Ill.
622 93 723 129 CAP.
750 96 899 128 22—24.
932 96 952 135 ἓ
978 96 1128 127 55—61.
1358 91 1439 132 127

104 189 206 232 Iove
238 192 281 232 et
304 189 564 246 Proserpina
593 191 755 242 natum,
787 186 1018 229 secundum
1037 186 1152 241 Nilo,
1184 186 1256 241 qui
1275 186 1441 240 Nysam

107 249 261 291 dicitur
291 249 572 302 interemisse,
603 247 779 290 tertium
811 245 968 288 Cabiro
1000 248 1135 300 patre,
1168 259 1348 299 eumque
1380 260 1441 286 re-

107 322 204 364 gem
236 307 366 350 Asiae
403 307 638 364 praefuisse
677 306 840 359 dicunt,
878 305 945 347 cui
978 303 1158 346 Sabazia
1190 306 1290 344 sunt
1321 304 1441 344 insti-

105 369 212 421 tuta,
245 370 445 421 quartum
469 366 570 408 Iove
602 367 646 408 et
669 364 802 418 Luna,
833 364 900 406 cui
932 378 1053 406 sacra
1073 362 1261 418 Orphica
1291 364 1442 417 putan-

70 428 177 467 ⁵tur
214 426 379 480 confici,
425 425 621 480 quintum
651 422 759 465 Niso
796 425 946 464 natum
984 424 1028 464 et
1058 421 1254 476 Thyone,
1294 435 1320 462 a
1358 435 1441 475 quo

105 484 362 526 Trieterides
394 483 653 526 constitutae
684 484 903 536 putantur.
963 479 1110 522 Venus
1141 480 1282 534 prima
1313 477 1442 520 Caelo

106 546 150 585 et
185 543 266 585 Die
308 545 428 597 nata,
472 542 590 585 cuius
627 541 751 582 Elide
795 540 1019 582 delubrum
1058 539 1262 592 vidimus,
1305 538 1444 579 altera

106 617 259 657 spuma
294 603 537 657 procreata,
575 615 625 642 ex
664 614 748 654 qua
779 601 822 641 et
852 599 1063 641 Mercurio
1096 596 1350 652 Cupidinem
1383 611 1444 638 se-

107 661 291 703 cundum
320 663 471 701 natum
503 659 755 714 accepimus,
789 658 919 700 tertia
949 657 1051 699 Iove
1082 659 1186 698 nata
1217 658 1260 697 et
1291 655 1444 709 Diona,

56 731 89 756 10
109 734 216 774 quae
252 719 401 774 nupsit
432 718 644 773 Volcano,
686 717 760 759 sed
791 731 841 759 ex
873 731 923 758 ea
954 718 997 758 et
1029 714 1167 758 Marte
1198 717 1326 756 natus
1359 713 1444 755 An-

106 781 221 820 teros
261 778 432 832 dicitur,
471 779 626 832 quarta
657 775 781 832 Syria
811 774 1038 831 Cyproque
1075 776 1297 829 concepta,
1336 787 1445 827 quae

106 836 284 878 Astarte
316 839 505 891 vocatur,
537 851 666 891 quam
688 834 876 877 Adonidi
901 834 1098 890 nupsisse
1122 833 1340 888 proditum
1368 833 1446 872 est.

106 896 301 938 Minerva
339 896 496 951 prima,
538 909 666 949 quam
698 893 915 950 Apollinis
954 895 1137 934 matrem
1176 906 1306 947 supra
1343 890 1446 931 dixi—

108 969 216 1008 mus,
251 955 437 996 secunda
468 956 564 996 orta
589 953 704 1007 Nilo,
736 967 864 1008 quam
890 952 1097 1007 Aegyptii
1117 949 1260 992 Saitae
1287 949 1447 1003 colunt,

58 1025 90 1050 15
109 1014 240 1056 tertia
282 1013 374 1068 illa,
418 1028 546 1068 quam
588 1028 614 1055 a
649 1011 750 1054 Iove
795 1014 1045 1067 generatam
1082 1024 1213 1065 supra
1250 1008 1447 1062 diximus,

110 1075 264 1128 quarta
294 1072 396 1114 Iove
427 1074 531 1113 nata
562 1074 606 1113 et
637 1070 852 1125 Coryphe,
884 1069 1040 1111 Oceani
1072 1068 1175 1122 filia,
1208 1082 1336 1122 quam
1369 1067 1448 1107 Ar-

110 1132 234 1174 cades
268 1133 442 1184 Κορίαν
478 1130 704 1172 nominant
742 1131 785 1170 et
822 1128 1129 1183 quadrigarum
1165 1126 1448 1167 inventricem

108 1190 263 1242 ferunt,
284 1189 434 1244 quinta
446 1188 671 1242 Pallantis,
691 1202 799 1242 quae
818 1189 987 1242 patrem
1007 1186 1162 1227 dicitur
1180 1184 1448 1226 interemisse

108 1249 405 1305 virginitatem
449 1262 570 1290 suam
612 1247 775 1289 violare
820 1247 1064 1299 conantem,
1108 1244 1176 1286 cui
1218 1243 1448 1299 pinnarum

58 1318 92 1344 20
110 1307 267 1350 talaria
304 1307 509 1363 adfigunt.
578 1305 742 1361 Cupido
779 1305 943 1360 primus
980 1303 1191 1346 Mercurio
1230 1305 1273 1344 et
1309 1301 1451 1343 Diana

109 1367 250 1422 prima
279 1368 407 1408 natus
441 1366 606 1420 dicitur,
638 1365 846 1406 secundus
877 1363 1089 1405 Mercurio
1123 1364 1165 1403 et
1189 1360 1357 1403 Venere
1390 1374 1450 1401 se-

111 1426 258 1480 cunda,
290 1425 456 1480 tertius,
489 1424 561 1480 qui
592 1424 704 1465 idem
734 1425 800 1465 est
825 1422 1025 1477 Anteros,
1056 1420 1196 1463 Marte
1223 1422 1266 1462 et
1284 1419 1450 1461 Venere

110 1485 251 1527 tertia.
312 1484 456 1539 Atque
489 1483 595 1526 haec
628 1482 798 1538 quidem
831 1481 1000 1536 aliaque
1033 1480 1122 1522 eius
1154 1479 1271 1521 modi
1303 1493 1353 1520 ex
1384 1492 1451 1520 ve-

112 1546 201 1585 tere
239 1542 443 1585 Graeciae
486 1543 604 1584 fama
647 1542 829 1584 collecta
872 1543 989 1594 sunt,
1034 1539 1188 1594 quibus
1232 1536 1450 1592 intellegis

59 1611 93 1638 25
112 1603 397 1645 resistendum
429 1616 538 1656 esse,
578 1616 630 1643 ne
661 1600 970 1656 perturbentur
1001 1598 1243 1654 religiones.
1304 1595 1452 1637 Vestri

113 1665 257 1704 autem
299 1676 387 1703 non
430 1661 555 1703 modo
599 1660 705 1702 haec
744 1674 832 1701 non
871 1658 1091 1711 refellunt,
1133 1671 1283 1698 verum
1321 1655 1451 1696 etiam

113 1721 368 1763 confirmant
399 1719 741 1775 interpretando,
773 1732 977 1773 quorsum
1010 1716 1195 1771 quidque
1225 1714 1451 1770 pertineat.

114 1778 196 1822 Sed
227 1795 276 1822 eo
308 1780 406 1834 iam,
438 1779 548 1820 unde
580 1778 662 1820 huc
694 1777 877 1833 digressi
909 1790 1068 1830 sumUS,
1099 1776 1377 1816 revertamur.

201 1838 318 1881 Num
350 1853 495 1881 censes
526 1837 661 1893 igitur
693 1836 919 1878 subtiliore
951 1834 1119 1876 ratione
1146 1847 1253 1889 opus
1281 1846 1373 1874 esse
1400 1831 1453 1873 ad

62 1907 96 1932 80
115 1897 220 1939 haec
250 1897 512 1939 refellenda?
574 1895 688 1938 Nam
719 1898 924 1949 mentem,
959 1894 1105 1947 fidem,
1146 1906 1284 1947 spem,
1321 1891 1452 1933 virtu·

115 1959 215 2011 tem,
245 1956 464 2011 honorem,
494 1955 733 2009 victoriam,
766 1955 962 2008 salutem,
995 1951 1265 1995 concordiam
1297 1952 1455 1992 cetera-

117 2030 198 2069 que
225 2015 313 2056 eius
339 2016 455 2057 modi
479 2030 622 2057 rerum
645 2014 733 2056 vim
751 2013 911 2055 habere
930 2012 1136 2066 videmus,
1160 2025 1248 2052 non
1268 2009 1454 2051 deorum.

116 2074 206 2115 Aut
237 2074 349 2115 enim
379 2074 425 2115 in
454 2074 670 2116 nobismet
699 2074 848 2114 insunt
877 2071 996 2127 ipsis,
1026 2074 1075 2112 ut
1101 2084 1234 2123 menS,
1265 2071 1314 2110 ut
1346 2082 1455 2123 spes,

116 2135 165 2174 ut
196 2132 319 2186 fides,
356 2135 404 2174 ut
434 2132 590 2187 virtus,
621 2134 671 2174 ut
702 2131 946 2184 concordia,
979 2133 1053 2172 aut
1085 2128 1299 2184 optandae
1329 2127 1454 2169 nobis

64 2200 97 2227 ³5
118 2194 235 2245 sunt,
272 2193 321 2232 ut
352 2191 508 2245 honos,
538 2193 587 2233 ut
618 2191 751 2246 salus,
782 2193 832 2232 ut
862 2189 1061 2243 victoria3
1102 2202 1283 2243 quarum
1315 2199 1456 2227 rerum

118 2250 354 2293 utilitatem
398 2249 539 2304 video,
580 2249 703 2292 video
750 2249 881 2291 etiam
924 2250 1173 2291 consecrata
1211 2245 1458 2297 simulacra3

119 2323 249 2366 quare
281 2311 425 2350 autem
458 2308 502 2349 in
532 2307 586 2349 iis
616 2308 682 2350 vis
714 2308 890 2350 deorum
921 2307 1038 2362 insit,
1069 2309 1162 2348 tum
1192 2304 1456 2356 intellegam,

1470 486 1514 518 59

1476 1309 1520 1340 60

1479 1857 1522 1887 61
