1685 2568
420 86 508 121 ΜΒ.
535 87 562 122 1.
595 86 694 122 CAP,
722 92 871 122 11—13.
902 91 922 130 ς
948 92 1098 123 31-37.
1351 89 1437 130 393

100 183 312 239 thagorea
341 197 424 224 vox
457 182 525 235 [de
557 182 746 224 amicitia
771 182 921 234 locus].
966 181 1033 223 Ex
1059 196 1142 236 quo
1167 175 1438 238 perspicitur,

100 256 230 297 quom
262 242 372 284 hanc
403 241 737 283 benivolentiam
769 243 859 282 tam
891 241 978 282 late
1010 241 1214 296 longeque
1239 242 1437 283 diffusam

99 300 166 342 vir
203 301 373 355 sapiens
408 301 454 341 in
485 300 672 354 aliquem
703 300 798 354 pari
828 300 988 341 virtute
1020 299 1261 354 praeditum
1294 304 1438 342 contu-

100 359 218 413 lerit,
249 362 342 400 tum
374 358 481 400 illud
512 358 634 412 effici,
667 359 780 412 quod
812 358 1068 413 quibusdam
1099 358 1348 400 incredibile
1380 359 1438 400 vi-

64 417 269 472 5deatur,
311 418 368 459 sit
408 420 550 459 autem
587 417 892 471 necessarium,
929 419 978 458 ut
1014 417 1149 458 nihilo
1187 431 1308 472 sepse
1341 418 1438 472 plus

101 491 230 531 quam
268 476 453 518 alterum
491 476 663 531 diligat3
702 476 801 530 quid
840 451 952 517 0111111
992 478 1074 529 est,
1113 475 1226 530 quod
1258 476 1438 530 differat,

100 549 231 590 quom
268 535 355 576 sint
398 537 549 576 cuncta
586 535 735 589 paria?
786 534 947 583 Quodsi
977 534 1184 576 interesse
1218 535 1438 589 quippiam

99 593 318 635 tantulum
350 593 476 634 modo
508 593 698 648 potuerit
729 593 774 634 in
804 595 1006 647 amicitia,
1039 593 1252 635 amicitiae
1283 608 1439 634 nomen

98 652 186 694 iam
223 652 443 706 occiderit,
484 652 601 693 cuius
635 654 700 693 est
732 666 781 693 ea
812 652 894 706 vis,
932 655 998 706 ut,
1036 652 1163 693 simul
1196 655 1324 706 atque
1357 652 1440 694 sibi

49 723 81 749 ιο
100 711 264 777 aliquid
296 712 406 752 alter
431 710 644 764 maluerit,
674 711 796 752 nulla
821 711 888 752 sit.
939 710 1056 759 Quae
1081 711 1439 766 praemuniuntur

100 770 245 812 omnia
281 769 447 835 reliquo
487 769 674 811 sermoni
712 770 1078 824 disputationique
1117 773 1310 823 nostrae,
1355 785 1438 824 quo

98 828 267 870 facilius
311 829 378 869 ius
420 828 466 869 in
506 831 664 870 natura
701 843 793 870 esse
829 829 1019 884 positum
1056 829 1252 884 intellegi
1289 829 1438 883 possit.

98 887 164 929 De
197 901 280 942 quo
313 902 442 942 quom
474 901 688 942 perpauca
720 887 876 942 dixero,
907 890 1000 929 tum
1033 887 1086 929 ad
1115 888 1180 928 ius
1215 887 1340 929 civile
1372 902 1438 929 ve-

99 946 229 1001 niam,
261 960 311 987 ex
344 960 427 1000 quo
459 946 564 988 haec
597 946 734 987 omnis
767 949 832 987 est
863 949 966 987 nata
998 947 1147 988 oratio.

0 1001 1 1018 ³
47 1017 80 1043 15
191 1005 235 1057 Q.
267 1004 332 1046 Tu
369 1019 469 1046 vero
507 1005 593 1046 iam
631 1020 844 1059 perpauca
881 1005 1055 1046 scilicet.
1117 1005 1183 1046 Ex
1221 1004 1275 1046 iis
1315 1005 1439 1059 enim,
1458 985 1509 1068 13}

100 1078 208 1119 quae
247 1063 410 1117 dixisti,
450 1063 641 1117 †Attico
679 1064 848 1105 videtur
885 1064 991 1104 mihi
1029 1064 1199 1117 quidem
1237 1066 1350 1105 certe
1390 1079 1439 1105 ex

98 1126 256 1164 natura
297 1125 440 1164 ortum
481 1137 573 1163 0880
610 1122 687 1163 ius.
750 1124 850 1164 ATT.
888 1122 958 1163 An
996 1123 1103 1163 mihi
1140 1123 1268 1163 aliter
1304 1122 1440 1163 videri

98 1181 267 1236 possit?
307 1196 436 1235 quom
472 1181 577 1223 haec
614 1181 701 1222 iam
732 1181 924 1236 perfecta
956 1181 1060 1235 sint,
1098 1181 1285 1235 primum
1317 1181 1440 1235 quasi

99 1240 345 1281 muneribus
379 1240 554 1281 deorum
584 1254 663 1281 nos
696 1254 788 1281 esse
819 1240 1053 1281 instructos
1083 1242 1126 1281 et
1158 1242 1347 1293 ornatos,
1380 1254 1440 1281 80-

47 1312 80 1337 20
99 1299 235 1341 cundo
280 1301 424 1340 autem
468 1299 562 1340 loco
606 1314 735 1340 unam
780 1313 871 1340 esse
908 1299 1132 1340 hominum
1172 1298 1285 1339 inter
1321 1299 1439 1353 ipsos

99 1357 269 1400 vivendi
299 1372 448 1412 parem
480 1372 831 1412 commimemque
857 1358 1082 1411 rationem,
1114 1357 1264 1399 deinde
1292 1372 1439 1398 omnes

98 1416 212 1458 inter
249 1431 294 1458 se
324 1416 514 1457 naturali
547 1417 731 1470 quadam
762 1416 1031 1472 indulgentia
1062 1419 1105 1457 et
1136 1416 1440 1470 benivolentia,

98 1477 192 1517 tum
224 1475 356 1517 etiam
387 1475 591 1517 societate
622 1475 727 1516 iuris
759 1475 980 1517 contineri.
1030 1474 1147 1524 Quae
1180 1490 1310 1530 quom
1339 1490 1442 1517 vera

99 1549 192 1576 esse
229 1536 362 1589 recte,
397 1536 446 1575 ut
483 1534 690 1588 arbitror,
728 1534 1080 1589 concesserimus,
1119 1534 1192 1589 qui
1221 1534 1307 1575 iam
1340 1534 1441 1576 licet

46 1604 80 1630 25
98 1593 224 1635 nobis
266 1608 292 1635 a
329 1595 486 1634 natura
525 1593 643 1649 leges
684 1595 728 1634 et
767 1593 862 1634 iura
898 1593 1151 1648 seiungere?
1208 1594 1270 1636 M.
1307 1593 1440 1635 Recte
1466 1600 1509 1632 36

100 1652 217 1707 dicis,
243 1654 286 1693 et
311 1666 378 1693 res
405 1666 450 1693 se
475 1652 536 1693 sic
560 1652 703 1693 habet.
746 1651 908 1694 Verum
934 1651 1292 1707 philosophorum
1312 1666 1441 1705 more,

98 1725 186 1752 non
222 1714 416 1753 veterum
455 1710 625 1765 quidem
661 1711 855 1769 illorum,
897 1711 971 1752 sed
1009 1726 1173 1762 eorum,
1215 1711 1288 1765 qui
1320 1711 1442 1765 quasi

100 1769 293 1811 officinas
318 1769 615 1810 instruxerunt
641 1770 888 1825 sapientiae,
921 1785 1028 1824 quae
1052 1769 1146 1811 fuse
1173 1770 1274 1811 olim
1301 1770 1442 1824 dispu-

99 1829 305 1870 tabantur
342 1843 390 1870 ac
429 1829 580 1882 libere,
620 1843 670 1870 ea
704 1843 818 1871 nunc
849 1829 1114 1871 articulatim
1147 1829 1352 1870 distincta
1384 1828 1442 1870 di-

48 1899 81 1924 30
100 1890 270 1941 cuntur3
311 1902 390 1929 nec
435 1887 547 1928 enim
591 1887 698 1928 satis
733 1888 827 1929 fieri
864 1890 1039 1929 censent
1075 1888 1174 1929 huic
1211 1887 1324 1942 1000,
1369 1887 1440 1942 qui

98 1961 211 1988 nunc
236 1948 302 1987 est
327 1946 372 1987 in
397 1946 608 2000 manibus,
631 1946 716 1987 nisi
741 1947 975 2002 separatim
997 1946 1082 1988 hoc
1106 1947 1259 2001 ipsum,
1284 1948 1442 1987 natura

100 2019 193 2046 0880
218 2005 297 2060 1118,
329 2005 602 2059 disputarint.
651 2006 752 2047 ATT.
777 2005 836 2047 Et
862 2006 1025 2047 scilicet
1050 2008 1127 2047 tua
1151 2005 1332 2046 libertas
1360 2005 1441 2046 dis-

100 2063 268 2105 serendi
308 2063 468 2105 amissa
505 2066 589 2117 est,
631 2066 705 2105 aut
742 2066 791 2105 tu
826 2064 863 2106 is
899 2079 962 2119 es,
1003 2064 1076 2119 qui
1105 2064 1151 2105 in
1183 2064 1440 2119 disputando

99 2137 186 2164 non
222 2125 345 2164 tuum
382 2122 585 2164 iudicium
624 2137 820 2177 sequare,
858 2123 932 2165 sed
970 2123 1219 2165 auctoritati
1257 2123 1440 2164 aliorum

47 2191 79 2218 35
99 2195 264 2236 pareas.
313 2181 376 2223 M.
407 2180 508 2223 Non
539 2196 725 2236 semper,
756 2181 870 2236 Tite3
908 2182 982 2223 sed
1012 2182 1094 2223 iter
1125 2182 1252 2223 huius
1285 2195 1441 2222 sermo·
1467 2187 1509 2218 37

98 2240 167 2281 1118
206 2239 319 2293 quod
351 2239 425 2294 sit,
462 2240 598 2282 vides:
637 2240 691 2282 ad
721 2255 790 2282 res
821 2241 1016 2296 publicas
1047 2241 1280 2282 firmandas
1313 2241 1356 2281 et
1388 2239 1440 2280 ad

101 2298 382 2340 stabiliendas
420 2298 548 2340 urbes
582 2299 872 2352 sanandosque
901 2299 1085 2354 populos
1118 2298 1258 2340 omnis
1290 2299 1441 2339 nostra
