1685 2568
401 133 489 170 LIB.
516 133 561 168 II.
589 131 688 168 CAP.
715 135 865 167 49-52.
891 135 911 174 ξ
937 135 1132 167 125—130.
1377 131 1433 173 93

92 230 272 287 pareat?
343 229 457 272 Nam
505 228 691 284 primum
735 227 844 268 aliae
887 240 1044 280 mares,
1095 226 1205 267 aliae
1247 225 1432 268 feminae

95 291 212 343 sunt,
254 289 367 343 quod
397 286 699 344 perpetuitatis
731 299 861 327 causa
891 284 1139 327 machinata
1170 286 1325 326 natura
1356 287 1433 338 est,

95 348 245 390 deinde
277 350 422 402 partes
454 345 645 400 corporis
677 347 721 386 et
752 344 806 386 ad
836 343 1148 399 procreandum
1180 345 1223 384 et
1255 342 1309 384 ad
1341 357 1435 384 con-

96 406 338 462 cipiendum
376 404 642 460 aptissimae,
680 405 724 444 et
759 403 805 444 in
835 417 953 443 mare
985 404 1028 443 et
1058 402 1104 443 in
1133 401 1295 443 femina
1326 415 1436 443 com-

60 476 78 503 5
97 465 411 507 miscendorum
449 477 677 517 corporum
707 461 841 503 mirae
873 460 1084 502 libidines.
1146 459 1256 502 Cum
1293 462 1436 501 autem

97 524 142 566 in
180 523 285 565 locis
325 537 471 564 semen
506 520 682 574 insedit,
719 520 835 575 rapit
874 534 1045 562 omnem
1080 518 1170 561 fere
1212 518 1353 561 cibum
1385 518 1438 560 ad

99 596 190 624 sese
223 596 356 636 eoque
389 582 585 635 saeptum
612 580 740 635 fingit
766 579 944 633 animal,
976 578 1090 633 quod
1116 592 1212 620 cum
1239 592 1289 619 ex
1314 579 1437 619 utero

99 642 293 696 elapsum
325 639 498 693 excidit,
532 639 578 680 in
608 638 661 679 iis
694 638 1004 691 animantibus,
1038 651 1146 691 quae
1178 636 1290 678 lacte
1322 636 1438 678 alun-

98 703 187 754 tur,
226 699 363 741 omnis
404 698 492 740 fere
530 697 649 739 cibus
687 699 874 738 matrum
906 696 1137 738 lactescere
1167 694 1336 750 incipit,
1375 709 1439 736 ea-

48 770 81 796 10
101 773 199 813 que,
238 772 346 812 quae
383 757 512 812 paulo
553 759 653 798 ante
683 758 787 797 nata
819 757 936 809 sunt,
968 754 1060 797 sine
1091 754 1303 810 magistro
1337 753 1440 795 duce

99 820 255 859 natura
303 829 515 858 mammas
560 817 770 870 appetunt
813 828 1043 868 earumque
1085 813 1284 855 ubertate
1329 815 1441 854 satu-

99 878 262 918 rantur.
318 875 463 929 Atque
494 876 544 916 ut
574 874 878 929 intellegamus
905 873 1019 929 ⁸nihil
1049 871 1203 913 horum
1235 886 1327 913 esse
1357 871 1442 912 for-

99 934 271 988 tuitum,
297 936 340 975 et
365 934 470 975 haec
496 933 640 975 omnia
666 947 759 974 esse
788 946 918 987 opera
942 931 1146 986 providae
1167 930 1442 984 sollertisque
1485 953 1505 968 ⁴-

100 996 292 1048 naturae,
325 1007 433 1047 quae
465 991 725 1046 multiplices
756 990 870 1032 fetus
902 992 1142 1046 procreant,
1173 991 1222 1031 ut
1254 1003 1363 1043 sues,
1394 990 1443 1030 ut

50 1064 81 1090 1⁵
102 1053 245 1106 canes,
283 1052 336 1093 iis
374 1065 660 1093 mammarum
695 1050 798 1091 data
829 1051 895 1091 est
926 1048 1177 1103 multitud03
1216 1062 1322 1102 quas
1355 1061 1443 1089 eas-

103 1111 199 1153 dem
229 1124 388 1166 paucas
420 1110 583 1151 habent
614 1123 687 1151 eae
719 1108 902 1161 bestiae,
939 1122 1046 1162 quae
1078 1122 1215 1162 pauca
1247 1107 1444 1162 gignunt.

103 1169 213 1218 Quid
242 1170 391 1223 dicam,
424 1170 609 1223 quantus
636 1181 758 1209 amor
783 1167 1019 1208 bestiarum
1046 1165 1103 1207 sit
1127 1166 1172 1207 in
1199 1165 1427 1207 educandis
1450 1175 1513 1206 129

103 1228 474 1282 custodiendisque
500 1227 565 1280 iis,
597 1241 706 1281 quae
732 1227 1076 1280 procreaverunt,
1107 1239 1242 1278 usque
1269 1224 1323 1265 ad
1349 1238 1446 1265 eum

102 1288 244 1341 finem,
276 1287 376 1328 dum
406 1286 577 1341 possint
608 1299 653 1326 se
684 1285 780 1339 ipsa
812 1283 1064 1325 defendere?
1103 1283 1185 1324 etsi
1216 1283 1367 1338 pisces,
1398 1284 1447 1324 ut

51 1359 85 1384 20
105 1346 236 1400 aiunt,
269 1360 350 1387 ova
376 1360 471 1387 cum
498 1346 748 1400 genuerunt,
778 1343 1043 1397 relinquunt3
1075 1341 1201 1384 facile
1233 1341 1346 1383 enim
1370 1341 1449 1383 illa

105 1419 216 1460 aqua
262 1406 304 1446 et
349 1403 618 1445 sustinentur
661 1404 705 1444 et
748 1401 885 1444 fetum
927 1401 1123 1443 fundunt.
1191 1400 1446 1442 Testudines
1462 1400 1518 1444 52

105 1466 249 1506 autem
280 1466 324 1504 et
355 1462 590 1505 crocodilos
624 1461 781 1516 dicunt,
813 1475 909 1503 cum
940 1460 987 1502 in
1016 1462 1134 1502 terra
1163 1462 1339 1515 partum
1365 1459 1447 1501 edi-

105 1522 256 1574 derint,
289 1522 467 1564 obruere
493 1536 586 1576 ova,
618 1520 767 1564 deinde
793 1519 1025 1574 discedere3
1056 1519 1120 1560 ita
1146 1521 1189 1560 et
1212 1520 1449 1560 nascuntur

106 1584 149 1623 et
192 1581 425 1623 educantur
466 1580 562 1635 ipsa
604 1594 681 1635 per
724 1593 828 1621 sese.
892 1578 986 1622 Iam
1031 1578 1220 1633 gallinae
1264 1591 1449 1632 avesque

54 1651 87 1677 25
107 1640 297 1694 reliquae
329 1641 372 1681 et
405 1639 596 1694 quietum
626 1638 850 1693 requirunt
882 1637 936 1679 ad
959 1636 1212 1692 pariendum
1238 1636 1381 1678 locum
1407 1638 1450 1677 et

107 1698 265 1741 cubilia
296 1698 380 1740 sibi
409 1698 616 1752 nidosque
647 1699 902 1739 construunt
928 1710 1085 1750 eosque
1112 1710 1241 1750 quam
1266 1696 1450 1750 possunt

108 1757 376 1800 mollissume
414 1757 709 1811 substernunt,
750 1758 799 1798 ut
837 1770 965 1811 quam
1001 1754 1221 1796 facillume
1254 1768 1336 1796 ova
1367 1768 1450 1795 ser-

106 1819 279 1869 ventur3
317 1831 339 1857 e
372 1816 526 1870 quibus
557 1816 699 1871 pullos
731 1830 827 1858 cum
859 1814 1135 1867 excuderunt,
1167 1813 1231 1855 ita
1261 1814 1450 1866 tuentur,

107 1878 157 1918 ut
189 1878 232 1917 et
263 1875 406 1930 pinnis
437 1874 630 1929 foveant,
666 1889 720 1916 ne
750 1874 913 1929 frigore
945 1873 1190 1927 laedantur,
1223 1874 1283 1926 et,
1316 1871 1354 1913 si
1384 1874 1452 1913 est

56 1946 90 1972 ⁵0
110 1935 227 1977 calor
259 1949 284 1976 a
316 1934 417 1988 sole,
449 1948 493 1975 se
526 1929 758 1989 opponant.
808 1932 917 1975 Cum
949 1934 1093 1973 autem
1124 1931 1235 1987 pulli
1259 1930 1450 1986 pinnulis

108 1993 174 2035 uti
204 1995 397 2048 possunt,
428 1995 521 2034 tum
552 1992 723 2034 volatus
756 2006 902 2034 eorum
935 1993 1096 2032 matres
1122 1992 1451 2045 prosequuntur,

109 2052 277 2106 reliqua
319 2066 420 2093 cura
462 2051 712 2093 liberantur.
773 2050 951 2093 Accedit
995 2049 1049 2092 ad
1090 2063 1178 2090 non
1214 2048 1434 2090 nullorum
1457 2056 1522 2087 130

111 2110 395 2152 animantium
427 2112 469 2152 et
501 2124 647 2152 earum
676 2124 837 2164 rerum,
876 2123 982 2164 quas
1013 2111 1132 2150 terra
1163 2107 1325 2164 gignit,
1358 2122 1453 2149 con-

112 2169 400 2211 servationem
444 2171 487 2210 et
524 2169 708 2210 salutem
744 2168 968 2210 hominum
1006 2167 1138 2209 etiam
1177 2166 1373 2208 sollertia
1411 2168 1453 2207 et

58 2239 92 2266 ⁸5
113 2227 350 2284 diligentia.
410 2226 524 2269 Nam
560 2227 724 2269 multae
762 2229 805 2269 et
841 2226 1023 2282 pecudes
1063 2228 1107 2267 et
1145 2225 1302 2280 stirpes
1342 2226 1453 2278 sunt,

113 2301 221 2345 quae
247 2286 338 2328 sine
369 2286 670 2341 procuratione
701 2286 925 2328 hominum
957 2285 1102 2327 salvae
1129 2299 1221 2326 esse
1246 2298 1333 2325 non
1357 2297 1453 2337 pos-

113 2348 223 2388 sunt.
283 2345 467 2400 Magnae
504 2344 637 2386 etiam
675 2344 996 2400 oportunitates
1034 2343 1088 2385 ad
1124 2343 1289 2385 cultum
1319 2341 1454 2395 homi-
