1685 2568
236 82 290 123 58
646 81 710 116 DE
736 82 936 117 NATURA
960 81 1165 116 DEORUM

236 178 374 220 omnis
407 178 554 233 oritur,
585 178 623 219 is
656 180 801 219 autem
833 178 959 220 ardor
990 192 1077 219 non
1107 177 1247 219 alieno
1278 178 1464 232 inpulsu,
1496 177 1570 219 sed

236 252 312 278 sua
349 239 502 292 sponte
541 240 753 291 movetur,
793 237 958 278 animus
991 237 1048 277 sit
1078 251 1248 277 necesse
1290 239 1371 290 est,
1404 251 1453 278 ex
1486 251 1568 291 quo

235 295 418 337 efficitur
450 295 714 336 animantem
740 310 832 336 esse
858 295 1073 336 mundum.
1118 295 1262 349 Atque
1288 309 1338 335 ex
1364 295 1444 337 hoc
1470 310 1570 349 quo-

183 400 198 410 ,
237 369 316 408 que
348 354 543 409 intellegi
573 354 734 408 poterit
762 353 807 394 in
832 368 880 394 eo
906 354 1044 394 inesse
1070 353 1425 408 intellegentiam,
1458 353 1571 408 quod

120 416 155 472 ξ
161 415 349 460 Χ66116
382 415 447 453 631
479 412 660 453 mundus
692 412 844 453 melior
877 427 1003 466 quam
1035 413 1125 453 ulla
1154 414 1321 453 natura.
1330 388 1431 462 (Ut
1457 412 1571 453 enim
1607 424 1623 449 5

234 471 355 512 nulla
385 485 486 525 pars
519 473 584 511 est
617 470 808 524 corporis
840 471 996 525 nostri
1035 485 1141 525 quae
1172 485 1260 511 non
1290 470 1468 511 minoris
1501 471 1570 524 sit,

236 545 305 584 qu
295 545 364 570 ι111
412 531 583 570 nosmet
631 529 715 583 ipsi
765 543 928 583 sumus,
978 529 1038 571 316
1081 529 1285 570 mundum
1325 529 1571 570 universum

234 588 371 642 pluris
404 602 496 628 esse
520 601 692 629 11666336
719 589 784 628 631
810 602 937 641 quam
962 590 1131 642 partem
1157 588 1347 642 aliquam
1372 587 1571 628 universi.

235 646 356 694 Quod
389 646 425 687 31
450 646 513 687 ita
539 649 615 700 6313,
648 646 816 700 sapiens
844 646 901 686 3113
927 647 1108 688 mundus
1133 661 1305 688 11666336
1332 648 1408 688 est.
1457 645 1571 687 Nam

233 705 278 746 ni
309 705 372 746 ita
409 707 538 758 esset,
571 704 801 758 hominem,
833 704 906 758 qui
938 707 1004 745 est
1037 705 1183 746 mundi
1219 719 1338 759 pars,
1370 704 1572 759 quoniam
1593 717 1625 742 10

235 763 415 805 rationis
470 766 534 805 est
579 763 813 825 particeps,
864 763 1001 817 pluris
1052 778 1143 805 esse
1192 778 1320 817 quam
1366 763 1573 804 mundum

164 831 207 862 33
235 837 404 864 omnem
442 824 707 876 0110116161,0
702 815 877 875 &Atque
909 822 1057 876 etiam,
1097 822 1133 863 31
1165 837 1191 863 a
1221 822 1370 876 primis
1402 822 1572 863 inchoa-

233 882 376 935 tisque
413 880 579 922 naturis
619 880 672 922 ad
709 864 885 921 ultimas
920 881 1216 935 perfectasque
1247 881 1445 922 volumus
1478 895 1572 935 pro-

234 940 397 994 cedere,
436 939 490 981 ad
521 939 696 981 deorum
732 941 932 981 naturam
963 939 1262 993 perveniamus
1292 953 1463 980 necesse
1496 941 1572 980 6313.

232 973 426 1040 Primuin
465 998 577 1040 enim
615 997 998 1039 animadvertimus
1036 1013 1061 1039 a
1090 1001 1247 1039 natura
1278 998 1481 1039 sustineri
1513 1012 1572 1052 ea,
1594 1009 1626 1035 15

235 1072 342 1112 quae
383 1057 619 1113 gignantur
660 1071 682 1098 e
721 1059 854 1110 terra,
896 1057 1050 1111 quibus
1087 1059 1243 1098 natura
1280 1056 1389 1097 nihil
1420 1031 1574 1098 tribuit

235 1116 436 1171 amplius,
477 1131 602 1170 quam
636 1117 685 1156 ut
716 1130 766 1157 ea
798 1116 950 1157 alendo
983 1118 1111 1170 atque
1143 1115 1338 1170 augendo
1370 1118 1573 1156 tueretur.

164 1183 207 1214 34
234 1175 393 1216 Β631113
433 1178 576 1216 autem
615 1189 786 1216 3611311111
825 1176 868 1215 613
904 1177 1070 1215 1110111111
1108 1174 1223 1215 dedit
1261 1177 1303 1215 et
1340 1189 1435 1216 cum
1474 1189 1573 1228 quo-

235 1235 332 1275 dam
370 1234 564 1288 adpetitu
597 1247 815 1275 accessum
848 1233 901 1274 ad
931 1247 999 1274 res
1032 1233 1262 1286 salutares,
1301 1248 1327 1274 a
1357 1233 1572 1288 pestiferis

233 1307 465 1346 recessum,
497 1292 578 1334 hoc
604 1291 767 1333 homini
794 1291 992 1346 ampliuS,
1021 1292 1133 1346 quod
1159 1291 1322 1332 addidit
1347 1292 1571 1345 rationem,
1592 1303 1626 1328 ‘20
1679 1295 1685 1319 ⁵

235 1366 319 1406 qua
355 1353 607 1406 regerentur
639 1351 771 1392 animi
803 1350 1038 1405 adpetitus,
1079 1350 1151 1404 qui
1182 1353 1275 1391 tum
1306 1350 1573 1391 remitteren-

170 1411 218 1453 13
234 1413 315 1464 tur,
346 1412 440 1451 tum
471 1409 803 1452 continerentur.
854 1408 1040 1457 Quartus
1073 1411 1217 1450 autem
1249 1409 1407 1464 gradus
1434 1411 1499 1450 est
1531 1411 1574 1450 61

235 1469 473 1510 altissimus
516 1481 680 1519 eorum,
722 1468 795 1522 qui
835 1470 992 1509 natura
1031 1467 1134 1509 boni
1175 1468 1474 1522 sapientesque
1514 1468 1573 1523 gi-

234 1530 444 1583 gnuntur,
495 1527 649 1582 quibus
697 1540 727 1570 a
766 1526 976 1582 principio
1019 1526 1256 1568 innascitur
1299 1527 1412 1568 ratio
1456 1530 1574 1568 recta

234 1589 532 1641 constansque,
566 1600 673 1640 quae
705 1599 835 1640 supra
860 1585 1078 1627 hominem
1102 1585 1294 1640 putanda
1320 1587 1385 1626 est
1411 1585 1572 1639 deoque
1593 1597 1625 1621 25

235 1645 474 1699 tribuenda,
505 1645 548 1686 id
580 1646 646 1686 est
671 1644 840 1698 mundo,
869 1643 916 1686 in
943 1659 1025 1698 quo
1051 1658 1222 1685 necesse
1249 1646 1314 1685 631
1339 1644 1573 1699 perfectam

167 1713 210 1744 35
236 1704 358 1745 illam
391 1706 519 1758 atque
552 1703 796 1745 absolutam
827 1703 966 1745 inesse
997 1703 1220 1744 rationem.
1282 1701 1431 1757 Neque
1460 1703 1573 1744 enim

236 1763 317 1804 dici
348 1765 494 1817 potest
524 1762 569 1804 in
599 1762 690 1803 ulla
714 1776 857 1803 rerum
882 1762 1154 1803 institutione
1179 1775 1267 1803 non
1293 1775 1384 1802 esse
1411 1762 1573 1816 aliquid

236 1824 475 1862 extremum
513 1824 641 1875 atque
679 1821 927 1875 perfectum.
995 1819 1050 1861 Ut
1082 1820 1194 1861 enim
1225 1820 1270 1861 in
1301 1820 1405 1874 vite,
1450 1823 1498 1861 ut
1529 1820 1573 1861 in

235 1880 410 1935 pecude,
447 1880 531 1921 nisi
569 1894 676 1934 quae
713 1879 778 1921 vis
811 1879 1000 1933 obstitit,
1038 1879 1230 1920 videmus
1262 1881 1462 1920 naturam
1496 1893 1571 1920 suo
1591 1890 1625 1915 30

237 1939 420 1992 quodam
446 1939 598 1980 itinere
625 1939 678 1980 ad
704 1938 904 1979 ultimum
929 1937 1162 1992 pervenire,
1190 1939 1317 1991 atque
1338 1940 1386 1978 ut
1405 1937 1573 1992 pictura

236 2001 278 2039 et
315 1998 480 2038 fabrica
516 1999 766 2050 ceteraeque
799 1999 914 2038 artes
946 1996 1108 2038 habent
1140 1996 1351 2050 quendam
1384 1996 1573 2038 absoluti

236 2056 376 2111 operis
416 2056 628 2110 effectum,
668 2055 729 2096 sic
759 2056 804 2096 in
837 2055 953 2096 omni
983 2057 1155 2108 natura,
1194 2069 1242 2096 ac
1273 2055 1409 2096 multo
1443 2055 1570 2096 etiam

237 2115 387 2169 magis,
418 2129 590 2156 necesse
623 2117 688 2155 est
720 2114 887 2155 absolvi
920 2112 1080 2167 aliquid
1114 2128 1162 2154 ac
1193 2113 1350 2167 perfici.
1398 2113 1573 2155 Etenim
1671 2151 1673 2166 ,

236 2173 387 2215 ceteris
419 2173 586 2214 naturis
619 2172 757 2214 multa
789 2174 974 2226 externa,
1007 2185 1090 2226 quo
1117 2172 1258 2213 minus
1283 2172 1571 2227 perficiantur,
1591 2183 1624 2208 35
1669 2173 1685 2208 4³³

235 2234 415 2288 possunt
441 2232 662 2285 obsistere,
694 2231 938 2272 universam
965 2233 1108 2272 autem
1133 2233 1333 2272 naturam
1358 2231 1479 2273 nulla
1504 2246 1572 2273 res

235 2293 380 2342 potest
416 2290 639 2346 impedire,
680 2292 910 2345 propterea
948 2289 1060 2343 quod
1098 2289 1235 2331 omnis
1267 2292 1445 2331 naturas
1477 2290 1572 2342 ipsa
