1685 2568
479 96 568 131 LIB.
595 96 657 130 111.
686 95 787 130 CAP.
816 100 916 130 1-4.
944 100 963 137 ξ
992 99 1092 130 1-7.
1367 95 1455 136 333

118 195 192 235 aut
223 193 467 248 excogitare
498 193 742 248 potuerunt.
805 190 944 239 Quare
976 190 1065 231 311113
1095 190 1220 231 nobis
1253 190 1343 243 isti,
1385 190 1458 244 qui

118 252 168 293 de
198 252 366 293 ratione
397 251 568 293 vivendi
600 251 826 304 disserunt,
857 249 1005 304 magni
1033 248 1240 302 homines,
1272 251 1320 289 ut
1347 251 1459 301 sunt,

117 311 204 351 sint
242 310 414 364 eruditi,
452 311 540 352 sint
577 309 773 351 veritatis
811 310 854 349 et
896 307 1071 350 virtutis
1103 307 1320 362 magistri,
1358 306 1459 346 dum

117 369 242 410 modo
277 369 334 410 sit
364 369 469 410 haec
505 368 726 423 quaedam,
758 368 848 408 sive
879 381 905 408 a
935 366 1039 408 viris
1072 366 1116 406 111
1147 380 1290 406 10111111
1321 364 1459 419 publi-

82 441 265 469 5carum
301 428 513 469 varietate
549 427 734 469 versatis
772 427 949 468 inventa
987 425 1076 466 sive
1114 424 1245 465 etiam
1282 423 1328 465 in
1358 423 1460 464 isto·

116 501 212 527 rum
250 486 338 528 otio
372 501 420 528 ac
452 486 610 527 litteris
641 487 831 527 tractata
861 499 947 538 res,
985 483 1097 525 sicut
1129 486 1211 536 est,
1249 482 1425 523 minime
1453 479 1458 524 1

119 545 290 599 quidem
321 544 644 598 contemnenda,
675 544 787 585 ratio
821 543 957 585 civilis
991 545 1034 584 et
1060 542 1286 596 disciplina
1313 543 1367 594 [p.
1391 551 1459 583 208

116 604 392 659 populorum,
431 618 538 658 quae
576 603 744 658 perficit
781 602 826 643 in
862 602 986 643 bonis
1024 601 1228 657 ingeniis,
1265 599 1309 641 id
1347 599 1462 654 quod

116 662 204 703 iam
238 677 445 718 persaepe
476 661 674 717 perfecit,
711 663 760 702 ut
791 660 1055 702 incredibilis
1088 659 1297 714 quaedam
1329 661 1372 700 et
1404 658 1463 700 di-

65 734 100 762 ιο
116 721 218 763 vina
247 721 386 762 virtus
419 721 654 762 exsisteret.
706 718 867 768 Quodsi
899 719 993 773 quis
1021 719 1075 760 ad
1100 733 1150 760 ea
1173 718 1463 759 instrumenta

118 780 262 834 animi,
295 795 403 835 quae
431 783 590 821 natura
616 793 808 833 quaeque
834 778 1030 820 civilibus
1056 777 1270 818 institutis
1296 776 1462 830 habuit,

118 838 432 894 adiungendam
459 839 542 880 sibi
569 838 700 879 etiam
727 837 967 879 doctrinam
994 840 1037 878 et
1056 836 1297 878 uberiorem
1318 850 1463 877 rerum

118 898 410 953 cognitionem
435 898 618 953 putavit,
649 900 698 938 ut
724 897 755 937 ii
779 896 874 951 ipsi,
902 896 975 951 qui
1000 896 1046 937 in
1070 896 1225 937 horum
1251 895 1462 937 librorum

119 956 409 1012 disputatione
434 959 674 1011 versantur,
692 970 817 997 nemo
839 958 916 1010 est,
938 955 1041 1010 quin
1060 969 1132 996 eos
1155 952 1159 1010 ξ
1183 957 1297 996 ante-
1325 956 1378 1007 [p.
1393 965 1461 996 201

65 1028 99 1054 15
117 1015 229 1057 ferre
267 1016 466 1058 omnibus
506 1015 669 1057 debeat.
731 1014 842 1063 Quid
879 1014 992 1056 enim
1030 1016 1176 1069 potest
1216 1027 1307 1054 esse
1344 1028 1463 1068 prae-

118 1074 294 1129 clarius,
333 1089 462 1129 quam
500 1089 596 1117 cum
633 1088 777 1115 rerum
808 1087 1066 1129 ,magnarum
1096 1072 1301 1114 tractatio
1335 1076 1464 1127 atque

117 1147 221 1175 usus
262 1148 358 1175 cum
398 1134 572 1175 illarum
612 1133 771 1175 artium
809 1132 962 1173 studiis
1001 1134 1044 1173 et
1081 1131 1327 1187 cognitione
1369 1146 1464 1173 con—

117 1192 341 1247 iungitur?
380 1195 455 1234 aut
487 1192 589 1247 quid
619 1192 665 1233 P.
698 1190 914 1246 Scipione,
953 1190 1055 1245 quid
1087 1189 1131 1232 C.
1163 1189 1330 1244 Laelio,
1363 1190 1465 1244 quid

117 1249 164 1292 L.
177 1250 304 1293 Philo
324 1251 557 1306 perfectius
578 1250 763 1306 cogitari
781 1250 956 1305 potest?
978 1249 1063 1304 qui,
1082 1263 1135 1290 ne
1156 1248 1257 1303 quid
1276 1252 1465 1304 praeter-

66 1322 100 1347 20
119 1309 360 1364 mitterent,
402 1310 516 1364 quod
556 1310 610 1351 ad
648 1324 860 1351 summam
897 1308 1069 1350 laudem
1106 1308 1323 1349 clarorum
1354 1308 1465 1350 viro·

119 1383 215 1410 rum
254 1369 508 1424 pertineret,
549 1369 604 1410 ad
644 1368 927 1410 domesticum
964 1367 1261 1421 maiorumque
1300 1381 1464 1408 morem

120 1427 252 1469 etiam
289 1428 400 1470 hanc
437 1443 462 1470 a
494 1426 670 1469 Socrate
709 1427 997 1469 adventiciam
1030 1424 1281 1480 docJtrinam
1314 1427 1367 1478 [p.
1395 1436 1464 1467 202

120 1487 420 1529 adhibuerunt.
469 1487 609 1535 Quare
642 1486 715 1541 qui
745 1488 975 1540 utrumque
1000 1485 1141 1527 voluit
1167 1487 1210 1526 013
1233 1485 1389 1540 potuit,
1421 1485 1465 1526 id

121 1548 188 1588 est
224 1548 273 1587 ut
309 1560 406 1588 cum
444 1546 656 1588 maiorum
693 1545 925 1599 institutis,
963 1547 1057 1586 tum
1095 1543 1290 1586 doctrina
1328 1558 1372 1585 se
1404 1544 1465 1585 111-

67 1616 102 1643 25
120 1607 325 1659 strueret,
371 1605 425 1646 ad
468 1605 637 1647 laudem
681 1605 793 1645 hunc
838 1604 983 1645 omnia
1027 1605 1303 1645 consecutum
1347 1606 1465 1658 puto.

120 1662 198 1705 Sin
235 1664 374 1705 altera
411 1666 476 1705 est
507 1666 607 1705 utra
638 1664 708 1704 via
738 1663 991 1718 prudentiae
1025 1662 1269 1717 deligenda,
1307 1664 1465 1716 tamen,

121 1723 292 1764 etiamsi
323 1723 391 1765 0111
414 1723 630 1764 videbitur
654 1723 733 1764 illa
757 1722 802 1763 in
833 1722 1008 1776 optimis
1042 1721 1195 1762 studiis
1229 1723 1272 1762 et
1298 1721 1464 1762 artibus

122 1782 267 1836 quieta
297 1782 412 1823 vitae
443 1782 556 1823 ratio
588 1782 768 1835 beatior,
799 1781 905 1822 haec
937 1780 1075 1822 civilis
1107 1780 1368 1822 laudabilior
1399 1782 1466 1821 est

121 1843 235 1883 certe
268 1843 310 1882 et
340 1841 577 1894 inlustrior,
608 1855 659 1882 ex
685 1855 770 1895 qua
799 1840 890 1882 vita
922 1840 983 1881 sic
1015 1839 1172 1880 summi
1202 1839 1286 1881 viri
1314 1853 1466 1880 ornan-

69 1902 205 1953 3013111,
236 1902 285 1941 ut
316 1900 385 1941 vel
416 1899 489 1942 M'.
521 1898 687 1953 Curius,

181 1957 335 2008 Quem
370 1973 513 2001 nemo
551 1958 690 2000 ferro
722 1958 894 2014 potuit
927 1971 1171 2012 superare
1202 1971 1292 1999 nec
1326 1972 1466 2011 auro,

122 2018 211 2060 vel.
233 2051 242 2060 .
262 2051 271 2060 .
293 2052 301 2060 .

388 2112 648 2165 [Desiderari
676 2113 864 2154 videntur
886 2112 1068 2166 payz'nae
1097 2112 1196 2163 sex]

248 2227 258 2236 .
309 2194 461 2236 ‚fuisse
494 2194 762 2250 sapientiam,
794 2196 941 2236 tamen
971 2194 1054 2236 hoc
1077 2194 1124 2235 in
1148 2193 1316 2235 ratione
1343 2194 1396 2244 [p.
1418 2202 1462 2233 23

121 2252 343 2308 utriusque
375 2254 544 2310 generis
575 2253 784 2307 interfuit,
817 2254 930 2307 quod
960 2253 1027 2294 illi
1057 2253 1200 2295 verbis
1228 2254 1272 2293 et
1297 2251 1462 2292 artibus

69 2321 104 2349 ³5
123 2312 321 2355 aluerunt
351 2315 529 2354 naturae
554 2312 778 2368 principia,
809 2312 855 2353 hi
881 2315 1025 2354 autem
1050 2311 1264 2353 institutis
1292 2312 1334 2351 et
1360 2310 1463 2364 legi·
