1685 2568
194 114 251 155 92
604 113 669 148 DE
695 113 894 148 NATURA
919 113 1123 149 DEORUM

194 210 375 252 levatur.
425 209 550 252 Basis
584 213 727 252 autem
758 210 979 266 trianguli,
1013 224 1137 264 quem
1171 210 1360 252 efficiunt
1392 224 1531 266 grues,

195 283 246 310 ea
270 271 490 323 tamquam
519 285 543 311 a
568 269 702 324 puppi
727 269 866 311 ventis
893 269 1130 323 adiuvatur,
1157 283 1313 323 eaeque
1338 269 1383 309 in
1407 272 1530 324 tergo

194 328 539 381 praevolantium
583 328 696 370 colla
739 330 781 369 et
825 328 967 382 capita
1007 330 1238 382 reponunt3
1282 327 1394 381 quod
1432 327 1532 381 quia

194 386 286 440 ipse
319 386 401 427 dux
433 386 572 427 facere
603 401 691 427 non
722 388 878 441 potest,
911 386 1010 441 quia
1041 401 1127 427 non
1152 386 1295 440 habet,
1326 386 1400 427 ubi
1424 386 1531 427 nita-

195 447 283 498 tur,
320 445 506 498 revolat,
544 447 592 486 ut
622 445 714 499 ipse
747 459 915 499 quoque
948 445 1155 499 quiescat3
1193 445 1238 486 in
1270 444 1359 485 eius
1391 445 1532 485 locum
1569 457 1584 482 5

196 503 383 544 succedit
414 517 464 544 ex
495 503 566 557 iis,
601 517 709 557 quae
742 503 1014 558 adquierunt,
1046 518 1178 557 eaque
1209 503 1458 544 vicissitudo
1489 502 1533 543 in

128 572 193 602 126
215 562 332 603 omni
369 576 495 603 cursu
532 564 822 604 conservatur.
888 561 1028 604 Multa
1064 562 1153 604 eius
1192 562 1307 603 modi
1343 561 1533 616 proferre

195 635 384 675 possum,
414 621 488 662 sed
515 635 648 676 genus
674 621 817 675 ipsum
841 620 1006 662 videtis.
1056 620 1148 662 Iam
1174 635 1275 662 vero
1301 620 1378 661 illa
1404 620 1534 662 etiam

195 679 383 733 notiora,
429 682 589 734 quanto
636 694 679 720 se
724 694 850 734 opere
895 679 1138 721 custodiant
1182 679 1363 733 bestiae,
1405 681 1455 721 ut
1490 679 1533 719 in

124 740 182 782 50
196 741 324 792 pastu
357 738 723 792 circumspectent,
754 741 802 779 ut
833 738 877 779 in
909 738 1120 779 cubilibus
1153 738 1408 779 delitiscant.
1459 736 1534 778 At-
1555 749 1588 774 10

197 811 277 851 que
309 797 386 838 illa
417 797 644 850 mirabilia,
678 797 790 851 quod
823 795 892 851 (ea
917 811 1025 851 quae
1049 811 1196 851 nuper,
1227 797 1271 837 id
1297 799 1362 838 est
1388 796 1533 851 paucis

197 857 298 897 ante
336 856 505 910 saeclis,
543 856 803 897 medicorum
834 855 1018 911 ingeniis
1050 858 1221 910 reperta
1253 854 1370 911 sunt)
1402 855 1534 896 vomi-

196 915 313 956 tione
354 929 497 969 canes,
539 917 774 970 purgantes
816 917 961 955 autem
1003 914 1124 956 alvos
1163 914 1253 955 ibes
1292 914 1535 969 Aegyptiae

196 976 411 1015 curantur.
429 973 638 1014 Auditum
688 976 753 1014 est
796 973 1046 1028 pantheras,
1098 987 1205 1027 quae
1248 972 1292 1013 in
1334 972 1536 1014 barbaria

195 1035 407 1073 venenata
433 1047 557 1074 carne
585 1034 848 1086 caperentur,
874 1032 1107 1073 remedium
1134 1031 1347 1086 quoddam
1366 1031 1536 1085 habere,
1557 1042 1590 1068 15

196 1105 280 1145 quo
313 1106 409 1132 cum
442 1094 584 1132 essent
615 1105 737 1145 usae,
773 1106 860 1132 non
892 1093 1178 1144 morerentur,
1210 1104 1360 1145 capras
1393 1092 1536 1131 autem

195 1150 239 1190 in
272 1148 402 1192 Creta
432 1150 558 1204 feras,
591 1165 686 1192 cum
718 1152 862 1191 essent
888 1150 1076 1191 confixae
1102 1149 1323 1191 venenatis
1351 1148 1536 1204 sagittis,

195 1209 376 1250 herbam
397 1223 611 1263 quaerere,
639 1223 745 1262 quae
767 1209 1005 1250 dictamnus
1026 1210 1263 1261 vocaretur,
1293 1222 1420 1262 quam
1441 1222 1537 1249 cum

127 1277 192 1308 127
210 1267 516 1323 gustavissent,
548 1268 731 1322 sagittas
764 1267 954 1308 excidere
984 1267 1129 1308 dicunt
1154 1281 1176 1308 e
1202 1281 1390 1321 corpore.
1440 1265 1536 1308 Cer-

195 1341 358 1381 vaeque
389 1327 518 1381 paulo
545 1329 646 1368 ante
671 1328 843 1381 partum
870 1328 1136 1380 perpurgant
1163 1340 1206 1366 se
1234 1325 1417 1379 quadam
1443 1325 1535 1366 her·
1556 1337 1592 1362 20

196 1386 311 1440 bula,
344 1400 452 1439 quae
485 1385 632 1426 seselis
666 1385 830 1426 dicitur.
880 1384 972 1425 Iam
1004 1385 1082 1425 illa
1113 1384 1337 1437 cernimus,
1367 1386 1416 1425 ut
1442 1399 1536 1425 con-

197 1447 267 1486 tra
303 1444 390 1486 vim
429 1447 471 1485 et
508 1447 671 1485 metum
710 1444 797 1485 suis
830 1458 874 1484 se
907 1443 1037 1484 armis
1070 1457 1262 1497 quaeque
1295 1442 1538 1497 defendant,

198 1503 397 1545 cornibus
424 1503 550 1557 tauri,
576 1503 669 1557 apri
696 1502 907 1556 dentibus,
933 1516 1079 1543 morsu
1104 1502 1266 1555 leones3
1299 1501 1408 1543 aliae
1432 1501 1538 1557 fuga

199 1577 261 1616 se,
311 1562 421 1603 aliae
466 1562 752 1604 occultatione
793 1563 1009 1615 tutantur,
1059 1560 1289 1602 atramenti
1333 1560 1536 1602 effusione

199 1621 359 1676 sepiae,
400 1623 575 1675 torpore
615 1620 880 1675 torpedines,
921 1620 1084 1661 multae
1122 1619 1254 1660 etiam
1284 1619 1535 1661 insectantis
1555 1630 1590 1655 25

199 1680 341 1722 odoris
374 1679 637 1721 intolerabili
668 1679 874 1721 foeditate
907 1679 1137 1733 depellunt.

127 1739 181 1781 51
287 1738 348 1780 Ut
391 1753 491 1780 vero
536 1741 766 1793 perpetuus
810 1737 958 1779 mimdi
995 1740 1107 1778 esset
1144 1739 1337 1790 ornatus,
1380 1751 1537 1792 magna

199 1797 395 1839 adhibita
438 1812 539 1839 cura
577 1799 642 1838 est
680 1812 705 1838 a
741 1796 1012 1851 providentia
1050 1796 1241 1850 deorum,
1284 1798 1332 1836 ut
1371 1809 1536 1849 semper

200 1859 343 1898 essent
388 1859 429 1897 et
466 1856 703 1897 bestiarum
745 1870 902 1911 genera
940 1858 982 1896 et
1020 1855 1222 1896 arborum
1264 1854 1536 1908 omniumque

199 1930 359 1968 rerum,
405 1930 512 1969 quae
555 1930 581 1958 a
623 1918 739 1956 terra
777 1914 984 1969 stirpibus
1025 1913 1352 1955 continerentur.
1421 1911 1536 1960 Quae
1556 1923 1591 1948 30

200 1973 370 2028 quidem
410 1974 554 2015 omnia
591 1988 685 2015 eam
716 1973 804 2014 vim
837 1973 1010 2014 seminis
1042 1972 1204 2013 habent
1234 1971 1279 2012 in
1310 1985 1375 2025 se,
1407 1973 1455 2012 ut
1487 1985 1537 2012 ex

198 2047 283 2074 uno
321 2033 447 2087 plura
485 2035 759 2087 generentur3
800 2032 927 2086 idque
966 2045 1109 2072 semen
1145 2030 1356 2072 inclusum
1391 2032 1457 2071 est
1493 2029 1538 2070 in

200 2091 366 2132 intuma
396 2093 519 2146 parte
552 2106 699 2133 earum
730 2091 951 2144 bacarum,
983 2104 1090 2144 quae
1123 2104 1173 2130 ex
1205 2103 1370 2143 quaque
1404 2088 1538 2142 stirpe

198 2149 452 2204 funduntur,
494 2150 715 2204 isdemque
759 2149 992 2191 seminibus
1035 2150 1079 2189 et
1120 2147 1314 2189 homines
1359 2146 1538 2188 adfatim

199 2211 430 2251 vescuntur
462 2211 505 2250 et
535 2210 676 2250 terrae
710 2208 898 2250 eiusdem
931 2206 1098 2263 generis
1132 2206 1332 2261 stirpium
1363 2219 1536 2247 renova·
1557 2216 1590 2242 85

132 2274 198 2306 128
217 2267 334 2309 tione
373 2267 637 2322 conplentur.
700 2265 810 2315 Quid
847 2267 1016 2320 loquar,
1054 2267 1216 2320 quanta
1252 2264 1362 2305 ratio
1393 2263 1439 2305 in
1469 2263 1537 2305 be-

199 2326 295 2367 stiis
327 2326 381 2367 ad
411 2328 665 2381 perpetuam
697 2324 1064 2367 conservationem
1097 2338 1243 2365 earum
1274 2322 1441 2379 generis
1468 2320 1538 2377 ap—
