1685 2568
252 105 339 146 370
745 104 809 139 DE
834 104 898 139 RE
922 104 1126 140 PUBLICA

251 202 425 242 ianuam
459 201 666 243 mendacio
695 200 961 254 polluerunt?
1010 200 1128 243 Haec
1162 201 1374 253 quoniam,
1411 202 1510 243 dum
1545 202 1593 243 de

252 259 469 302 Platonico
498 260 584 302 Ere
620 260 843 311 iactantur,
881 260 1004 300 etiam
1033 260 1204 311 quietem
1234 260 1432 311 Africani
1460 261 1592 302 nostri

251 319 496 360 somniantis
525 320 733 369 incusant,
774 351 783 360 .
804 350 813 360 .
834 350 843 360 .
862 350 872 359 .
895 318 1131 359 resistamus
1161 319 1338 371 uryenti,
1369 322 1408 359 et
1433 318 1593 370 frustra

252 390 427 430 mouens
456 377 682 429 refellatur,
718 379 766 418 ut
799 390 886 418 una
916 377 1126 418 calumnia
1158 377 1355 418 dissoluta
1383 378 1519 419 utrius
1545 391 1620 436 336,

250 436 428 493 factum
431 436 688 486 incolumem,
718 438 765 476 ut
791 435 860 487 fas
890 438 957 485 est,
987 436 1160 476 retineat
1188 436 1438 489 oliqnitatem.
1495 436 1592 478 Ma·
1611 447 1628 474 5
1668 461 1669 464 ,

254 482 412 536 crobius
441 499 646 536 comment.
677 495 723 534 in
753 507 879 535 somn.
911 493 1019 559 863Ρ.
1050 493 1083 535 Ι
1107 497 1143 535 1.
1175 497 1257 536 8-
1262 497 1303 536 2.
1334 494 1392 548 5.)

342 553 573 606 Scipionem
597 554 732 606 ipsum
757 552 853 594 haec
871 553 1022 594 occasio
1040 553 1097 594 ad
1112 553 1372 594 narrandum
1389 553 1593 595 somnium

246 613 499 665 provocavit,
541 612 649 665 quod
690 611 807 664 lonyo
850 614 1022 664 tempore
1062 624 1104 653 36
1146 615 1310 654 testatus
1345 615 1403 653 est
1435 612 1593 654 silentio

253 671 487 713 condidisse.
537 668 641 712 Cum
672 670 779 711 enim
803 669 972 712 Laelius
1001 673 1232 723 quereretur
1254 670 1393 712 nullas
1417 670 1594 712 Nasicae

252 733 411 771 statuas
445 731 492 770 in
521 729 684 782 publico
720 729 766 769 in
804 729 1002 781 interfecti
1032 729 1202 795 tyranni
1229 730 1594 771 remunerationem
1613 740 1646 766 1⁰
1675 758 1677 775 2

255 789 422 839 locatas,
464 788 672 841 respondit
699 786 836 842 Scipio
864 791 961 841 post
996 787 1085 829 alia
1120 789 1167 829 in
1203 787 1300 829 haec
1328 788 1468 830 verba:
1511 786 1594 830 Sed
1674 788 1677 799 ¹

255 861 515 912 quamquam
542 846 808 901 sapienizibus
834 845 1095 888 conscientia
1119 846 1215 901 ipsa
1239 846 1453 888 factorum
1477 860 1594 902 egre-

256 905 425 960 giorum
469 905 784 960 amplissimum
826 905 1000 947 virtutis
1045 907 1110 946 est
1149 905 1405 960 praemium,
1447 908 1595 947 tamen

254 965 332 1005 illa
364 963 508 1005 divina
538 964 676 1006 virhus
707 979 795 1005 non
823 966 989 1005 stalzuas
1014 964 1192 1019 plumbo
1218 964 1490 1006 inhaerentes
1515 979 1594 1006 nec

253 1023 497 1078 triumphos
539 1023 831 1065 arescentibus
868 1022 1046 1077 laureis⁷
1090 1023 1165 1064 sed
1202 1023 1429 1065 stabiliora
1466 1037 1591 1078 quae·
1613 1029 1673 1060 15

255 1082 353 1123 dam
385 1084 429 1123 ei:
458 1082 664 1124 viridiora
693 1081 982 1137 praemiorum
1015 1056 1172 1137 g⁷enera
1203 1082 1426 1123 desiderat.
1477 1080 1594 1130 Quae
1670 1088 1672 1098 ’

254 1141 429 1199 tandem
459 1141 546 1182 ista
577 1143 694 1195 sunt,
724 1141 866 1195 inquil}
895 1140 1096 1182 Laelius?
1146 1140 1256 1182 Tum
1288 1139 1448 1196 Scipio:
1478 1140 1595 1182 Pati-

255 1200 361 1240 mini
398 1192 482 1254 me,
521 1174 724 1254 quoniain
761 1200 938 1241 'cerbium
977 1199 1088 1241 diem
1128 1199 1215 1241 iam
1252 1199 1398 1241 feriari
1434 1214 1594 1254 sumuS,

255 1262 293 1300 et
321 1262 459 1309 cetera,
490 1259 635 1311 quibus
664 1260 721 1300 aol
748 1259 1028 1300 narrationem
1051 1259 1201 1300 somnii
1224 1260 1333 1300 venit
1355 1259 1496 1301 docens
1519 1259 1595 1300 illa
1668 1294 1670 1311 J

254 1330 337 1359 esse
364 1318 577 1359 stabiliora
606 1321 645 1359 et
672 1318 872 1359 viridiora
893 1318 1176 1370 praemiorum
1196 1331 1355 1371 genera,
1385 1330 1488 1370 quae
1510 1318 1595 1370 3Ῥ36
1613 1327 1647 1353 20

254 1377 418 1419 vidisset
447 1378 494 1417 in
523 1377 629 1418 caelo
660 1377 775 1418 bonis
803 1389 941 1418 rerum
965 1377 1228 1429 publicarum
1251 1380 1412 1418 servata
1435 1377 1594 1418 rectori—
1668 1382 1669 1387 ’

255 1436 339 1478 bus.
387 1435 591 1491 (Macrob.
622 1435 655 1476 I
680 1438 719 1476 4.
750 1438 781 1477 ,2
809 1436 888 1489 sq.)

207 587 228 618 8

749 1574 1098 1618 SOMNIUM.

188 1658 277 1703 9(Ῑ)
339 1669 448 1713 Cum
488 1671 534 1712 in
565 1670 758 1712 Africam
789 1669 1002 1711 venissem
1033 1670 1101 1711 Μ.
1131 1669 1310 1711 Manilio
1343 1670 1508 1712 consuli
1541 1670 1594 1712 ad

210 1710 457 1785 9·(3[11ει1’ῡῖ1111
488 1730 703 1785 legionem
733 1729 949 1783 bribunus,
985 1731 1035 1770 ut
1067 1729 1204 1782 scibis,
1242 1729 1447 1783 militum,
1483 1729 1593 1771 nihil

258 1789 364 1831 mihi
405 1789 488 1829 fuit
530 1789 694 1843 potius,
742 1802 870 1841 quam
913 1790 962 1829 ut
1003 1787 1278 1829 Masinissam
1322 1788 1592 1830 convenirem
1612 1797 1646 1824 25

257 1862 415 1903 regem,
450 1848 638 1889 familiae
669 1849 843 1888 nostrae
874 1846 999 1888 iustis
1032 1847 1083 1888 de
1109 1847 1248 1888 causis
1275 1847 1593 1888 amicissimum.
1661 1847 1663 1866 ³

258 1908 326 1948 Ad
358 1921 484 1961 quem
515 1909 564 1948 ut
595 1906 710 1959 veni,
747 1906 979 1959 conplexus
1011 1920 1079 1946 me
1111 1920 1239 1947 senex
1271 1906 1594 1947 conlacrimavit

257 1966 564 2019 aliquantoque
594 1966 695 2020 post
727 1964 917 2018 suspexit
948 1963 1001 2006 ad
1033 1964 1199 2006 caelum
1231 1967 1290 2006 eb:
1329 1963 1594 2018 (111116ερ11-

259 2025 367 2079 quib,
399 2024 480 2065 tibi
512 2038 612 2079 ago,
645 2038 809 2064 summe
841 2021 927 2076 Sol,
958 2023 1178 2078 vobisque,
1208 2023 1372 2089 reliqui
1395 2021 1593 2077 Caelites,

259 2083 384 2138 quod,
415 2085 514 2124 anhe
547 2097 675 2137 quam
707 2096 757 2122 ex
782 2082 862 2123 hac
886 2056 978 2123 vita
1004 2082 1156 2148 migro,
1188 2081 1402 2136 conspicio
1428 2082 1474 2123 111
1498 2097 1592 2124 11160
1612 2093 1659 2132 3⁰

256 2318 420 2360 Deinde
452 2332 532 2374 ego
563 2317 687 2358 illum
719 2317 769 2358 de
802 2331 878 2358 suo
911 2331 1055 2372 regno,
1087 2317 1162 2358 ille
1193 2331 1261 2358 me
1292 2316 1343 2358 de
1373 2319 1524 2358 nosbra
1548 2330 1594 2358 re
1655 2290 1657 2365 J
