1685 2568
414 83 502 119 LIB.
530 83 593 120 ῙΙῙ.
627 82 726 118 CAP.
752 87 902 118 30—32.
935 87 955 126 ἓ
981 87 1130 119 75—81.
1361 85 1445 127 135

103 194 190 223 non
220 179 444 222 audebitis.
505 178 605 221 Non
638 178 751 221 enim
781 179 948 234 ignoro,
983 178 1132 233 quanti
1165 179 1255 220 eius
1286 194 1442 222 nomen

102 239 277 295 putetis.

192 296 274 339 Sed
310 297 379 339 hic
414 296 583 352 quidem
613 296 732 338 locus
764 295 960 338 concludi
990 296 1077 337 iam
1108 298 1266 351 potest.
1328 295 1443 338 Nam

105 356 141 398 si
173 356 362 397 stultitia
387 369 594 397 consensu
620 355 808 396 omnium
834 354 1193 410 philosophorum
1220 354 1358 397 maius
1379 359 1445 397 est

69 425 86 451 5
106 415 285 469 malum,
324 429 451 469 quam
483 414 520 455 si
551 413 695 455 omnia
725 414 841 455 mala
873 415 916 454 et
945 412 1145 455 fortunae
1178 416 1222 455 et
1251 414 1445 469 corporis

104 488 155 515 ex
187 474 323 515 altera
352 475 475 528 parte
505 474 735 526 ponantur,
767 471 1025 527 sapientiam
1052 474 1196 514 autem
1220 486 1346 514 nemo
1375 473 1446 515 ad-

104 532 313 587 sequitur,
350 532 395 572 in
427 531 605 572 summis
638 531 764 572 malis
797 544 943 572 omnes
976 545 1141 585 sumus,
1180 531 1335 586 quibus
1367 546 1444 574 vos

104 594 278 646 optume
310 590 553 632 consultum
586 604 611 631 a
637 590 700 630 dis
726 589 1030 631 inmortalibus
1058 589 1210 631 dicitis.
1259 589 1374 632 Nam
1396 593 1446 632 ut

102 649 212 690 nihil
243 649 433 703 interest,
465 650 611 689 utrum
639 663 764 690 nemo
790 649 946 703 valeat,
979 663 1033 690 an
1057 663 1183 690 nemo
1209 649 1350 704 possit
1375 664 1446 691 va-

51 718 85 744 10
104 708 203 762 lere,
238 708 299 750 sic
329 721 416 749 non
446 707 672 763 intellego,
705 707 806 762 quid
837 707 1021 762 intersit,
1052 709 1198 749 utrum
1229 721 1354 749 nemo
1388 708 1446 749 sit

104 766 294 822 sapiens,
327 781 382 807 an
412 780 538 807 nemo
571 780 663 808 esse
694 766 845 822 possit.
907 765 972 808 Ac
1002 780 1080 808 nos
1114 765 1284 821 quidem
1315 767 1445 808 nimis

103 826 241 867 multa
279 825 328 866 de
366 839 411 866 re
450 824 748 880 apertissuma.
811 824 987 867 Telamo
1027 827 1171 867 autem
1202 840 1286 867 uno
1318 840 1447 868 versu

102 885 244 926 locum
275 886 416 925 totum
449 883 631 939 conficit,
663 899 737 926 cur
769 884 811 925 di
841 883 1037 926 homines
1068 884 1321 940 neglegant:

192 964 317 1007 Nam
349 966 392 1007 si
423 969 618 1021 curent,
656 967 781 1008 bene
813 966 962 1008 bonis
996 966 1082 1020 sit,
1115 967 1244 1008 male
1275 967 1448 1022 malis3

880 1025 1011 1078 quod
1040 1027 1173 1067 nunc
1206 1025 1363 1067 abest.

51 1130 84 1156 15
103 1118 332 1160 Debebant
368 1118 435 1159 illi
467 1118 638 1172 quidem
671 1118 809 1159 omnis
841 1118 978 1160 bonos
1012 1118 1196 1173 efficere,
1235 1118 1447 1173 siquidem

102 1178 325 1219 hominum
370 1177 516 1232 generi
560 1176 852 1219 consulebant.
915 1175 990 1218 Sin
1033 1177 1077 1218 id
1116 1177 1276 1232 minus,
1320 1178 1446 1220 bonis

103 1236 274 1291 quidem
306 1239 420 1277 certe
452 1236 674 1277 consulere
707 1235 932 1278 debebant.
983 1234 1069 1278 Cur
1093 1236 1229 1291 igitur
1255 1237 1337 1278 duo
1361 1235 1447 1279 Sci—

101 1295 263 1350 piones,
292 1294 554 1336 fortissimos
587 1297 630 1336 et
662 1294 850 1349 optimos
881 1294 1010 1348 viros,
1041 1295 1086 1336 in
1111 1294 1325 1350 Hispania
1342 1295 1447 1338 Poe-

103 1368 182 1396 nus
210 1353 453 1409 oppressit?
480 1368 554 1395 cur
572 1352 786 1395 Maximus
812 1354 968 1394 extulit
987 1353 1126 1395 filium
1147 1355 1446 1397 consularem?

51 1425 85 1450 20
104 1427 177 1455 cur
208 1411 460 1454 Marcellum
491 1411 712 1454 Hannibal
742 1412 992 1454 interemit?
1025 1427 1099 1454 cur
1129 1412 1314 1455 Paulum
1340 1412 1447 1456 Can-

102 1486 182 1513 nae
214 1471 510 1513 sustulerunt‘?
543 1486 616 1513 cur
634 1470 878 1513 Poenorum
910 1471 1154 1514 crudelitati
1174 1471 1332 1528 Reguli
1358 1487 1447 1515 cor-

103 1545 184 1588 pus
216 1533 281 1572 est
312 1530 586 1586 praebitum?
619 1545 693 1572 cur
718 1529 971 1572 Africanum
1004 1531 1228 1573 domestici
1258 1531 1447 1586 parietes

102 1604 190 1632 non
219 1589 446 1631 texerunt?
491 1587 573 1630 Sed
603 1588 709 1631 haec
733 1591 881 1631 vetera
905 1592 949 1631 et
974 1589 1061 1631 alia
1084 1590 1321 1645 permulta3
1351 1605 1449 1645 pro—

103 1649 226 1703 piora
255 1648 488 1690 videamus.
545 1647 630 1690 Cur
662 1648 897 1690 avunculus
929 1662 1061 1702 meus,
1092 1648 1159 1690 vir
1189 1649 1449 1691 innocentis-

52 1718 86 1744 25
106 1721 250 1749 sumus
274 1707 472 1762 idemque
499 1707 797 1761 doctissumus,
828 1707 874 1748 P.
894 1706 1096 1762 Rutilius,
1127 1707 1174 1748 in
1199 1707 1325 1750 exilio
1352 1708 1447 1750 est‘?

105 1781 180 1808 cur
211 1766 370 1808 sodalis
403 1780 522 1808 meus
554 1765 805 1808 interfectus
839 1766 954 1808 domi
987 1780 1105 1820 suae,
1137 1764 1335 1808 Drusus?
1374 1781 1450 1809 cur

105 1825 417 1880 temperantiae
441 1824 776 1880 prudentiaeque
802 1825 1019 1880 specimen
1044 1827 1144 1866 ante
1170 1825 1449 1867 simulacrum

70 1924 78 1927 γ,
105 1883 264 1925 Vestae
295 1883 490 1939 pontifex
521 1883 734 1925 maximus
767 1886 834 1925 est
864 1882 912 1933 Q.
938 1882 1146 1926 Scaevola
1176 1884 1448 1926 trucidatus?

107 1956 182 1984 cur
219 1944 317 1984 ante
355 1943 484 1984 etiam
522 1945 591 1985 tot
626 1943 814 1984 civitatis
845 1942 1061 1998 principes
1094 1957 1120 1985 a
1151 1941 1289 1985 Cinna
1319 1943 1450 1985 inter-

54 2011 89 2037 30
108 2001 270 2056 empti?
302 2016 375 2043 cur
401 2002 591 2043 omnium
615 2001 1007 2057 perfidiosissimus,
1036 1999 1082 2044 G.
1102 2001 1278 2056 Marius,
1304 2001 1350 2051 Q.
1373 2001 1450 2044 Ca-

106 2059 265 2114 tulum,
307 2061 695 2115 praestantissuma
726 2060 938 2117 dignitate
968 2060 1126 2115 virum,
1164 2061 1274 2102 mori
1305 2061 1450 2116 potuit

1458 272 1516 313 32

1471 324 1515 354 ‘19

1472 1185 1519 1218 80

105 2118 280 2160 iubere?
340 2118 443 2160 Dies
476 2119 655 2174 deficiat,
689 2119 725 2160 si
755 2120 887 2161 velim
917 2134 1155 2174 numerare,
1188 2120 1343 2175 quibus
1375 2120 1448 2161 bo·
1473 2125 1519 2158 81

105 2176 173 2219 nis
199 2177 311 2219 male
337 2178 537 2233 evenerit,
566 2193 644 2220 nec
669 2178 822 2233 minus,
855 2178 892 2220 si
917 2193 1260 2232 commemorem,
1294 2178 1448 2233 quibus

107 2235 316 2291 improbis
348 2236 520 2291 optime.
571 2235 656 2279 Gur
688 2237 802 2279 enim
832 2236 994 2279 Marius
1026 2240 1118 2279 tam
1148 2237 1332 2279 feliciter
1359 2251 1451 2291 sep-

57 2303 90 2330 35
109 2293 264 2336 timum
296 2294 445 2337 consul
477 2294 593 2337 domi
623 2309 725 2337 suae
758 2310 886 2337 senex
912 2299 978 2338 est
1003 2296 1231 2349 mortuus?
1263 2310 1338 2337 cur
1363 2309 1451 2336 om-
