1685 2568
449 126 536 160 [ΑΒ.
564 124 626 160 IV.
655 123 756 159 CAP.
782 128 884 158 5—9.
910 128 929 166 ξ
955 128 1058 158 5-9.
1338 124 1420 165 357

85 221 257 263 homine
289 221 426 262 nobili
456 219 724 273 blanditiam,
757 219 1110 272 adsentationem,
1143 219 1424 260 ambitionem

85 279 115 334 †
134 294 273 320 meam
306 294 397 321 esse
429 278 631 321 levitatis.
681 278 808 331 (Non.
833 292 878 331 p.
903 280 997 320 194.
1028 279 1118 332 27.)

173 338 338 379 Intuere
372 338 594 391 paululum
628 338 737 389 ipsos
776 338 823 378 cle
860 350 903 378 re
935 337 1100 389 publica
1137 336 1276 386 libros,
1320 337 1426 377 uncle

85 396 204 438 illum
234 397 435 449 adfectum
465 396 740 437 amantissimi
765 396 862 437 civis
886 395 1052 445 ebibisti,
1082 396 1190 448 quod
1211 394 1351 436 nullus
1374 395 1428 436 sit

50 466 66 492 ⁵
77 457 244 509 patriae
286 455 516 497 consulendi
555 456 698 496 modus
733 458 806 495 aut
839 455 938 508 finis
975 454 1105 504 bonis,
1147 454 1322 506 intuere,
1365 453 1427 494 ob·

83 527 190 556 secro
223 517 268 565 te,
299 517 337 556 et
365 527 488 564 cerne,
519 514 685 566 quantis
715 514 773 554 ibi
804 513 993 555 laudibus
1020 513 1244 566 fruyalitas
1275 516 1312 553 et
1335 525 1427 553 con-

85 574 256 614 tinentia
298 573 557 626 praedicetur
604 575 642 614 et
690 586 784 625 crya
827 572 1037 626 coniuyale
1078 572 1286 613 vinculum
1327 571 1427 624 sides

83 633 275 684 castique,
312 631 466 673 honesti
502 644 550 672 ac
572 631 694 684 probi
724 644 864 673 mores.
914 629 1189 685 (Auyustinus
1219 631 1330 683 epist.
1361 633 1427 672 91.

87 693 115 732 3
141 690 186 732 T.
217 689 278 731 II
294 704 341 743 p.
370 692 459 733 223
489 690 662 744 Benecl.)

35 772 67 798 10
173 760 236 802 M.
270 760 433 802 suiuus
470 761 518 803 de
553 774 597 802 re
626 759 738 813 publ.
772 760 837 802 ub.
869 760 959 802 JV:
998 759 1221 814 Asinum,
1255 772 1332 800 nec
1363 772 1426 799 re·
1453 736 1478 818 ξ

86 833 182 860 rum
217 819 377 873 solum,
414 819 488 861 sed
520 819 749 860 verborum
782 819 912 860 etiam
946 819 1218 875 elegantiam.
1269 816 1314 859 Si
1345 816 1427 858 iur-

86 879 210 934 gant,
240 878 393 933 inquit.
442 877 749 919 Benivolorum
781 879 1056 932 concertatio,
1087 892 1174 919 non
1204 877 1258 918 lis
1290 876 1428 917 inimi-

86 951 246 991 corum,
276 937 465 993 iurgium
491 937 657 979 dicitur.
706 937 766 978 Et
789 938 834 978 in
859 938 1058 990 sequenti:
1089 936 1268 991 Iurgare
1294 935 1428 991 igitur

86 996 155 1037 lex
179 998 306 1051 putat
332 996 445 1037 inter
472 1010 516 1037 se
536 996 712 1048 vicinos,
737 1010 824 1037 non
844 996 1030 1051 litigare.
1062 994 1189 1048 (Non.
1196 1009 1241 1048 p.
1255 997 1338 1036 430
1351 994 1428 1046 sq.)

38 1078 70 1104 1⁵
177 1066 241 1108 M.
275 1066 437 1108 ,Tullius
476 1067 524 1108 de
559 1080 602 1108 re
630 1067 744 1119 publ.
783 1066 846 1108 lib.
878 1066 969 1107 IV:
1014 1066 1184 1107 eosdem
1221 1065 1428 1114 terminos
1461 1090 1467 1099 ..

84 1124 310 1167 hominum
343 1139 467 1166 curae
500 1127 629 1179 atque
661 1125 788 1179 vitae,
820 1125 880 1166 sic
912 1125 1132 1179 pontificio
1159 1125 1249 1165 iure
1276 1124 1427 1165 sancti-

85 1183 189 1225 tudo
223 1184 481 1239 sepulturae.
530 1184 659 1237 (Non.
684 1198 729 1237 p.
759 1187 854 1226 174.
885 1184 944 1238 5.)

173 1254 236 1296 M.
279 1253 441 1296 Tullius
483 1256 530 1296 de
571 1268 615 1296 re
645 1254 758 1308 publ.
798 1254 863 1296 lib.
901 1254 928 1295 1
938 1254 992 1295 V:
1038 1253 1151 1308 quod
1187 1254 1428 1309 insepultos

87 1312 364 1367 reliquissent
396 1327 480 1367 eos,
514 1327 619 1367 quos
652 1327 674 1355 e
705 1313 814 1354 mari
839 1315 1017 1367 propter
1043 1313 1131 1353 vim
1156 1313 1428 1368 tempestatis

33 1384 68 1410 20
86 1371 279 1426 excipere
310 1385 397 1413 non
428 1372 684 1426 potuissent,
714 1372 961 1413 innocentes
993 1372 1252 1414 necaverint.
1299 1372 1429 1425 (Non.

77 1445 122 1484 p.
152 1433 250 1473 293.
280 1431 341 1473 ,24
370 1430 510 1482 Mera,
541 1433 638 1473 293.
670 1434 726 1472 43
760 1431 920 1484 Quicli.)

174 1501 237 1543 M.
272 1501 433 1543 Tullius
463 1502 510 1543 de
539 1515 583 1542 rc
604 1501 717 1554 publ.
751 1501 815 1542 lib.
840 1501 931 1543 IV:
969 1516 1047 1544 nec
1083 1501 1128 1543 in
1158 1501 1240 1544 hae
1271 1501 1429 1543 dissen-

87 1559 208 1602 sione
246 1560 413 1616 suscepi
449 1560 600 1616 populi
638 1574 829 1615 causam,
867 1560 941 1602 sed
972 1561 1195 1603 bonorum.
1244 1561 1430 1614 (Nonius

35 1690 68 1716 25
177 1678 259 1720 Cic.
295 1679 342 1720 in
372 1678 448 1720 IV
477 1679 524 1721 de
558 1692 602 1720 re
631 1679 766 1732 publ:
810 1677 911 1721 Non
953 1678 1067 1720 enim
1103 1678 1230 1720 facile
1267 1678 1430 1720 valenti

89 1737 251 1792 populo
282 1737 512 1792 resistitur,
544 1738 581 1779 si
613 1740 687 1779 aut
718 1737 827 1779 nihil
859 1738 964 1780 iuris
995 1737 1219 1794 impertias
1252 1740 1327 1780 aut
1356 1752 1430 1793 pa-

87 1811 194 1837 rum.
244 1796 508 1850 (Priscianus
538 1796 632 1838 XV
654 1800 693 1838 4.
724 1800 783 1839 20
809 1811 851 1850 p.
884 1800 950 1839 76.
980 1800 1035 1839 14
1066 1797 1229 1851 Hertz.)

174 1866 238 1909 M
269 1867 431 1909 Tullius
460 1867 507 1909 cle
535 1880 579 1908 re
601 1868 713 1920 publ.
739 1868 805 1910 lib.
830 1867 863 1910 I
868 1867 924 1910 V:
957 1866 1037 1910 Cui
1063 1867 1235 1922 quidem
1259 1867 1428 1909 utinam

0 1921 2 1935 '
86 1939 186 1967 vere
223 1925 410 1968 fideliter
446 1925 478 1980 †
504 1926 761 1968 abundiente
800 1926 1114 1983 auguraverim.
1175 1926 1360 1980 (Nonius
1382 1941 1428 1980 p.

35 1987 182 2027 30469.
213 1985 300 2039 14.)

177 2043 358 2086 Frustra
387 2044 462 2087 hoc
490 2044 740 2087 exclamante
771 2044 974 2096 Cicerone,
1005 2046 1076 2098 qui
1106 2059 1197 2087 cum
1227 2045 1274 2086 cle
1295 2045 1429 2098 poetis
1454 2020 1479 2102 ἓ

87 2105 241 2156 ayeret:
278 2102 348 2145 Ad
385 2117 492 2158 quos
529 2118 627 2145 cum
664 2104 860 2159 accessit,
894 2105 1046 2157 inquit,
1083 2104 1247 2146 elamor
1284 2105 1327 2145 et
1360 2103 1428 2144 ad-

0 2208 2 2212 ,
87 2161 288 2216 probatio
328 2163 479 2218 populi
523 2162 646 2217 quasi
689 2163 836 2218 magni
876 2163 1096 2205 cuiusdam
1136 2165 1179 2204 et
1220 2162 1426 2217 sapientis

0 2215 3 2232 ²
89 2220 305 2276 magistri,
345 2235 450 2276 quas
481 2221 549 2262 illi
580 2221 798 2263 obducunt
829 2222 1047 2277 tenebras,
1080 2236 1187 2277 quos
1218 2220 1426 2262 invehunt

35 2289 70 2316 3⁵
89 2281 248 2334 metus,
292 2293 398 2334 quas
435 2280 706 2323 inflammant
743 2280 1019 2336 cupiditates!
1068 2281 1345 2336 (Auyustinus
1380 2280 1427 2320 cle

88 2339 158 2380 civ.
189 2339 254 2380 dei
283 2339 344 2380 II
368 2342 423 2380 14
454 2339 551 2395 ext.)
