1685 2568
381 84 470 120 LIB.
497 85 542 121 ΙΙ.
574 83 673 120 ΟΑΡ.
700 88 850 119 42-43,
876 87 896 126 ξ
923 87 1119 119 107—111.
1371 83 1427 125 85

86 177 411 234 Septentriones
444 182 588 222 autem
619 179 814 234 sequitur

144 238 520 305 Arctophylax,
551 250 706 305 vulgo
741 249 825 303 qui
857 248 1049 291 dicitur
1080 262 1190 289 esse
1222 246 1428 303 Bootes,

145 307 285 356 Quod
317 309 467 364 quasi
498 308 689 350 temoni
715 307 1010 349 adiunctam
1034 307 1430 407 prgicskenqluatit

102 436 225 492 Dein,
258 453 366 492 quae
398 440 645 492 sequuntur.
706 436 818 479 Huic
850 436 964 478 enim
995 434 1125 478 Booti
1436 443 1502 474 110

49 518 66 543 5
488 507 665 548 subter
696 507 1001 562 praecordia
1031 506 1138 547 fixa
1168 506 1373 548 videtur

145 564 312 608 Stella
337 566 527 608 micans
553 565 734 620 radiis,
766 566 1019 608 Arcturus
1043 565 1247 607 nomine
1274 566 1432 613 claro,

84 648 203 690 cuius
228 649 402 702 pedibus
433 648 627 690 subiecta
657 648 796 690 fertur

144 717 346 774 Spicum
390 718 613 760 inlustre
659 722 839 760 tenens
885 718 1432 819 splendentlirorpore

1189 791 1314 819 1r0·o.

0 839 2 862 ³
83 848 229 903 Atque
266 848 330 890 ita
368 848 577 890 dimetata
615 848 740 904 signa
778 850 895 903 sunt,
932 850 982 890 ut
1012 847 1058 890 in
1089 848 1226 890 tantis
1242 812 1433 904 Ddiscrip-
1447 846 1504 888 431

0 955 4 963 Ι
51 918 68 944 0
89 907 282 949 tionibus
317 907 462 948 divina
495 908 692 949 sollertia
724 909 948 963 appareat:

143 989 208 1030 Et
239 991 390 1031 natos
424 988 664 1032 Geminos
696 990 890 1031 invises
924 989 1014 1031 sub
1048 991 1201 1044 caput
1232 988 1391 1032 Arcti.

146 1047 419 1090 Subiectus
453 1049 752 1090 mediae'est
777 1047 986 1102 Cancer,
1018 1048 1336 1103 pedibusque
1362 1051 1433 1091 te-

1159 1110 1316 1148 netur

143 1164 358 1222 Magnus
402 1165 501 1207 Leo
545 1166 820 1207 tremulam
871 1165 1109 1220 quatiens
1154 1180 1176 1207 e
1221 1180 1433 1221 corpore

1038 1224 1314 1266 flammam.

85 1282 253 1339 Auriga

49 1365 66 1392 5
145 1352 244 1396 Sub
271 1354 413 1396 laeva
435 1352 762 1396 Geminorum
787 1354 1039 1397 obductus
1059 1357 1207 1410 parte
1226 1354 1434 1397 feretur.

144 1413 428 1455 Adversum
485 1415 636 1468 caput
691 1413 816 1456 huic
872 1413 1083 1456 Helicae
1136 1413 1435 1456 truculenta

145 1530 211 1572 At
243 1529 408 1586 Capra
439 1530 640 1573 laevum
671 1546 897 1573 umerum
930 1533 1070 1574 clara
1103 1474 1316 1574 ἒέὺθίῗὲῗ.

85 1612 208 1668 Tum,
242 1628 350 1668 quae
386 1616 639 1668 sequuntur:

144 1683 330 1726 Verum
367 1684 490 1727 haec
528 1687 606 1727 est
642 1699 826 1741 magno
860 1687 1012 1740 atque
1044 1684 1262 1726 inlustri
1292 1699 1434 1740 prae-

1009 1743 1118 1786 dita
1149 1744 1316 1800 signo,

53 1813 67 1840 0
144 1800 339 1845 Contra
381 1802 546 1845 Haedi
596 1802 834 1859 exiguum
882 1803 1080 1846 iaciunt
1123 1803 1434 1869 mortalibus

86 1917 218 1962 Cuius
251 1921 330 1963 sub
362 1921 544 1976 pedibus
1133 1875 1316 1918 Ignem·

144 1990 397 2047 Corniger
429 1994 508 2033 est
538 1991 712 2033 valido
745 1991 957 2034 conixus
984 2005 1199 2047 corpore
1226 1991 1435 2034 Taurus.

2 2093 22 2121 ra
82 2072 190 2116 Eius
222 2076 352 2129 caput
384 2073 522 2115 stellis
555 2088 833 2130 conspersum
865 2075 931 2116 est
961 2073 1279 2129 frequentibus:
1439 2082 1503 2114 111

142 2156 247 2199 Has
273 2155 455 2198 Graeci
487 2156 672 2198 stellas
698 2156 907 2211 Hyadas
939 2156 1174 2198 vocitare
1202 2158 1433 2210 suerunt,

0 2229 23 2299 'ue
58 2240 130 2293 ³[a
159 2240 365 2296 pluend03
397 2236 494 2282 ὕειν
528 2239 642 2282 em'm
674 2242 740 2282 est
770 2240 936 2295 pluere]
963 2239 1105 2282 nostri
1130 2239 1331 2294 imperite
1358 2236 1433 2280 Su-

84 2299 220 2355 culas‚
259 2298 382 2356 quasi
420 2314 445 2342 a
482 2299 614 2341 subus
647 2302 808 2353 essent,
843 2313 932 2341 non
964 2299 1018 2341 ab
1049 2298 1264 2340 imbribus
1296 2297 1432 2339 nomi-
