1685 2568
202 462 245 494 72

215 1816 258 1846 74

272 122 327 162 72
684 120 748 155 DE
775 120 977 155 NATURA
1000 119 1205 154 DEORUM

271 218 538 261 castissimus
565 219 694 272 atque
721 215 1016 258 sanctissimus
1042 215 1401 270 plenissimusque
1420 217 1607 272 pietatis,

270 280 319 320 ut
350 292 422 319 eos
456 291 622 331 semper
653 290 779 331 pura,
800 275 1003 329 integra,
1038 274 1287 328 incorrupta
1318 278 1360 316 et
1391 279 1533 318 mente
1566 280 1608 318 et

270 351 373 378 voce
405 348 666 377 veneremur.
727 331 827 375 Non
858 333 970 374 enim
1001 333 1249 387 philosophi
1279 334 1430 387 solum,
1461 350 1608 376 verum

272 396 403 437 etiam
435 394 619 435 maiores
649 392 789 434 nostri
821 392 1171 446 superstitionem
1203 406 1228 433 a
1258 392 1466 447 religione
1492 408 1610 448 sepa-

272 455 487 496 raverunt.
548 451 663 494 Nam
696 450 769 505 qui
799 453 917 491 totos
950 450 1038 492 dies
1069 450 1357 505 precabantur
1389 454 1431 492 et
1461 452 1609 494 imme*
1647 465 1661 491 5

271 513 440 565 labant,
483 512 533 552 ut
569 510 653 551 sibi
691 509 757 551 sui
794 509 920 550 liberi
952 509 1205 564 superstites
1238 512 1398 563 essent,
1439 525 1610 565 super-

273 569 475 612 stitiosi
518 571 618 611 sunt
661 568 889 623 appellati,
932 568 1045 623 quod
1083 583 1239 609 nomen
1278 569 1420 623 patuit
1460 572 1612 624 postea

272 629 422 683 latius,
472 628 545 683 qui
588 629 732 670 autem
777 626 937 681 omnia,
981 641 1087 681 quae
1132 627 1185 668 ad
1228 627 1391 668 cultum
1437 628 1611 670 deorum

273 688 556 744 pertinerent,
594 686 824 741 diligenter
860 688 1145 727 retractarent
1181 688 1224 727 et
1256 688 1478 741 tamquam
1510 688 1614 729 rele-

275 749 437 803 gerent,
462 748 563 787 sunt
589 745 692 787 dicti
717 744 957 800 religiosi
983 758 1033 785 ex
1057 744 1298 800 relegendo,
1324 748 1372 786 ut
1392 746 1611 801 elegantes
1634 760 1666 784 10

277 822 326 848 ex
365 804 580 861 eligendo,
619 818 668 845 ex
710 803 926 858 diligendo
959 803 1204 858 diligentes,
1243 819 1292 845 ex
1324 805 1613 860 intellegendo

274 865 588 919 intellegentes.
649 861 730 903 His
769 862 882 903 enim
918 861 963 903 in
999 861 1141 903 verbis
1176 863 1373 904 omnibus
1405 864 1518 905 inest
1549 864 1614 905 vis

276 923 446 979 legendi
484 921 648 974 eadem,
688 935 796 975 quae
827 921 872 962 in
902 920 1118 976 religioso.
1180 920 1249 962 Ita
1280 921 1442 963 factum
1475 925 1540 964 est
1571 923 1616 963 in

277 981 578 1037 superstitioso
606 983 649 1021 et
674 979 881 1035 religioso
909 980 1094 1021 alterum
1119 979 1215 1021 vitii
1239 995 1406 1035 nomen,
1432 981 1616 1022 alterum

277 1041 428 1083 laudis.
489 1039 553 1082 Ac
590 1039 697 1081 mihi
728 1039 875 1080 videor
907 1039 1012 1080 satis
1045 1041 1088 1079 et
1119 1053 1211 1079 esse
1244 1039 1362 1094 deos,
1394 1042 1437 1081 et
1469 1040 1616 1094 quales
1638 1052 1670 1078 15

278 1103 432 1153 essent,
466 1098 715 1140 ostendisse.

394 1158 644 1200 Proximum
688 1159 770 1210 est,
820 1159 869 1198 ut
913 1156 1086 1198 doceam
1131 1156 1306 1198 deorum
1349 1157 1619 1212 providentia

277 1217 484 1260 mundum
526 1215 830 1258 administrari.
891 1214 1074 1270 Magnus
1117 1230 1219 1257 sane
1260 1217 1378 1257 locus
1417 1219 1482 1257 est
1520 1219 1563 1258 et
1595 1231 1621 1257 a

277 1276 451 1331 vestris,
490 1274 638 1330 Cotta,
675 1277 871 1328 vexatus,
910 1289 958 1315 ac
994 1274 1197 1315 nimirum
1234 1275 1456 1316 vobiscum
1495 1290 1620 1316 omne

278 1338 495 1378 certamen
527 1337 603 1375 est.
664 1333 779 1375 Nam
810 1333 953 1387 vobis,
989 1332 1147 1388 Vellei,
1186 1333 1325 1374 minus
1356 1337 1509 1375 notum
1542 1336 1618 1388 est,
1639 1347 1672 1372 ρο

279 1409 406 1449 quem
439 1394 492 1435 ad
523 1392 697 1434 modum
731 1392 914 1446 quidque
948 1391 1131 1445 dicatur3
1163 1395 1308 1433 vestra
1340 1393 1453 1434 enim
1480 1393 1620 1434 solum

279 1453 444 1509 legitiS,
489 1454 634 1494 vestra
677 1451 851 1504 amatiS,
895 1453 1060 1492 ceteros
1101 1465 1230 1492 causa
1267 1451 1489 1506 incognita
1526 1467 1621 1494 con-

281 1511 505 1554 demnatis.
565 1510 698 1552 Velut
739 1525 764 1552 a
803 1512 846 1551 te
886 1509 980 1564 ipso
1021 1509 1223 1551 hesterno
1265 1510 1331 1551 die
1364 1511 1524 1552 dictum
1557 1513 1622 1552 est

281 1586 410 1613 anum
441 1569 663 1611 fatidicam
694 1566 912 1624 πρόνοιαν
945 1583 970 1610 a
996 1566 1150 1610 Stoicis
1182 1569 1335 1623 induci,
1367 1569 1411 1610 id
1437 1572 1502 1610 est
1528 1584 1622 1624 pro-

280 1630 527 1672 videntiam.
589 1628 712 1677 Quod
755 1642 804 1669 eo
850 1641 991 1669 errore
1036 1627 1200 1682 dixisti,
1245 1628 1345 1682 quia
1389 1628 1621 1669 existumas
1642 1638 1674 1664 25

282 1689 335 1731 ab
367 1689 420 1729 iis
453 1687 769 1743 providentiam
800 1686 908 1740 fingi
940 1686 1062 1740 quasi
1092 1687 1306 1741 quandam
1333 1687 1455 1728 deam
1482 1687 1623 1742 singu-

281 1749 435 1801 larem,
475 1762 582 1801 quae
615 1746 819 1787 mundum
853 1760 1022 1787 omnem
1055 1746 1264 1800 gubernet
1297 1749 1339 1787 et
1370 1748 1512 1801 regat,
1551 1746 1625 1787 sed

284 1807 327 1848 id
365 1806 555 1861 praecise
595 1805 761 1847 dicitur.
822 1803 901 1858 Ut,
939 1804 976 1845 si
1016 1805 1110 1858 quis
1151 1805 1263 1846 dicat
1295 1805 1624 1846 Atheniensium

282 1880 373 1907 rem
405 1865 623 1920 publicam
650 1863 828 1906 consilio
854 1863 959 1918 regi,
992 1863 1101 1904 desit
1128 1863 1236 1905 illud
1257 1863 1520 1919 eAreopagi',
1553 1864 1623 1917 sic,

283 1939 379 1966 cum
408 1923 586 1965 dicimus
613 1922 885 1978 providentia
910 1922 1115 1963 mundum
1142 1922 1447 1976 administrari,
1480 1922 1623 1963 deesse
1644 1933 1675 1958 3⁰

283 1982 494 2025 arbitrato
535 1981 768 2036 ‘deorum’3
806 1981 930 2035 plene
968 1984 1112 2022 autem
1152 1983 1194 2022 et
1231 1981 1419 2035 perfecte
1452 1981 1512 2023 sic
1544 1981 1626 2022 dici

284 2041 548 2083 existimato:
581 2040 851 2095 providentia
884 2040 1058 2081 deorum
1090 2040 1292 2081 mundum
1323 2040 1625 2081 administrari.

282 2100 352 2142 Ita
385 2100 518 2141 salem
550 2100 694 2153 istum,
727 2113 810 2152 quo
843 2102 960 2140 caret
988 2101 1133 2139 vestra
1158 2099 1291 2153 natio,
1324 2097 1368 2138 in
1394 2099 1626 2139 inridendis

282 2159 408 2201 nobis
440 2158 623 2199 nolitote
656 2165 915 2211 consumere,
948 2160 990 2198 et
1016 2157 1241 2212 mehercle,
1274 2158 1310 2198 si
1336 2173 1403 2199 me
1430 2157 1626 2210 audiatis,

283 2233 336 2260 ne
378 2217 658 2272 experiamini
700 2216 889 2270 quidcm;
932 2231 1019 2257 non
1060 2216 1196 2270 decet,
1239 2231 1326 2258 non
1364 2217 1512 2257 datum
1551 2219 1626 2270 est,
1645 2226 1675 2252 35

282 2291 369 2318 non
410 2272 604 2331 potestis.
672 2274 762 2316 Nec
805 2289 905 2316 vero
947 2275 1028 2316 hoc
1072 2274 1117 2316 in
1159 2278 1202 2316 te
1241 2275 1458 2325 convenit,
1496 2290 1627 2316 unum

284 2335 476 2377 moribus
509 2334 754 2376 domesticis
783 2348 831 2375 ac
856 2336 1103 2374 nostrorum
1131 2334 1353 2376 hominum
1383 2334 1628 2375 urbanitate
1684 2334 1685 2379 ζ

1683 2440 1685 2460 ῐ

1683 2461 1684 2484 l

1682 2485 1684 2506 1

1683 2515 1684 2529 1
