<?xml version="1.0" encoding="UTF-8"?>
<!DOCTYPE html PUBLIC "-//W3C//DTD XHTML 1.0 Transitional//EN"
    "http://www.w3.org/TR/xhtml1/DTD/xhtml1-transitional.dtd">
<html xmlns="http://www.w3.org/1999/xhtml" xml:lang="en" lang="en">
 <head>
  <title>
</title>
<meta http-equiv="Content-Type" content="text/html;charset=utf-8" />
  <meta name='ocr-system' content='tesseract 3.04.00' />
  <meta name='ocr-capabilities' content='ocr_page ocr_carea ocr_par ocr_line ocrx_word'/>
</head>
<body>
  <div class='ocr_page' id='page_1' title='image "./p2scriptaquaemanse04ciceuoft_0234.png"; bbox 0 0 1685 2568; ppageno 0'>
   <div class='ocr_carea' id='block_1_1' title="bbox 258 61 1131 102">
    <p class='ocr_par' dir='ltr' id='par_1_1' title="bbox 258 61 1131 102">
     <span class='ocr_line' id='line_1_1' title="bbox 258 61 1131 102; baseline -0.009 0"><span class='ocrx_word' id='word_1_1' title='bbox 258 61 342 102; x_wconf 83' lang='grc'><strong>182</strong></span> <span class='ocrx_word' id='word_1_2' title='bbox 721 61 785 95; x_wconf 91' lang='lat' dir='ltr'>DE</span> <span class='ocrx_word' id='word_1_3' title='bbox 809 61 1131 96; x_wconf 75' lang='lat' dir='ltr'><strong>DIVINATIONE</strong></span> 
     </span>
    </p>
   </div>
   <div class='ocr_carea' id='block_1_2' title="bbox 189 156 1663 2263">
    <p class='ocr_par' dir='ltr' id='par_1_2' title="bbox 189 156 1663 2263">
     <span class='ocr_line' id='line_1_2' title="bbox 255 156 1597 213; baseline 0.001 -15"><span class='ocrx_word' id='word_1_4' title='bbox 255 157 378 198; x_wconf 90' lang='lat' dir='ltr'>initio</span> <span class='ocrx_word' id='word_1_5' title='bbox 410 157 515 198; x_wconf 89' lang='lat' dir='ltr'>belli</span> <span class='ocrx_word' id='word_1_6' title='bbox 539 156 713 198; x_wconf 76' lang='lat' dir='ltr'>Marsici</span> <span class='ocrx_word' id='word_1_7' title='bbox 745 159 788 198; x_wconf 88' lang='lat' dir='ltr'>et</span> <span class='ocrx_word' id='word_1_8' title='bbox 820 157 995 199; x_wconf 89' lang='lat' dir='ltr'>deorum</span> <span class='ocrx_word' id='word_1_9' title='bbox 1028 157 1258 199; x_wconf 87' lang='lat' dir='ltr'>simulacra</span> <span class='ocrx_word' id='word_1_10' title='bbox 1290 158 1521 213; x_wconf 82' lang='lat' dir='ltr'><strong>sudavisse,</strong></span> <span class='ocrx_word' id='word_1_11' title='bbox 1553 160 1597 200; x_wconf 81' lang='lat' dir='ltr'>et</span> 
     </span>
     <span class='ocr_line' id='line_1_3' title="bbox 258 215 1595 271; baseline 0.002 -15"><span class='ocrx_word' id='word_1_12' title='bbox 258 216 510 271; x_wconf 81' lang='lat' dir='ltr'>sanguinem</span> <span class='ocrx_word' id='word_1_13' title='bbox 536 215 720 270; x_wconf 84' lang='lat' dir='ltr'>fluxisse,</span> <span class='ocrx_word' id='word_1_14' title='bbox 746 218 789 256; x_wconf 90' lang='lat' dir='ltr'>et</span> <span class='ocrx_word' id='word_1_15' title='bbox 816 215 1060 257; x_wconf 80' lang='lat' dir='ltr'>discessisse</span> <span class='ocrx_word' id='word_1_16' title='bbox 1087 216 1263 270; x_wconf 90' lang='lat' dir='ltr'>caelum,</span> <span class='ocrx_word' id='word_1_17' title='bbox 1290 218 1333 257; x_wconf 86' lang='lat' dir='ltr'>et</span> <span class='ocrx_word' id='word_1_18' title='bbox 1358 231 1408 257; x_wconf 85' lang='lat' dir='ltr'>ex</span> <span class='ocrx_word' id='word_1_19' title='bbox 1429 217 1595 259; x_wconf 85' lang='lat' dir='ltr'>occulto</span> 
     </span>
     <span class='ocr_line' id='line_1_4' title="bbox 258 274 1598 330; baseline 0.001 -15"><span class='ocrx_word' id='word_1_20' title='bbox 258 275 426 316; x_wconf 89' lang='lat' dir='ltr'>auditas</span> <span class='ocrx_word' id='word_1_21' title='bbox 459 288 551 315; x_wconf 90' lang='lat' dir='ltr'>esse</span> <span class='ocrx_word' id='word_1_22' title='bbox 582 288 719 329; x_wconf 86' lang='lat' dir='ltr'>voces,</span> <span class='ocrx_word' id='word_1_23' title='bbox 753 289 860 328; x_wconf 88' lang='lat' dir='ltr'>quae</span> <span class='ocrx_word' id='word_1_24' title='bbox 891 274 1081 328; x_wconf 88' lang='lat' dir='ltr'>pericula</span> <span class='ocrx_word' id='word_1_25' title='bbox 1111 274 1217 315; x_wconf 89' lang='lat' dir='ltr'>belli</span> <span class='ocrx_word' id='word_1_26' title='bbox 1247 274 1515 330; x_wconf 72' lang='lat' dir='ltr'>nuntiarent,</span> <span class='ocrx_word' id='word_1_27' title='bbox 1555 278 1598 316; x_wconf 91' lang='lat' dir='ltr'>et</span> 
     </span>
     <span class='ocr_line' id='line_1_5' title="bbox 255 332 1597 387; baseline 0.001 -13"><span class='ocrx_word' id='word_1_28' title='bbox 255 332 439 374; x_wconf 87' lang='lat' dir='ltr'>Lanuvii</span> <span class='ocrx_word' id='word_1_29' title='bbox 464 332 636 387; x_wconf 82' lang='lat' dir='ltr'>clipeos,</span> <span class='ocrx_word' id='word_1_30' title='bbox 664 332 776 387; x_wconf 89' lang='lat' dir='ltr'>quod</span> <span class='ocrx_word' id='word_1_31' title='bbox 801 332 1101 387; x_wconf 80' lang='lat' dir='ltr'>haruspicibus</span> <span class='ocrx_word' id='word_1_32' title='bbox 1125 332 1437 375; x_wconf 71' lang='lat' dir='ltr'>tristissumum</span> <span class='ocrx_word' id='word_1_33' title='bbox 1457 334 1597 375; x_wconf 85' lang='lat' dir='ltr'>visum</span> 
     </span>
     <span class='ocr_line' id='line_1_6' title="bbox 189 390 1634 446; baseline -0.001 -16"><span class='ocrx_word' id='word_1_34' title='bbox 189 400 255 431; x_wconf 91' lang='grc'>100</span> <span class='ocrx_word' id='word_1_35' title='bbox 271 394 394 445; x_wconf 89' lang='lat' dir='ltr'>esset,</span> <span class='ocrx_word' id='word_1_36' title='bbox 427 406 452 432; x_wconf 91' lang='lat' dir='ltr'>a</span> <span class='ocrx_word' id='word_1_37' title='bbox 482 391 675 432; x_wconf 86' lang='lat' dir='ltr'>muribus</span> <span class='ocrx_word' id='word_1_38' title='bbox 708 405 800 432; x_wconf 89' lang='lat' dir='ltr'>esse</span> <span class='ocrx_word' id='word_1_39' title='bbox 833 391 1018 432; x_wconf 86' lang='lat' dir='ltr'>derosos.</span> <span class='ocrx_word' id='word_1_40' title='bbox 1075 390 1196 445; x_wconf 82' lang='lat' dir='ltr'>Quid,</span> <span class='ocrx_word' id='word_1_41' title='bbox 1229 391 1342 446; x_wconf 88' lang='lat' dir='ltr'>quod</span> <span class='ocrx_word' id='word_1_42' title='bbox 1366 392 1411 432; x_wconf 90' lang='grc'>111</span> <span class='ocrx_word' id='word_1_43' title='bbox 1437 392 1634 434; x_wconf 81' lang='lat' dir='ltr'>annali-5</span> 
     </span>
     <span class='ocr_line' id='line_1_7' title="bbox 257 449 1599 505; baseline 0.001 -14"><span class='ocrx_word' id='word_1_44' title='bbox 257 452 337 491; x_wconf 87' lang='lat' dir='ltr'>bus</span> <span class='ocrx_word' id='word_1_45' title='bbox 370 450 578 491; x_wconf 87' lang='lat' dir='ltr'>habemus</span> <span class='ocrx_word' id='word_1_46' title='bbox 610 449 783 490; x_wconf 86' lang='lat' dir='ltr'>Veienti</span> <span class='ocrx_word' id='word_1_47' title='bbox 814 449 942 503; x_wconf 85' lang='lat' dir='ltr'>bello,</span> <span class='ocrx_word' id='word_1_48' title='bbox 974 464 1070 491; x_wconf 88' lang='lat' dir='ltr'>cum</span> <span class='ocrx_word' id='word_1_49' title='bbox 1102 450 1219 491; x_wconf 88' lang='lat' dir='ltr'>lacus</span> <span class='ocrx_word' id='word_1_50' title='bbox 1252 449 1448 492; x_wconf 89' lang='lat' dir='ltr'>Albanus</span> <span class='ocrx_word' id='word_1_51' title='bbox 1479 465 1599 505; x_wconf 89' lang='lat' dir='ltr'>prae-</span> 
     </span>
     <span class='ocr_line' id='line_1_8' title="bbox 257 507 1600 562; baseline 0.001 -13"><span class='ocrx_word' id='word_1_52' title='bbox 257 512 323 550; x_wconf 84' lang='lat' dir='ltr'>ter</span> <span class='ocrx_word' id='word_1_53' title='bbox 360 508 535 550; x_wconf 90' lang='lat' dir='ltr'>modum</span> <span class='ocrx_word' id='word_1_54' title='bbox 575 508 796 562; x_wconf 75' lang='lat' dir='ltr'>crevisset,</span> <span class='ocrx_word' id='word_1_55' title='bbox 832 507 1058 549; x_wconf 85' lang='lat' dir='ltr'>Veientem</span> <span class='ocrx_word' id='word_1_56' title='bbox 1091 509 1301 562; x_wconf 84' lang='lat' dir='ltr'>quendam</span> <span class='ocrx_word' id='word_1_57' title='bbox 1333 509 1386 550; x_wconf 92' lang='lat' dir='ltr'>ad</span> <span class='ocrx_word' id='word_1_58' title='bbox 1416 524 1495 551; x_wconf 91' lang='lat' dir='ltr'>nos</span> <span class='ocrx_word' id='word_1_59' title='bbox 1525 509 1600 551; x_wconf 89' lang='lat' dir='ltr'>ho-</span> 
     </span>
     <span class='ocr_line' id='line_1_9' title="bbox 258 566 1599 622; baseline 0.001 -14"><span class='ocrx_word' id='word_1_60' title='bbox 258 568 417 609; x_wconf 87' lang='lat' dir='ltr'>minem</span> <span class='ocrx_word' id='word_1_61' title='bbox 454 567 644 609; x_wconf 88' lang='lat' dir='ltr'>nobilem</span> <span class='ocrx_word' id='word_1_62' title='bbox 681 566 939 622; x_wconf 81' lang='lat' dir='ltr'>perfugisse,</span> <span class='ocrx_word' id='word_1_63' title='bbox 984 581 1163 621; x_wconf 87' lang='lat' dir='ltr'>eumque</span> <span class='ocrx_word' id='word_1_64' title='bbox 1202 567 1358 609; x_wconf 86' lang='lat' dir='ltr'>dixisse</span> <span class='ocrx_word' id='word_1_65' title='bbox 1397 582 1446 609; x_wconf 88' lang='lat' dir='ltr'>ex</span> <span class='ocrx_word' id='word_1_66' title='bbox 1483 567 1599 622; x_wconf 84' lang='lat' dir='ltr'>fatis,</span> 
     </span>
     <span class='ocr_line' id='line_1_10' title="bbox 259 625 1598 681; baseline -0.001 -13"><span class='ocrx_word' id='word_1_67' title='bbox 259 641 367 680; x_wconf 78' lang='lat' dir='ltr'>quae</span> <span class='ocrx_word' id='word_1_68' title='bbox 386 625 588 667; x_wconf 85' lang='lat' dir='ltr'>Veientes</span> <span class='ocrx_word' id='word_1_69' title='bbox 622 625 783 679; x_wconf 86' lang='lat' dir='ltr'>scripta</span> <span class='ocrx_word' id='word_1_70' title='bbox 814 625 1034 680; x_wconf 89' lang='lat' dir='ltr'>haberent,</span> <span class='ocrx_word' id='word_1_71' title='bbox 1065 625 1196 667; x_wconf 88' lang='lat' dir='ltr'>Veios</span> <span class='ocrx_word' id='word_1_72' title='bbox 1228 626 1324 681; x_wconf 89' lang='lat' dir='ltr'>capi</span> <span class='ocrx_word' id='word_1_73' title='bbox 1348 640 1435 668; x_wconf 91' lang='lat' dir='ltr'>non</span> <span class='ocrx_word' id='word_1_74' title='bbox 1460 641 1598 681; x_wconf 87' lang='lat' dir='ltr'>posse,</span> 
     </span>
     <span class='ocr_line' id='line_1_11' title="bbox 260 684 1657 740; baseline 0 -14"><span class='ocrx_word' id='word_1_75' title='bbox 260 686 360 726; x_wconf 85' lang='lat' dir='ltr'>dum</span> <span class='ocrx_word' id='word_1_76' title='bbox 397 685 515 726; x_wconf 86' lang='lat' dir='ltr'>lacus</span> <span class='ocrx_word' id='word_1_77' title='bbox 552 684 589 725; x_wconf 90' lang='lat' dir='ltr'>is</span> <span class='ocrx_word' id='word_1_78' title='bbox 627 684 902 737; x_wconf 81' lang='lat' dir='ltr'>redundaret,</span> <span class='ocrx_word' id='word_1_79' title='bbox 940 686 1000 738; x_wconf 92' lang='lat' dir='ltr'>et,</span> <span class='ocrx_word' id='word_1_80' title='bbox 1041 684 1078 725; x_wconf 89' lang='lat' dir='ltr'>si</span> <span class='ocrx_word' id='word_1_81' title='bbox 1109 685 1227 726; x_wconf 88' lang='lat' dir='ltr'>lacus</span> <span class='ocrx_word' id='word_1_82' title='bbox 1260 684 1441 726; x_wconf 87' lang='lat' dir='ltr'>emissus</span> <span class='ocrx_word' id='word_1_83' title='bbox 1474 686 1598 740; x_wconf 87' lang='lat' dir='ltr'>lapsu</span> <span class='ocrx_word' id='word_1_84' title='bbox 1620 696 1657 722; x_wconf 73' lang='grc' dir='ltr'>ιο</span> 
     </span>
     <span class='ocr_line' id='line_1_12' title="bbox 260 742 1599 799; baseline 0 -14"><span class='ocrx_word' id='word_1_85' title='bbox 260 747 302 785; x_wconf 91' lang='lat' dir='ltr'>et</span> <span class='ocrx_word' id='word_1_86' title='bbox 329 758 454 785; x_wconf 86' lang='lat' dir='ltr'>cursu</span> <span class='ocrx_word' id='word_1_87' title='bbox 480 757 556 784; x_wconf 94' lang='lat' dir='ltr'>suo</span> <span class='ocrx_word' id='word_1_88' title='bbox 584 742 638 784; x_wconf 88' lang='lat' dir='ltr'>ad</span> <span class='ocrx_word' id='word_1_89' title='bbox 663 757 781 783; x_wconf 89' lang='lat' dir='ltr'>mare</span> <span class='ocrx_word' id='word_1_90' title='bbox 805 742 1092 797; x_wconf 86' lang='lat' dir='ltr'>profluxisset,</span> <span class='ocrx_word' id='word_1_91' title='bbox 1124 743 1411 798; x_wconf 82' lang='lat' dir='ltr'>perniciosum</span> <span class='ocrx_word' id='word_1_92' title='bbox 1438 744 1599 799; x_wconf 88' lang='lat' dir='ltr'>populo</span> 
     </span>
     <span class='ocr_line' id='line_1_13' title="bbox 259 801 1601 857; baseline -0.001 -13"><span class='ocrx_word' id='word_1_93' title='bbox 259 803 474 855; x_wconf 80' lang='lat' dir='ltr'>Romano3</span> <span class='ocrx_word' id='word_1_94' title='bbox 508 801 573 842; x_wconf 90' lang='lat' dir='ltr'>sin</span> <span class='ocrx_word' id='word_1_95' title='bbox 600 803 744 842; x_wconf 85' lang='lat' dir='ltr'>autem</span> <span class='ocrx_word' id='word_1_96' title='bbox 769 801 832 842; x_wconf 88' lang='lat' dir='ltr'>ita</span> <span class='ocrx_word' id='word_1_97' title='bbox 858 803 971 842; x_wconf 87' lang='lat' dir='ltr'>esset</span> <span class='ocrx_word' id='word_1_98' title='bbox 998 801 1186 855; x_wconf 89' lang='lat' dir='ltr'>eductus,</span> <span class='ocrx_word' id='word_1_99' title='bbox 1211 805 1260 842; x_wconf 91' lang='lat' dir='ltr'>ut</span> <span class='ocrx_word' id='word_1_100' title='bbox 1285 803 1338 843; x_wconf 87' lang='lat' dir='ltr'>ad</span> <span class='ocrx_word' id='word_1_101' title='bbox 1364 816 1482 844; x_wconf 86' lang='lat' dir='ltr'>mare</span> <span class='ocrx_word' id='word_1_102' title='bbox 1508 816 1601 857; x_wconf 90' lang='lat' dir='ltr'>per-</span> 
     </span>
     <span class='ocr_line' id='line_1_14' title="bbox 259 860 1599 915; baseline -0.001 -13"><span class='ocrx_word' id='word_1_103' title='bbox 259 861 404 903; x_wconf 81' lang='lat' dir='ltr'>venire</span> <span class='ocrx_word' id='word_1_104' title='bbox 435 875 522 901; x_wconf 91' lang='lat' dir='ltr'>non</span> <span class='ocrx_word' id='word_1_105' title='bbox 553 862 712 914; x_wconf 82' lang='lat' dir='ltr'>posset,</span> <span class='ocrx_word' id='word_1_106' title='bbox 744 862 837 901; x_wconf 84' lang='lat' dir='ltr'>tum</span> <span class='ocrx_word' id='word_1_107' title='bbox 869 860 1058 901; x_wconf 88' lang='lat' dir='ltr'>salutare</span> <span class='ocrx_word' id='word_1_108' title='bbox 1084 860 1245 902; x_wconf 86' lang='lat' dir='ltr'>nostris</span> <span class='ocrx_word' id='word_1_109' title='bbox 1270 860 1392 902; x_wconf 78' lang='lat' dir='ltr'>fore?</span> <span class='ocrx_word' id='word_1_110' title='bbox 1423 860 1489 902; x_wconf 85' lang='lat' dir='ltr'>Ex</span> <span class='ocrx_word' id='word_1_111' title='bbox 1516 875 1599 915; x_wconf 88' lang='lat' dir='ltr'>quo</span> 
     </span>
     <span class='ocr_line' id='line_1_15' title="bbox 260 918 1600 973; baseline -0.001 -12"><span class='ocrx_word' id='word_1_112' title='bbox 260 920 338 961; x_wconf 88' lang='lat' dir='ltr'>illa</span> <span class='ocrx_word' id='word_1_113' title='bbox 371 919 638 960; x_wconf 86' lang='lat' dir='ltr'>admirabilis</span> <span class='ocrx_word' id='word_1_114' title='bbox 671 933 697 960; x_wconf 91' lang='lat' dir='ltr'>a</span> <span class='ocrx_word' id='word_1_115' title='bbox 728 918 963 959; x_wconf 88' lang='lat' dir='ltr'>maioribus</span> <span class='ocrx_word' id='word_1_116' title='bbox 996 918 1192 960; x_wconf 87' lang='lat' dir='ltr'>Albanae</span> <span class='ocrx_word' id='word_1_117' title='bbox 1224 933 1359 973; x_wconf 87' lang='lat' dir='ltr'>aquae</span> <span class='ocrx_word' id='word_1_118' title='bbox 1389 919 1508 960; x_wconf 85' lang='lat' dir='ltr'>facta</span> <span class='ocrx_word' id='word_1_119' title='bbox 1534 920 1600 960; x_wconf 90' lang='lat' dir='ltr'>de-</span> 
     </span>
     <span class='ocr_line' id='line_1_16' title="bbox 261 976 1654 1033; baseline -0.001 -13"><span class='ocrx_word' id='word_1_120' title='bbox 261 979 403 1020; x_wconf 89' lang='lat' dir='ltr'>ductio</span> <span class='ocrx_word' id='word_1_121' title='bbox 443 980 519 1019; x_wconf 90' lang='lat' dir='ltr'>est.</span> <span class='ocrx_word' id='word_1_122' title='bbox 576 976 684 1019; x_wconf 86' lang='lat' dir='ltr'>Cum</span> <span class='ocrx_word' id='word_1_123' title='bbox 722 980 865 1019; x_wconf 87' lang='lat' dir='ltr'>autem</span> <span class='ocrx_word' id='word_1_124' title='bbox 896 976 1098 1018; x_wconf 87' lang='lat' dir='ltr'>Veientes</span> <span class='ocrx_word' id='word_1_125' title='bbox 1135 978 1251 1019; x_wconf 90' lang='lat' dir='ltr'>bello</span> <span class='ocrx_word' id='word_1_126' title='bbox 1288 977 1392 1019; x_wconf 80' lang='lat' dir='ltr'>fessi</span> <span class='ocrx_word' id='word_1_127' title='bbox 1429 977 1601 1033; x_wconf 83' lang='lat' dir='ltr'>legatos</span> <span class='ocrx_word' id='word_1_128' title='bbox 1621 988 1654 1014; x_wconf 88' lang='lat'>15</span> 
     </span>
     <span class='ocr_line' id='line_1_17' title="bbox 261 1036 1602 1091; baseline -0.001 -12"><span class='ocrx_word' id='word_1_129' title='bbox 261 1038 315 1079; x_wconf 86' lang='lat' dir='ltr'>ad</span> <span class='ocrx_word' id='word_1_130' title='bbox 354 1039 549 1079; x_wconf 89' lang='lat' dir='ltr'>senatum</span> <span class='ocrx_word' id='word_1_131' title='bbox 581 1036 820 1091; x_wconf 87' lang='lat' dir='ltr'>misissent,</span> <span class='ocrx_word' id='word_1_132' title='bbox 857 1039 950 1077; x_wconf 91' lang='lat' dir='ltr'>tum</span> <span class='ocrx_word' id='word_1_133' title='bbox 982 1051 1031 1077; x_wconf 88' lang='lat' dir='ltr'>ex</span> <span class='ocrx_word' id='word_1_134' title='bbox 1062 1036 1115 1077; x_wconf 88' lang='lat' dir='ltr'>iis</span> <span class='ocrx_word' id='word_1_135' title='bbox 1149 1036 1322 1090; x_wconf 87' lang='lat' dir='ltr'>quidam</span> <span class='ocrx_word' id='word_1_136' title='bbox 1355 1036 1511 1077; x_wconf 82' lang='lat' dir='ltr'>dixisse</span> <span class='ocrx_word' id='word_1_137' title='bbox 1545 1036 1602 1077; x_wconf 91' lang='lat' dir='ltr'>di-</span> 
     </span>
     <span class='ocr_line' id='line_1_18' title="bbox 261 1095 1661 1150; baseline -0.001 -13"><span class='ocrx_word' id='word_1_138' title='bbox 261 1097 371 1138; x_wconf 89' lang='lat' dir='ltr'>citur</span> <span class='ocrx_word' id='word_1_139' title='bbox 402 1111 489 1137; x_wconf 89' lang='lat' dir='ltr'>non</span> <span class='ocrx_word' id='word_1_140' title='bbox 518 1095 662 1137; x_wconf 89' lang='lat' dir='ltr'>omnia</span> <span class='ocrx_word' id='word_1_141' title='bbox 687 1095 811 1136; x_wconf 89' lang='lat' dir='ltr'>illum</span> <span class='ocrx_word' id='word_1_142' title='bbox 838 1095 1110 1150; x_wconf 80' lang='lat' dir='ltr'>transfugam</span> <span class='ocrx_word' id='word_1_143' title='bbox 1138 1110 1288 1136; x_wconf 90' lang='lat' dir='ltr'>ausum</span> <span class='ocrx_word' id='word_1_144' title='bbox 1315 1110 1407 1136; x_wconf 91' lang='lat' dir='ltr'>esse</span> <span class='ocrx_word' id='word_1_145' title='bbox 1433 1095 1603 1136; x_wconf 88' lang='lat' dir='ltr'>senatui</span> <span class='ocrx_word' id='word_1_146' title='bbox 1658 1118 1661 1122; x_wconf 50' lang='lat'><strong><em>⁴</em></strong></span> 
     </span>
     <span class='ocr_line' id='line_1_19' title="bbox 262 1153 1602 1209; baseline -0.001 -13"><span class='ocrx_word' id='word_1_147' title='bbox 262 1155 418 1209; x_wconf 81' lang='lat' dir='ltr'>dicere3</span> <span class='ocrx_word' id='word_1_148' title='bbox 449 1155 494 1196; x_wconf 90' lang='lat' dir='ltr'>in</span> <span class='ocrx_word' id='word_1_149' title='bbox 525 1154 661 1195; x_wconf 89' lang='lat' dir='ltr'>isdem</span> <span class='ocrx_word' id='word_1_150' title='bbox 694 1154 806 1195; x_wconf 90' lang='lat' dir='ltr'>enim</span> <span class='ocrx_word' id='word_1_151' title='bbox 838 1154 942 1195; x_wconf 83' lang='lat' dir='ltr'>fatis</span> <span class='ocrx_word' id='word_1_152' title='bbox 975 1154 1182 1209; x_wconf 87' lang='lat' dir='ltr'>scriptum</span> <span class='ocrx_word' id='word_1_153' title='bbox 1207 1153 1409 1195; x_wconf 88' lang='lat' dir='ltr'>Veientes</span> <span class='ocrx_word' id='word_1_154' title='bbox 1441 1153 1602 1195; x_wconf 89' lang='lat' dir='ltr'>habere</span> 
     </span>
     <span class='ocr_line' id='line_1_20' title="bbox 261 1212 1602 1267; baseline -0.001 -12"><span class='ocrx_word' id='word_1_155' title='bbox 261 1214 353 1256; x_wconf 86' lang='lat' dir='ltr'>fore</span> <span class='ocrx_word' id='word_1_156' title='bbox 384 1216 433 1255; x_wconf 87' lang='lat' dir='ltr'>ut</span> <span class='ocrx_word' id='word_1_157' title='bbox 464 1213 585 1255; x_wconf 85' lang='lat' dir='ltr'>brevi</span> <span class='ocrx_word' id='word_1_158' title='bbox 617 1228 643 1254; x_wconf 93' lang='lat' dir='ltr'>a</span> <span class='ocrx_word' id='word_1_159' title='bbox 675 1212 812 1254; x_wconf 82' lang='lat' dir='ltr'>Gallis</span> <span class='ocrx_word' id='word_1_160' title='bbox 844 1212 984 1254; x_wconf 88' lang='lat' dir='ltr'>Roma</span> <span class='ocrx_word' id='word_1_161' title='bbox 1016 1215 1251 1267; x_wconf 86' lang='lat' dir='ltr'>caperetur,</span> <span class='ocrx_word' id='word_1_162' title='bbox 1287 1213 1398 1267; x_wconf 86' lang='lat' dir='ltr'>quod</span> <span class='ocrx_word' id='word_1_163' title='bbox 1431 1212 1602 1267; x_wconf 88' lang='lat' dir='ltr'>quidem</span> 
     </span>
     <span class='ocr_line' id='line_1_21' title="bbox 263 1270 1656 1327; baseline -0.001 -13"><span class='ocrx_word' id='word_1_164' title='bbox 263 1272 462 1314; x_wconf 82' lang='lat' dir='ltr'>sexennio</span> <span class='ocrx_word' id='word_1_165' title='bbox 494 1274 595 1327; x_wconf 90' lang='lat' dir='ltr'>post</span> <span class='ocrx_word' id='word_1_166' title='bbox 625 1270 756 1313; x_wconf 92' lang='lat' dir='ltr'>Veios</span> <span class='ocrx_word' id='word_1_167' title='bbox 789 1274 937 1326; x_wconf 88' lang='lat' dir='ltr'>captos</span> <span class='ocrx_word' id='word_1_168' title='bbox 969 1271 1131 1313; x_wconf 83' lang='lat' dir='ltr'>factum</span> <span class='ocrx_word' id='word_1_169' title='bbox 1163 1286 1255 1313; x_wconf 92' lang='lat' dir='ltr'>esse</span> <span class='ocrx_word' id='word_1_170' title='bbox 1286 1272 1491 1312; x_wconf 88' lang='lat' dir='ltr'>videmus.</span> <span class='ocrx_word' id='word_1_171' title='bbox 1622 1282 1656 1308; x_wconf 80' lang='lat'>2⁰</span> 
     </span>
     <span class='ocr_line' id='line_1_22' title="bbox 352 1329 1601 1386; baseline -0.001 -14"><span class='ocrx_word' id='word_1_172' title='bbox 352 1330 487 1386; x_wconf 79' lang='lat' dir='ltr'>Saepe</span> <span class='ocrx_word' id='word_1_173' title='bbox 520 1330 650 1372; x_wconf 87' lang='lat' dir='ltr'>etiam</span> <span class='ocrx_word' id='word_1_174' title='bbox 678 1332 720 1371; x_wconf 89' lang='lat' dir='ltr'>et</span> <span class='ocrx_word' id='word_1_175' title='bbox 745 1330 790 1371; x_wconf 90' lang='grc'>111</span> <span class='ocrx_word' id='word_1_176' title='bbox 815 1329 991 1385; x_wconf 86' lang='lat' dir='ltr'>proeliis</span> <span class='ocrx_word' id='word_1_177' title='bbox 1012 1329 1147 1371; x_wconf 90' lang='lat' dir='ltr'>Fauni</span> <span class='ocrx_word' id='word_1_178' title='bbox 1174 1330 1309 1372; x_wconf 86' lang='lat' dir='ltr'>auditi</span> <span class='ocrx_word' id='word_1_179' title='bbox 1336 1332 1378 1371; x_wconf 87' lang='lat' dir='ltr'>et</span> <span class='ocrx_word' id='word_1_180' title='bbox 1403 1330 1449 1371; x_wconf 90' lang='lat' dir='ltr'>in</span> <span class='ocrx_word' id='word_1_181' title='bbox 1473 1330 1601 1372; x_wconf 84' lang='lat' dir='ltr'>rebus</span> 
     </span>
     <span class='ocr_line' id='line_1_23' title="bbox 261 1389 1603 1432; baseline -0.002 0"><span class='ocrx_word' id='word_1_182' title='bbox 261 1390 445 1432; x_wconf 83' lang='lat' dir='ltr'>turbidis</span> <span class='ocrx_word' id='word_1_183' title='bbox 478 1389 688 1430; x_wconf 85' lang='lat' dir='ltr'>veridicae</span> <span class='ocrx_word' id='word_1_184' title='bbox 719 1403 844 1430; x_wconf 88' lang='lat' dir='ltr'>voces</span> <span class='ocrx_word' id='word_1_185' title='bbox 879 1403 928 1430; x_wconf 85' lang='lat' dir='ltr'>ex</span> <span class='ocrx_word' id='word_1_186' title='bbox 961 1389 1128 1430; x_wconf 87' lang='lat' dir='ltr'>occulto</span> <span class='ocrx_word' id='word_1_187' title='bbox 1160 1389 1316 1430; x_wconf 90' lang='lat' dir='ltr'>missae</span> <span class='ocrx_word' id='word_1_188' title='bbox 1343 1403 1435 1430; x_wconf 89' lang='lat' dir='ltr'>esse</span> <span class='ocrx_word' id='word_1_189' title='bbox 1462 1389 1603 1430; x_wconf 89' lang='lat' dir='ltr'>dicun-</span> 
     </span>
     <span class='ocr_line' id='line_1_24' title="bbox 261 1447 1604 1504; baseline -0.002 -13"><span class='ocrx_word' id='word_1_190' title='bbox 261 1453 351 1504; x_wconf 78' lang='lat' dir='ltr'>tur3</span> <span class='ocrx_word' id='word_1_191' title='bbox 389 1448 507 1490; x_wconf 86' lang='lat' dir='ltr'>cuius</span> <span class='ocrx_word' id='word_1_192' title='bbox 550 1447 718 1503; x_wconf 82' lang='lat' dir='ltr'>generis</span> <span class='ocrx_word' id='word_1_193' title='bbox 757 1448 839 1489; x_wconf 92' lang='lat' dir='ltr'>duo</span> <span class='ocrx_word' id='word_1_194' title='bbox 878 1447 965 1488; x_wconf 88' lang='lat' dir='ltr'>sint</span> <span class='ocrx_word' id='word_1_195' title='bbox 1004 1462 1053 1488; x_wconf 83' lang='lat' dir='ltr'>ex</span> <span class='ocrx_word' id='word_1_196' title='bbox 1090 1448 1239 1489; x_wconf 88' lang='lat' dir='ltr'>multis</span> <span class='ocrx_word' id='word_1_197' title='bbox 1279 1447 1490 1502; x_wconf 79' lang='lat' dir='ltr'>exempla,</span> <span class='ocrx_word' id='word_1_198' title='bbox 1528 1447 1604 1488; x_wconf 89' lang='lat' dir='ltr'>sed</span> 
     </span>
     <span class='ocr_line' id='line_1_25' title="bbox 262 1506 1603 1561; baseline -0.002 -11"><span class='ocrx_word' id='word_1_199' title='bbox 262 1522 479 1550; x_wconf 81' lang='lat' dir='ltr'>maxuma:</span> <span class='ocrx_word' id='word_1_200' title='bbox 523 1506 638 1548; x_wconf 86' lang='lat' dir='ltr'>Nam</span> <span class='ocrx_word' id='word_1_201' title='bbox 675 1521 762 1548; x_wconf 91' lang='lat' dir='ltr'>non</span> <span class='ocrx_word' id='word_1_202' title='bbox 793 1506 930 1548; x_wconf 88' lang='lat' dir='ltr'>multo</span> <span class='ocrx_word' id='word_1_203' title='bbox 964 1508 1062 1547; x_wconf 87' lang='lat' dir='ltr'>ante</span> <span class='ocrx_word' id='word_1_204' title='bbox 1094 1507 1243 1548; x_wconf 88' lang='lat' dir='ltr'>urbem</span> <span class='ocrx_word' id='word_1_205' title='bbox 1276 1509 1448 1561; x_wconf 89' lang='lat' dir='ltr'>captam</span> <span class='ocrx_word' id='word_1_206' title='bbox 1480 1521 1603 1547; x_wconf 81' lang='lat' dir='ltr'>exau-</span> 
     </span>
     <span class='ocr_line' id='line_1_26' title="bbox 262 1564 1656 1619; baseline -0.002 -11"><span class='ocrx_word' id='word_1_207' title='bbox 262 1567 353 1609; x_wconf 89' lang='lat' dir='ltr'>dita</span> <span class='ocrx_word' id='word_1_208' title='bbox 393 1581 476 1608; x_wconf 86' lang='lat' dir='ltr'>vox</span> <span class='ocrx_word' id='word_1_209' title='bbox 515 1568 580 1607; x_wconf 91' lang='lat' dir='ltr'>est</span> <span class='ocrx_word' id='word_1_210' title='bbox 618 1580 644 1607; x_wconf 91' lang='lat' dir='ltr'>a</span> <span class='ocrx_word' id='word_1_211' title='bbox 679 1565 776 1607; x_wconf 93' lang='lat' dir='ltr'>luco</span> <span class='ocrx_word' id='word_1_212' title='bbox 807 1564 984 1619; x_wconf 89' lang='lat' dir='ltr'>Vestae,</span> <span class='ocrx_word' id='word_1_213' title='bbox 1026 1564 1098 1619; x_wconf 90' lang='lat' dir='ltr'>qui</span> <span class='ocrx_word' id='word_1_214' title='bbox 1136 1580 1161 1607; x_wconf 92' lang='lat' dir='ltr'>a</span> <span class='ocrx_word' id='word_1_215' title='bbox 1190 1564 1350 1607; x_wconf 84' lang='lat' dir='ltr'>Palatii</span> <span class='ocrx_word' id='word_1_216' title='bbox 1386 1564 1528 1607; x_wconf 86' lang='lat' dir='ltr'>radice</span> <span class='ocrx_word' id='word_1_217' title='bbox 1559 1564 1603 1606; x_wconf 92' lang='lat' dir='ltr'>in</span> <span class='ocrx_word' id='word_1_218' title='bbox 1622 1574 1656 1601; x_wconf 84' lang='lat'>25</span> 
     </span>
     <span class='ocr_line' id='line_1_27' title="bbox 261 1623 1604 1679; baseline -0.002 -12"><span class='ocrx_word' id='word_1_219' title='bbox 261 1641 419 1668; x_wconf 85' lang='lat' dir='ltr'>novam</span> <span class='ocrx_word' id='word_1_220' title='bbox 462 1625 578 1666; x_wconf 86' lang='lat' dir='ltr'>viam</span> <span class='ocrx_word' id='word_1_221' title='bbox 616 1624 798 1666; x_wconf 82' lang='lat' dir='ltr'>devexus</span> <span class='ocrx_word' id='word_1_222' title='bbox 837 1627 919 1678; x_wconf 90' lang='lat' dir='ltr'>est,</span> <span class='ocrx_word' id='word_1_223' title='bbox 963 1626 1011 1665; x_wconf 86' lang='lat' dir='ltr'>ut</span> <span class='ocrx_word' id='word_1_224' title='bbox 1049 1624 1159 1665; x_wconf 89' lang='lat' dir='ltr'>muri</span> <span class='ocrx_word' id='word_1_225' title='bbox 1196 1626 1239 1666; x_wconf 87' lang='lat' dir='ltr'>et</span> <span class='ocrx_word' id='word_1_226' title='bbox 1275 1626 1425 1679; x_wconf 87' lang='lat' dir='ltr'>portae</span> <span class='ocrx_word' id='word_1_227' title='bbox 1462 1623 1604 1665; x_wconf 89' lang='lat' dir='ltr'>refice·</span> 
     </span>
     <span class='ocr_line' id='line_1_28' title="bbox 263 1681 1604 1739; baseline -0.002 -13"><span class='ocrx_word' id='word_1_228' title='bbox 263 1687 428 1739; x_wconf 81' lang='lat' dir='ltr'>rentur3</span> <span class='ocrx_word' id='word_1_229' title='bbox 468 1683 662 1725; x_wconf 84' lang='lat' dir='ltr'>futurum</span> <span class='ocrx_word' id='word_1_230' title='bbox 702 1697 811 1737; x_wconf 90' lang='lat' dir='ltr'>esse,</span> <span class='ocrx_word' id='word_1_231' title='bbox 851 1683 935 1724; x_wconf 86' lang='lat' dir='ltr'>nisi</span> <span class='ocrx_word' id='word_1_232' title='bbox 966 1683 1187 1738; x_wconf 85' lang='lat' dir='ltr'>provisum</span> <span class='ocrx_word' id='word_1_233' title='bbox 1220 1685 1349 1736; x_wconf 86' lang='lat' dir='ltr'>esset,</span> <span class='ocrx_word' id='word_1_234' title='bbox 1386 1684 1434 1724; x_wconf 90' lang='lat' dir='ltr'>ut</span> <span class='ocrx_word' id='word_1_235' title='bbox 1464 1681 1604 1724; x_wconf 90' lang='lat' dir='ltr'>Roma</span> 
     </span>
     <span class='ocr_line' id='line_1_29' title="bbox 263 1741 1603 1799; baseline -0.002 -14"><span class='ocrx_word' id='word_1_236' title='bbox 263 1746 499 1799; x_wconf 87' lang='lat' dir='ltr'>caperetur.</span> <span class='ocrx_word' id='word_1_237' title='bbox 555 1742 677 1791; x_wconf 83' lang='lat' dir='ltr'>Quod</span> <span class='ocrx_word' id='word_1_238' title='bbox 707 1742 953 1798; x_wconf 81' lang='lat' dir='ltr'>neglectum</span> <span class='ocrx_word' id='word_1_239' title='bbox 984 1743 1089 1796; x_wconf 85' lang='lat' dir='ltr'>tum,</span> <span class='ocrx_word' id='word_1_240' title='bbox 1122 1756 1216 1783; x_wconf 91' lang='lat' dir='ltr'>cum</span> <span class='ocrx_word' id='word_1_241' title='bbox 1249 1741 1388 1783; x_wconf 84' lang='lat' dir='ltr'>caveri</span> <span class='ocrx_word' id='word_1_242' title='bbox 1419 1743 1603 1795; x_wconf 84' lang='lat' dir='ltr'>poterat,</span> 
     </span>
     <span class='ocr_line' id='line_1_30' title="bbox 263 1800 1603 1857; baseline -0.003 -13"><span class='ocrx_word' id='word_1_243' title='bbox 263 1804 364 1857; x_wconf 83' lang='lat' dir='ltr'>post</span> <span class='ocrx_word' id='word_1_244' title='bbox 401 1803 619 1857; x_wconf 87' lang='lat' dir='ltr'>acceptam</span> <span class='ocrx_word' id='word_1_245' title='bbox 652 1801 775 1842; x_wconf 90' lang='lat' dir='ltr'>illam</span> <span class='ocrx_word' id='word_1_246' title='bbox 809 1800 1041 1842; x_wconf 84' lang='lat' dir='ltr'>maximam</span> <span class='ocrx_word' id='word_1_247' title='bbox 1073 1801 1236 1842; x_wconf 89' lang='lat' dir='ltr'>cladem</span> <span class='ocrx_word' id='word_1_248' title='bbox 1269 1800 1487 1854; x_wconf 86' lang='lat' dir='ltr'>expiatum</span> <span class='ocrx_word' id='word_1_249' title='bbox 1519 1802 1603 1853; x_wconf 81' lang='lat' dir='ltr'>est3</span> 
     </span>
     <span class='ocr_line' id='line_1_31' title="bbox 265 1858 1656 1914; baseline -0.003 -12"><span class='ocrx_word' id='word_1_250' title='bbox 265 1876 340 1903; x_wconf 83' lang='lat' dir='ltr'>ara</span> <span class='ocrx_word' id='word_1_251' title='bbox 372 1861 484 1902; x_wconf 89' lang='lat' dir='ltr'>enim</span> <span class='ocrx_word' id='word_1_252' title='bbox 516 1860 599 1902; x_wconf 90' lang='lat' dir='ltr'>Aio</span> <span class='ocrx_word' id='word_1_253' title='bbox 630 1860 861 1914; x_wconf 86' lang='lat' dir='ltr'>Loquenti,</span> <span class='ocrx_word' id='word_1_254' title='bbox 899 1874 1028 1914; x_wconf 87' lang='lat' dir='ltr'>quam</span> <span class='ocrx_word' id='word_1_255' title='bbox 1061 1861 1254 1914; x_wconf 88' lang='lat' dir='ltr'>saeptam</span> <span class='ocrx_word' id='word_1_256' title='bbox 1285 1858 1499 1912; x_wconf 85' lang='lat' dir='ltr'>videmus,</span> <span class='ocrx_word' id='word_1_257' title='bbox 1537 1872 1603 1899; x_wconf 82' lang='lat' dir='ltr'>ex·</span> <span class='ocrx_word' id='word_1_258' title='bbox 1623 1869 1656 1894; x_wconf 83' lang='lat'>30</span> 
     </span>
     <span class='ocr_line' id='line_1_32' title="bbox 265 1916 1604 1972; baseline -0.003 -11"><span class='ocrx_word' id='word_1_259' title='bbox 265 1920 469 1962; x_wconf 86' lang='lat' dir='ltr'>adversus</span> <span class='ocrx_word' id='word_1_260' title='bbox 520 1933 616 1961; x_wconf 89' lang='lat' dir='ltr'>eum</span> <span class='ocrx_word' id='word_1_261' title='bbox 666 1919 807 1960; x_wconf 89' lang='lat' dir='ltr'>locum</span> <span class='ocrx_word' id='word_1_262' title='bbox 851 1920 1099 1960; x_wconf 89' lang='lat' dir='ltr'>consecrata</span> <span class='ocrx_word' id='word_1_263' title='bbox 1142 1920 1218 1959; x_wconf 89' lang='lat' dir='ltr'>est.</span> <span class='ocrx_word' id='word_1_264' title='bbox 1285 1917 1428 1972; x_wconf 86' lang='lat' dir='ltr'>Atque</span> <span class='ocrx_word' id='word_1_265' title='bbox 1473 1916 1604 1958; x_wconf 90' lang='lat' dir='ltr'>etiam</span> 
     </span>
     <span class='ocr_line' id='line_1_33' title="bbox 265 1975 1604 2034; baseline -0.003 -14"><span class='ocrx_word' id='word_1_266' title='bbox 265 1978 473 2034; x_wconf 75' lang='lat' dir='ltr'>scliptum</span> <span class='ocrx_word' id='word_1_267' title='bbox 506 1993 531 2019; x_wconf 90' lang='lat' dir='ltr'>a</span> <span class='ocrx_word' id='word_1_268' title='bbox 561 1978 711 2019; x_wconf 87' lang='lat' dir='ltr'>multis</span> <span class='ocrx_word' id='word_1_269' title='bbox 745 1980 821 2031; x_wconf 91' lang='lat' dir='ltr'>est,</span> <span class='ocrx_word' id='word_1_270' title='bbox 854 1992 948 2019; x_wconf 90' lang='lat' dir='ltr'>cum</span> <span class='ocrx_word' id='word_1_271' title='bbox 977 1980 1118 2018; x_wconf 90' lang='lat' dir='ltr'>terrae</span> <span class='ocrx_word' id='word_1_272' title='bbox 1143 1978 1286 2018; x_wconf 90' lang='lat' dir='ltr'>motus</span> <span class='ocrx_word' id='word_1_273' title='bbox 1312 1975 1451 2017; x_wconf 85' lang='lat' dir='ltr'>factus</span> <span class='ocrx_word' id='word_1_274' title='bbox 1479 1978 1604 2030; x_wconf 89' lang='lat' dir='ltr'>esset,</span> 
     </span>
     <span class='ocr_line' id='line_1_34' title="bbox 262 2011 1663 2102; baseline -0.004 -22"><span class='ocrx_word' id='word_1_275' title='bbox 262 2040 313 2080; x_wconf 90' lang='lat' dir='ltr'>ut</span> <span class='ocrx_word' id='word_1_276' title='bbox 345 2051 419 2079; x_wconf 88' lang='lat' dir='ltr'>sue</span> <span class='ocrx_word' id='word_1_277' title='bbox 451 2037 579 2092; x_wconf 85' lang='lat' dir='ltr'>plena</span> <span class='ocrx_word' id='word_1_278' title='bbox 609 2011 856 2102; x_wconf 72' lang='lat' dir='ltr'>proculatio</span> <span class='ocrx_word' id='word_1_279' title='bbox 882 2036 1017 2089; x_wconf 76' lang='lat' dir='ltr'>fieiet,</span> <span class='ocrx_word' id='word_1_280' title='bbox 1048 2049 1194 2077; x_wconf 88' lang='lat' dir='ltr'>vocem</span> <span class='ocrx_word' id='word_1_281' title='bbox 1222 2035 1275 2076; x_wconf 90' lang='lat' dir='ltr'>ab</span> <span class='ocrx_word' id='word_1_282' title='bbox 1303 2034 1404 2076; x_wconf 89' lang='lat' dir='ltr'>aede</span> <span class='ocrx_word' id='word_1_283' title='bbox 1427 2033 1603 2076; x_wconf 88' lang='lat' dir='ltr'>Iunonis</span> <span class='ocrx_word' id='word_1_284' title='bbox 1659 2040 1663 2087; x_wconf 76' lang='grc' dir='ltr'>Ι</span> 
     </span>
     <span class='ocr_line' id='line_1_35' title="bbox 266 2093 1603 2150; baseline -0.003 -12"><span class='ocrx_word' id='word_1_285' title='bbox 266 2111 316 2138; x_wconf 86' lang='lat' dir='ltr'>ex</span> <span class='ocrx_word' id='word_1_286' title='bbox 349 2110 444 2138; x_wconf 88' lang='lat' dir='ltr'>arce</span> <span class='ocrx_word' id='word_1_287' title='bbox 477 2096 688 2150; x_wconf 77' lang='lat' dir='ltr'>extitisse3</span> <span class='ocrx_word' id='word_1_288' title='bbox 721 2095 918 2150; x_wconf 88' lang='lat' dir='ltr'>quocirca</span> <span class='ocrx_word' id='word_1_289' title='bbox 948 2094 1153 2135; x_wconf 89' lang='lat' dir='ltr'>Iunonem</span> <span class='ocrx_word' id='word_1_290' title='bbox 1186 2094 1308 2135; x_wconf 89' lang='lat' dir='ltr'>illam</span> <span class='ocrx_word' id='word_1_291' title='bbox 1340 2093 1603 2148; x_wconf 87' lang='lat' dir='ltr'>appellatam</span> 
     </span>
     <span class='ocr_line' id='line_1_36' title="bbox 264 2151 1662 2210; baseline -0.004 -14"><span class='ocrx_word' id='word_1_292' title='bbox 264 2155 496 2197; x_wconf 88' lang='lat' dir='ltr'>Monetam.</span> <span class='ocrx_word' id='word_1_293' title='bbox 546 2154 664 2196; x_wconf 92' lang='lat' dir='ltr'>Haec</span> <span class='ocrx_word' id='word_1_294' title='bbox 689 2154 822 2210; x_wconf 82' lang='lat' dir='ltr'>igitur</span> <span class='ocrx_word' id='word_1_295' title='bbox 848 2155 891 2195; x_wconf 90' lang='lat' dir='ltr'>et</span> <span class='ocrx_word' id='word_1_296' title='bbox 916 2168 942 2195; x_wconf 90' lang='lat' dir='ltr'>a</span> <span class='ocrx_word' id='word_1_297' title='bbox 967 2152 1031 2194; x_wconf 89' lang='lat' dir='ltr'>dis</span> <span class='ocrx_word' id='word_1_298' title='bbox 1058 2152 1301 2208; x_wconf 80' lang='lat' dir='ltr'>significata</span> <span class='ocrx_word' id='word_1_299' title='bbox 1326 2155 1369 2194; x_wconf 90' lang='lat' dir='ltr'>et</span> <span class='ocrx_word' id='word_1_300' title='bbox 1395 2167 1420 2194; x_wconf 91' lang='lat' dir='ltr'>a</span> <span class='ocrx_word' id='word_1_301' title='bbox 1440 2151 1602 2193; x_wconf 88' lang='lat' dir='ltr'>nostris</span> <span class='ocrx_word' id='word_1_302' title='bbox 1622 2161 1662 2204; x_wconf 71' lang='lat'>³⁵1</span> 
     </span>
     <span class='ocr_line' id='line_1_37' title="bbox 267 2188 1661 2263; baseline -0.004 -8"><span class='ocrx_word' id='word_1_303' title='bbox 267 2213 502 2255; x_wconf 88' lang='lat' dir='ltr'>maioribus</span> <span class='ocrx_word' id='word_1_304' title='bbox 534 2213 722 2254; x_wconf 86' lang='lat' dir='ltr'>iudicata</span> <span class='ocrx_word' id='word_1_305' title='bbox 754 2188 1123 2254; x_wconf 61' lang='lat' dir='ltr'>contemnimus‘.&gt;U</span> <span class='ocrx_word' id='word_1_306' title='bbox 1658 2253 1661 2263; x_wconf 18' lang='grc' dir='ltr'>ζ</span> 
     </span>
    </p>
   </div>
   <div class='ocr_carea' id='block_1_3' title="bbox 1648 0 1685 2568">
    <p class='ocr_par' dir='ltr' id='par_1_3' title="bbox 1648 0 1685 2568">
     <span class='ocr_line' id='line_1_38' title="bbox 1663 0 1685 955; baseline 0 -299"><span class='ocrx_word' id='word_1_307' title='bbox 1663 0 1685 955; x_wconf 95' lang='lat' dir='ltr'>   </span> 
     </span>
     <span class='ocr_line' id='line_1_39' title="bbox 1659 955 1685 1537; baseline 0 0"><span class='ocrx_word' id='word_1_308' title='bbox 1659 955 1685 1537; x_wconf 95' lang='lat' dir='ltr'>    </span> 
     </span>
     <span class='ocr_line' id='line_1_40' title="bbox 1656 1537 1685 2004; baseline 0 -62"><span class='ocrx_word' id='word_1_309' title='bbox 1656 1537 1685 2004; x_wconf 95' lang='lat' dir='ltr'>    </span> 
     </span>
     <span class='ocr_line' id='line_1_41' title="bbox 1660 2004 1685 2229; baseline 0 -108"><span class='ocrx_word' id='word_1_310' title='bbox 1660 2004 1685 2229; x_wconf 95' lang='lat' dir='ltr'>   </span> 
     </span>
     <span class='ocr_line' id='line_1_42' title="bbox 1648 2229 1685 2568; baseline 0 -115"><span class='ocrx_word' id='word_1_311' title='bbox 1648 2229 1685 2568; x_wconf 95' lang='lat' dir='ltr'>    </span> 
     </span>
    </p>
   </div>
   <div class='ocr_carea' id='block_1_4' title="bbox 191 1313 257 1395">
    <p class='ocr_par' dir='ltr' id='par_1_4' title="bbox 191 1313 257 1395">
     <span class='ocr_line' id='line_1_43' title="bbox 191 1313 249 1353; baseline -0.017 0"><span class='ocrx_word' id='word_1_312' title='bbox 191 1313 249 1353; x_wconf 73' lang='lat'>45</span> 
     </span>
     <span class='ocr_line' id='line_1_44' title="bbox 193 1365 257 1395; baseline 0 0"><span class='ocrx_word' id='word_1_313' title='bbox 193 1365 257 1395; x_wconf 82' lang='grc'>101</span> 
     </span>
    </p>
   </div>
   <div class='ocr_carea' id='block_1_5' title="bbox 199 2269 1601 2327">
    <p class='ocr_par' dir='ltr' id='par_1_5' title="bbox 199 2269 1601 2327">
     <span class='ocr_line' id='line_1_45' title="bbox 199 2269 1601 2327; baseline -0.001 -15"><span class='ocrx_word' id='word_1_314' title='bbox 199 2281 263 2312; x_wconf 74' lang='lat'>102</span> <span class='ocrx_word' id='word_1_315' title='bbox 354 2271 503 2327; x_wconf 89' lang='lat' dir='ltr'>Neque</span> <span class='ocrx_word' id='word_1_316' title='bbox 539 2272 679 2314; x_wconf 89' lang='lat' dir='ltr'>solum</span> <span class='ocrx_word' id='word_1_317' title='bbox 712 2271 886 2313; x_wconf 88' lang='lat' dir='ltr'>deorum</span> <span class='ocrx_word' id='word_1_318' title='bbox 920 2285 1042 2313; x_wconf 86' lang='lat' dir='ltr'>voces</span> <span class='ocrx_word' id='word_1_319' title='bbox 1074 2269 1339 2326; x_wconf 81' lang='lat' dir='ltr'>Pythagorei</span> <span class='ocrx_word' id='word_1_320' title='bbox 1371 2269 1601 2311; x_wconf 86' lang='lat' dir='ltr'>observita-</span> 
     </span>
    </p>
   </div>
  </div>
 </body>
</html>
