1685 2568
223 94 309 134 366
702 92 765 127 DE
791 92 853 126 RE
879 91 1085 127 PUBLICA

222 185 262 219 in
290 185 440 230 dialogo
465 186 572 220 bonis
597 185 686 220 viris
713 187 751 221 et
774 186 867 220 bene
895 186 940 220 de
964 196 1003 219 re
1028 183 1180 230 publica
1202 183 1344 219 meritis
1369 186 1457 230 post
1481 184 1559 220 obi-

221 233 301 266 tum
326 234 478 267 aeterna
501 233 667 278 praemia
693 234 730 267 et
756 233 932 267 caelestia
957 243 1037 267 esse
1056 231 1292 276 rependenda
1312 231 1557 268 adseveraret.

223 279 328 321 Quod
355 291 437 314 cum
462 279 516 314 ita
541 280 599 323 sit,
626 280 853 314 immortales
880 290 959 313 esse
987 278 1129 312 animos
1148 289 1299 313 necesse
1321 279 1393 322 est3
1421 279 1466 313 de
1486 290 1559 323 quo

221 327 420 371 praecepto
454 338 537 361 eum
569 326 652 361 aliis
685 326 777 361 loeis
809 325 998 372 praeclare
1031 325 1206 360 disseruit
1237 324 1380 368 Cicero,
1411 326 1491 360 tum
1520 326 1560 360 in

221 373 293 408 hoo
318 373 413 408 libro
438 384 511 408 non
536 373 787 418 perfunctoria
812 372 977 408 oratione
999 372 1248 417 disputavisse
1269 372 1471 406 censendus
1492 374 1559 407 est.

223 420 315 454 Tum
342 420 428 464 quia
446 420 553 454 Plato
579 420 618 454 in
636 420 795 454 Politiae
820 430 907 454 suae
928 420 1091 454 extrema
1110 420 1215 463 parte
1235 418 1354 453 virum
1378 419 1560 463 quendam

222 467 270 501 ad.
295 467 413 501 vitam
437 468 652 502 revocatum
677 466 784 501 finxit
809 477 963 510 eumque
989 466 1155 511 praemia
1178 466 1358 501 bonorum
1384 467 1423 500 et
1446 466 1560 501 malo-

222 526 302 548 rum
328 513 525 559 supplicia,
552 525 644 558 quae
670 513 825 556 viderat,
850 515 1062 548 narrantem
1084 512 1240 557 induxit,
1269 511 1394 547 Cicero
1416 523 1561 557 quoque

223 560 375 595 defensa
404 560 571 595 Platonis
609 560 821 595 narratione
860 561 989 594 eontra
1020 560 1200 595 derisores
1234 560 1413 604 quosdam
1449 560 1561 594 aliam

223 607 355 642 similis
387 607 535 642 artificii
567 607 732 641 fabulam
763 606 954 652 componit
983 606 1145 642 hominis
1175 617 1250 642 non
1279 606 1382 646 illius
1414 607 1562 651 quidem

222 654 492 697 reviviscentis,
514 654 578 688 sed
597 653 782 688 narrantis
797 654 990 696 somnium,
1013 665 1083 698 quo
1099 654 1370 689 demonstraret
1382 653 1563 700 ampliora

221 701 401 736 virtutum
435 712 581 736 manere
616 701 799 746 praemia,
835 712 944 745 quam
970 701 1068 735 orbis
1095 701 1194 735 vitae
1219 701 1400 735 humanae
1425 701 1562 735 habere

224 749 370 783 soleret.
420 749 542 792 Atque
575 747 629 782 ita
660 749 754 783 haec
786 748 831 783 de
862 760 901 783 re
926 748 1078 794 publica
1103 747 1308 793 disputatio
1332 747 1564 783 nobilissima

225 795 403 830 conclusa
428 796 493 832 est.

176 939 197 978 1
314 950 378 992 M.
412 951 573 992 Tullius
610 951 658 992 de
693 965 737 992 re
765 951 878 1004 publ.
916 951 981 993 lib.
1020 950 1104 993 VI:
1145 949 1301 992 Totam
1331 950 1467 1006 igitur
1497 965 1563 992 ex-

181 991 196 1021 1
226 1011 373 1064 pectas
405 1009 677 1063 prudentiam
708 1009 834 1051 huius
867 1009 1065 1063 rectoris,
1097 1024 1204 1064 quae
1235 1010 1378 1064 ipsum
1407 1024 1564 1051 nomen

225 1068 306 1109 hoe
336 1070 464 1109 nacta
497 1070 562 1109 est
594 1083 645 1109 ex
675 1069 948 1123 providendo.
998 1068 1183 1122 (Nouius
1206 1083 1249 1121 p.
1281 1072 1351 1111 42.
1381 1068 1441 1122 3.)

313 1127 371 1168 Iu
409 1127 567 1168 Politia
608 1141 686 1169 sua
725 1129 823 1169 (licit
855 1128 1016 1169 Tullius
1054 1128 1115 1169 rei
1148 1128 1336 1180 publicae
1375 1131 1563 1169 rectorem

226 1199 432 1227 summum
471 1187 606 1227 virum
645 1190 683 1227 et
718 1187 994 1228 doctissimum
1031 1199 1112 1228 esse
1143 1187 1294 1237 debere,
1333 1187 1394 1227 ita
1423 1189 1470 1227 ut
1497 1200 1563 1228 sa·
1583 1199 1596 1225 5

220 1245 339 1297 piens
368 1245 423 1286 stt
452 1248 488 1285 et
518 1246 649 1286 iustus
679 1249 716 1286 et
746 1249 970 1298 temperans
1000 1248 1037 1286 et
1058 1245 1252 1297 eloquens,
1284 1248 1332 1286 ut
1347 1246 1480 1298 possit
1500 1245 1565 1296 fa-

225 1304 298 1344 etle
323 1306 505 1345 currente
529 1305 752 1356 eloquentia
775 1305 908 1346 animi
936 1307 1085 1346 secreta
1109 1305 1165 1345 ad
1187 1305 1400 1357 reyeuclam
1410 1304 1567 1357 plebem

227 1363 459 1415 exprimere.
510 1362 622 1404 Scire
652 1364 774 1404 etiam
805 1364 913 1404 debet
941 1364 1018 1414 ius,
1052 1362 1231 1405 Graecas
1259 1376 1374 1404 uosse
1398 1363 1564 1412 litteras,

225 1421 333 1473 quod
368 1420 534 1463 Catonis
574 1421 684 1473 facto
720 1422 938 1474 probatur,
981 1422 1052 1474 qui
1093 1422 1139 1463 iu
1178 1435 1339 1463 summa
1375 1425 1567 1463 senectute

228 1478 396 1521 Graecis
428 1480 572 1522 litteris
598 1494 761 1533 operam
786 1481 890 1522 daus
914 1481 1120 1530 iudicavit,
1151 1484 1350 1533 quantum
1374 1480 1566 1521 utilitatis
1586 1493 1618 1518 ιο

225 1538 425 1579 habereut.
457 1537 801 1592 (Commentarius
826 1553 898 1581 ms.
927 1541 970 1581 tu
989 1539 1069 1581 Cic.
1094 1540 1140 1581 de
1159 1541 1306 1580 iuvent.
1325 1553 1391 1592 ap.
1413 1538 1565 1580 Osauu.

219 1611 263 1650 p.
293 1598 412 1651 349.)

319 1656 382 1697 M.
416 1656 579 1698 Tullius
615 1658 662 1698 de
697 1671 741 1698 re
768 1657 880 1710 publ.
914 1657 979 1698 lib.
1019 1656 1102 1699 VI:
1144 1655 1282 1705 Quam
1314 1656 1368 1698 ob
1400 1671 1491 1698 rem
1523 1670 1567 1698 se

231 1716 451 1769 comparet
481 1715 551 1756 hie
583 1715 687 1757 civis
718 1716 781 1757 ita
810 1730 982 1757 necesse
1009 1718 1086 1769 est,
1118 1717 1166 1757 ut
1192 1716 1249 1757 sit
1276 1717 1425 1757 eontra
1450 1715 1566 1769 haee,

230 1788 338 1827 quae
390 1776 553 1815 statum
601 1774 789 1816 civitatis
832 1776 1101 1829 permovent,
1152 1789 1319 1829 semper
1363 1776 1566 1816 armatus.
1587 1786 1619 1812 15

229 1832 415 1886 (Nouius
440 1847 483 1885 p.
515 1835 611 1874 256.
643 1834 732 1887 23.)

318 1890 540 1934 secationis
567 1893 795 1945 proprietas
825 1906 852 1933 a
882 1892 944 1933 M.
979 1892 1114 1934 Tullio
1144 1892 1408 1944 manifestata
1437 1895 1496 1934 est
1522 1892 1569 1933 in

230 1949 295 1991 lib.
333 1950 380 1990 de
414 1964 459 1991 re
487 1951 656 2003 publtea
694 1950 777 1992 VI:
817 1951 966 2005 anue
999 1951 1207 1992 dissensio
1240 1951 1415 2005 civium,
1457 1949 1570 2005 quod

230 2022 425 2049 seorsum
463 2011 566 2050 eunt
604 2009 679 2050 alii
717 2009 770 2050 ad
808 2010 935 2064 alios,
974 2010 1126 2051 seditio
1160 2010 1325 2051 dieitur.
1386 2009 1570 2063 (Nonius

222 2081 267 2120 p.
298 2068 366 2109 25.
398 2071 426 2108 3
456 2071 493 2108 et
520 2067 685 2110 Servius
716 2069 772 2110 acl
809 2069 920 2122 Very.
951 2069 1055 2110 Aen.
1085 2069 1119 2110 I
1143 2068 1259 2122 149.)
1589 2079 1623 2104 2⁰

319 2125 382 2167 M.
417 2126 579 2168 Tullius
610 2128 656 2168 de
685 2140 729 2168 re
753 2128 865 2180 publ.
898 2128 963 2168 ltb.
998 2127 1081 2169 VJ:
1113 2127 1172 2169 Et
1202 2142 1303 2169 vero
1334 2127 1379 2168 in
1411 2127 1569 2168 dissen-

233 2184 352 2225 sione
385 2184 512 2238 civili,
544 2200 640 2227 eum
670 2185 773 2227 boni
799 2187 896 2240 plus
924 2200 1051 2240 quam
1079 2187 1204 2228 multi
1228 2186 1388 2240 valent,
1420 2199 1570 2241 expen-

232 2243 393 2284 dendos
425 2244 542 2298 civis,
572 2259 659 2285 non
689 2245 975 2286 numerandos
1001 2249 1118 2300 puto.
1157 2245 1287 2299 (Nou.
1305 2259 1349 2298 p.
1375 2244 1571 2297 519.14.)

321 2300 384 2343 Μ’.
419 2303 581 2345 Tullius
617 2304 664 2345 de
698 2317 741 2344 re
770 2305 882 2356 publ.
923 2305 987 2345 lib.
1027 2304 1111 2346 VJ:
1156 2303 1319 2345 Graves
1358 2303 1471 2345 enim
1502 2302 1571 2344 do-
