1685 2568
150 1373 203 1415 38

149 1426 192 1456 96

150 2107 192 2139 97

223 60 280 101 80
655 57 721 91 DE
745 57 949 92 NATURA
973 56 1179 92 DEORUM

218 158 340 198 nata
371 155 538 211 signis
570 157 723 209 atque
754 153 979 209 picturis
1010 153 1377 208 instructaque
1410 153 1560 194 rebus

218 215 283 256 iis
334 214 585 269 omnibus,
636 213 819 268 quibus
870 212 1132 254 abundant
1181 212 1236 266 ii,
1287 211 1370 266 qui
1419 212 1561 253 beati

218 275 485 328 putantur,
525 287 615 314 nec
655 274 826 313 tamen
868 271 1099 312 exissent
1138 285 1373 324 umquam
1405 285 1562 325 supra

219 336 428 386 terram,
470 331 794 385 accepissent
831 332 998 371 autem
1036 329 1173 370 fama
1210 332 1259 370 et
1299 329 1561 370 auditione

220 405 328 433 esse
374 390 623 445 quoddam
662 403 843 430 numen
887 391 936 430 et
978 389 1078 430 vim
1117 388 1339 442 deorum,
1383 388 1562 429 deinde

220 450 394 504 aliquo
434 451 661 503 tempore
699 447 983 502 patefactis
1022 450 1192 489 terrae
1229 446 1466 488 faucibus
1507 461 1563 487 ex

219 509 331 550 illis
359 507 553 549 abditis
580 506 787 548 sedibus
814 506 1026 548 evadere
1051 506 1101 547 in
1127 506 1249 547 haec
1275 506 1405 559 loca,
1439 519 1563 560 quae

218 582 309 609 nos
341 566 633 620 incolimus,
666 568 818 620 atque
845 565 982 606 exire
1008 565 1324 619 potuissent:
1357 579 1464 606 cum
1489 578 1564 605 re-

219 628 372 681 pente
415 628 605 667 terrain
650 627 699 666 et
743 624 903 665 maria
946 624 1244 678 caelumque
1288 623 1556 674 vidissent,

218 685 429 726 nubium
477 683 884 739 magnitudinem
928 685 1297 736 ventorumque
1341 682 1441 723 vim
1486 696 1562 723 co-

220 744 527 799 gnovissent
559 742 989 797 aspexissentque
1023 742 1181 783 solem
1215 742 1423 795 eiusque
1455 755 1563 782 cum

219 802 629 858 magnitudinem
666 800 1232 856 pulchritudinemque,
1270 803 1375 841 tum
1408 800 1563 841 etiam

221 861 566 903 efficientiam
605 860 993 916 cognovissent,
1038 859 1168 914 quod
1205 859 1248 900 is
1286 859 1415 900 diem
1449 858 1563 900 effi-

220 923 360 962 ceret
398 922 510 961 toto
548 919 690 961 caelo
733 919 842 961 luce
876 918 1086 972 diffusa3
1125 932 1232 960 cum
1265 921 1433 959 autem
1463 920 1562 958 ter-

219 994 301 1021 ras
344 993 442 1021 nox
482 981 772 1034 opacasset,
817 980 921 1019 tum
960 977 1153 1019 caelum
1191 979 1356 1018 totum
1395 991 1564 1018 cerne-

219 1040 334 1080 rent
384 1037 542 1080 astris
594 1037 898 1079 distinctum
943 1039 991 1078 et
1035 1038 1269 1077 ornatum
1313 1036 1564 1090 lunaeque

220 1097 469 1139 luminum
508 1096 821 1138 varietatem
863 1099 967 1137 tum
1006 1095 1305 1149 crescentis,
1348 1097 1453 1136 tum
1492 1108 1564 1136 se-

218 1156 482 1198 nescentis
521 1170 794 1210 eorumque
833 1155 1053 1196 omnium
1093 1157 1235 1196 ortus
1274 1156 1323 1195 et
1355 1167 1563 1195 occasus

221 1217 375 1270 atque
415 1215 466 1255 in
504 1214 640 1256 omni
681 1214 996 1255 aeternitate
1034 1215 1174 1255 ratos
1207 1212 1564 1254 inmutabiles-

219 1289 312 1329 que
363 1287 560 1327 cursus;
610 1287 735 1328 quae
782 1288 890 1315 cum
933 1272 1185 1327 viderent,
1234 1272 1470 1327 profecto
1516 1273 1564 1312 et

220 1347 330 1375 esse
364 1333 481 1374 deos
514 1335 564 1374 et
594 1332 718 1374 haec
749 1334 898 1373 tanta
929 1345 1083 1387 opera
1115 1331 1319 1372 deorum
1352 1345 1462 1372 esse
1489 1345 1564 1371 ar-

219 1390 577 1434 bitrarentur.'
640 1390 784 1445 Atque
815 1391 920 1432 haec
952 1390 1123 1445 quidem
1154 1390 1240 1431 ille.
1295 1389 1387 1431 Nos
1421 1391 1564 1431 autem

219 1451 420 1493 tenebras
447 1450 688 1506 cogitemus
713 1452 872 1503 tantas,
899 1452 1084 1504 quantae
1106 1449 1321 1504 quondam
1342 1448 1563 1504 eruptione

219 1511 512 1552 Aetnaeorum
560 1509 726 1565 ignium
773 1509 981 1550 finitimas
1026 1508 1222 1564 regiones
1268 1508 1564 1550 obscuravisse

220 1569 435 1623 dicuntur,
469 1570 519 1610 ut
550 1582 626 1623 per
656 1568 834 1609 biduum
865 1582 990 1610 nemo
1023 1567 1241 1609 hominem
1272 1567 1401 1609 homo
1435 1581 1563 1622 agno-

219 1630 372 1682 sceret,
414 1642 510 1669 cum
553 1629 697 1668 autem
734 1627 864 1669 tertio
904 1627 970 1668 die
1009 1626 1074 1668 sol
1106 1626 1351 1681 inluxisset,
1391 1628 1484 1668 tum
1515 1627 1564 1666 ut

219 1687 425 1729 revixisse
459 1686 541 1727 sibi
567 1686 825 1728 viderentur.
876 1685 1037 1734 Quodsi
1062 1685 1144 1727 hoc
1168 1685 1281 1727 idem
1308 1700 1358 1726 ex
1379 1684 1562 1727 aeternis

219 1746 409 1787 tenebris
429 1745 713 1800 contingeret,
732 1748 781 1786 ut
801 1745 944 1787 subito
966 1745 1104 1787 lucem
1120 1745 1419 1799 aspiceremus,
1440 1758 1564 1798 quae-

218 1820 319 1846 nam
345 1804 507 1860 species
534 1804 641 1846 caeli
667 1804 913 1846 videretur?
957 1802 1039 1845 Sed
1065 1803 1322 1845 adsiduitate
1349 1803 1564 1845 cotidiana

219 1866 262 1906 et
293 1863 599 1905 consuetudine
632 1863 854 1905 oculorum
887 1863 1143 1905 adsuescunt
1174 1862 1306 1904 animi
1330 1877 1468 1917 neque
1495 1863 1563 1904 ad-

219 1922 432 1964 mirantur
462 1937 599 1977 neque
631 1922 857 1977 requirunt
882 1922 1070 1964 rationes
1098 1935 1244 1963 earum
1269 1935 1424 1976 rerum,
1458 1935 1562 1976 quas

219 1996 388 2036 semper
418 1981 578 2035 vident,
609 1981 787 2036 proinde
821 1981 943 2036 quasi
967 1980 1138 2023 novitas
1163 1995 1242 2022 nos
1270 1980 1408 2036 magis
1436 1995 1564 2035 quam

219 2039 472 2096 magnitudo
517 2054 659 2081 rerum
705 2040 859 2082 debeat
897 2040 950 2082 ad
988 2039 1268 2093 exquirendas
1308 2054 1459 2081 causas
1498 2054 1567 2081 ex-

221 2099 365 2142 citare.
427 2097 530 2147 Quis
576 2098 689 2140 enim
733 2099 846 2141 hunc
883 2099 1102 2141 hominem
1140 2098 1312 2153 dixerit,
1358 2098 1430 2153 qui
1468 2113 1562 2140 cum

218 2161 310 2200 tam
348 2159 488 2200 certos
527 2157 634 2199 caeli
672 2160 834 2212 motus,
872 2160 962 2199 tam
993 2159 1112 2199 ratos
1145 2160 1361 2199 astrorum
1393 2157 1563 2199 ordines

218 2219 395 2271 tamque
428 2216 542 2257 inter
574 2231 619 2257 se
652 2216 796 2258 onmia
827 2231 987 2258 conexa
1019 2218 1061 2258 et
1094 2219 1198 2272 apta
1227 2216 1401 2271 viderit,
1434 2219 1564 2272 neget

218 2276 260 2317 in
301 2276 368 2318 his
408 2275 545 2317 ullam
581 2275 722 2317 inesse
758 2275 972 2317 rationem
1011 2290 1143 2330 eaque
1182 2289 1283 2318 casu
1313 2275 1408 2317 fieri
1439 2275 1564 2330 dicat,

1584 695 1617 720 10

1585 989 1617 1014 15

1585 1283 1617 1308 20

1584 1577 1616 1603 25

1583 1872 1616 1898 30

1584 2144 1670 2193 35}
