1685 2568
207 877 243 962 ιζ

203 1480 242 1513 13

218 1811 244 1852 8

201 1863 245 1893 14

271 140 357 182 310
746 140 810 174 DE
835 141 898 175 RE
923 141 1129 176 PUBLICA

269 236 387 291 muli,
418 238 511 277 tum
544 239 674 278 etiam
702 237 965 290 reliquorum
991 250 1141 291 regum
1168 237 1379 291 sapientia
1404 237 1600 280 definitus
1666 251 1667 254 ’

270 309 321 336 cx
352 296 467 336 omni
492 297 615 350 parte
643 295 785 336 arduis
811 295 1137 349 praeruptisque
1163 296 1392 350 montibus,
1422 300 1470 338 ut
1493 311 1599 339 unus
1665 283 1673 352 Ι

270 354 422 408 aditus,
450 354 522 408 qui
547 356 660 395 esset
685 354 797 394 inter
823 353 1093 407 Esquilinum
1114 352 1460 408 Quirinalemque
1485 370 1601 396 mon—
1665 354 1671 404 ξ

269 415 374 466 tem,
413 412 599 453 maximo
638 426 796 467 aggere
834 412 1000 453 obiecto
1032 411 1149 453 fossa
1181 412 1421 466 cingeretur
1450 414 1601 454 vastis·
1669 415 1671 420 ’

269 471 399 524 sima,
437 473 565 524 atque
601 472 650 511 ut
687 471 750 510 ita
787 470 953 511 munita
984 485 1059 511 arx
1092 470 1363 512 circumiectu
1395 471 1527 513 arduo
1560 475 1602 513 et
1636 472 1669 507 52

267 547 305 581 p.
331 531 416 581 261]
450 528 584 583 qualsi
621 528 869 570 circumciso
908 543 1010 569 saxo
1048 529 1275 582 niteretur,
1312 532 1360 570 ut
1397 530 1526 571 etiam
1557 530 1603 571 in
1665 528 1669 579 ,k

268 587 346 628 illa
388 589 646 642 tempestate
685 586 884 628 horribili
927 586 1083 628 Gallici
1127 587 1333 629 adventus
1375 588 1602 630 incolumis

269 649 398 700 atque
430 646 592 687 intacta
622 645 916 699 permanserit.
971 645 1215 700 Locumque
1247 646 1408 702 delegit
1439 649 1482 687 et
1511 647 1602 688 fon-

268 705 384 746 tibus
427 704 715 746 abundantem
752 706 795 745 et
832 704 877 744 in
912 704 1086 760 regione
1119 704 1338 758 pestilenti
1369 705 1603 760 salubrem,

269 763 400 805 colles
433 763 545 804 enim
577 765 693 815 sunt,
733 763 805 816 qui
836 777 931 804 cum
961 763 1198 817 perflantur
1228 763 1329 818 ipsi,
1365 766 1458 805 tum
1490 764 1602 805 adfe-
1621 777 1656 801 ιο

269 824 370 863 runt
400 821 598 862 umbram
628 821 827 862 vallibus.

358 880 501 934 Atque
538 880 643 921 haec
680 880 849 934 quidem
886 880 1159 935 perceleriter
1190 880 1390 934 confecit3
1428 894 1529 922 nam
1560 883 1604 922 et

269 939 419 980 urbem
457 938 698 991 constituit,
739 953 865 992 quam
899 953 920 980 e
954 953 1030 980 suo
1062 939 1233 980 nomine
1264 938 1446 981 Romam
1477 939 1604 981 iussit

268 1017 304 1049 p.
331 999 416 1050 262]
453 997 685 1051 nominari,
725 1000 768 1038 et
805 997 859 1038 ad
889 995 1154 1053 firmanssdam
1190 1012 1347 1039 novam
1384 998 1603 1039 civitatem

268 1071 427 1098 novum
460 1056 672 1110 quoddam
705 1058 748 1096 et
780 1056 1031 1111 subagreste
1063 1056 1300 1109 consilium,
1332 1057 1403 1098 sed
1436 1057 1490 1098 ad
1515 1071 1602 1098 mu·
1621 1069 1654 1094 15

268 1115 445 1156 niendas
486 1129 588 1169 opes
628 1113 752 1170 regni
790 1129 839 1156 ac
874 1115 1025 1169 populi
1063 1115 1129 1155 sui
1166 1115 1313 1170 magni
1342 1115 1528 1157 hominis
1561 1118 1604 1157 et

269 1174 355 1216 iam
394 1177 485 1215 tum
523 1175 651 1228 longe
688 1173 952 1228 providentis
985 1176 1153 1220 secutus
1187 1176 1263 1228 est,
1295 1188 1390 1215 cum
1422 1172 1603 1215 Sabinas

269 1233 450 1274 honesto
494 1235 611 1273 ortas
655 1231 750 1273 loco
787 1232 994 1287 virgines,
1039 1246 1146 1286 quae
1185 1231 1368 1273 Romam
1406 1232 1604 1274 ludorum

271 1293 413 1346 gratia
449 1291 682 1343 venissent,
721 1305 827 1344 quos
865 1294 957 1331 tum
996 1291 1181 1345 primum
1214 1291 1527 1333 anniversarios
1558 1291 1604 1332 in

271 1351 380 1391 circo
417 1349 556 1391 facere
594 1349 871 1403 instituisset,
910 1348 1194 1390 Consualibus
1233 1350 1327 1404 rapi
1357 1349 1484 1399 iussit
1515 1364 1604 1391 eas·
1622 1362 1656 1387 20

269 1428 304 1460 p.
320 1413 406 1461 271]
428 1423 508 1462 que
534 1408 580 1448 in
603 1405 866 1448 familiarum
892 1408 1254 1462 amplissimarum
1282 1408 1287 1461 Ι
1316 1408 1603 1450 matrimoniis

270 1467 508 1509 collocavit.
553 1466 644 1515 Qua
676 1481 725 1507 ex
758 1481 886 1508 causa
917 1481 1011 1508 cum
1038 1466 1199 1507 bellum
1226 1466 1429 1507 Romanis
1457 1466 1605 1508 Sabini

269 1526 518 1567 intulissent
555 1525 790 1580 proeliique
828 1527 1044 1567 certamen
1083 1525 1249 1566 varium
1288 1528 1416 1579 atque
1449 1540 1603 1580 anceps

269 1585 437 1638 fuisset,
482 1599 574 1626 cum
614 1583 660 1625 T.
698 1583 841 1637 Tatio,
885 1598 984 1639 rege
1022 1581 1295 1635 Sabinorum,
1336 1583 1486 1625 foedus
1529 1584 1604 1626 icit

271 1643 478 1685 matronis
509 1643 626 1697 ipsis,
659 1657 766 1697 quae
798 1645 947 1696 raptae
973 1645 1106 1696 erant,
1139 1643 1378 1697 orantibus3
1411 1657 1493 1697 quo
1518 1643 1604 1685 foe·
1622 1654 1651 1680 2⁵

271 1703 367 1743 dere
399 1705 442 1743 et
475 1701 656 1743 Sabinos
687 1701 732 1742 in
763 1701 982 1742 civitatem
1014 1701 1194 1742 adscivit
1227 1701 1357 1742 sacris
1389 1702 1604 1743 conmuni-

271 1761 377 1803 catis
411 1763 453 1802 et
484 1775 664 1815 regnum
696 1774 820 1801 suum
851 1774 947 1801 cum
978 1760 1152 1801 illorum
1183 1774 1284 1815 rege
1316 1759 1506 1801 sociavit.

357 1819 463 1861 Post
488 1819 710 1860 interitum
739 1820 883 1859 autem
903 1817 1017 1859 Tatii
1044 1833 1138 1859 cum
1166 1818 1219 1859 acl
1245 1833 1340 1859 eum
1360 1818 1603 1860 dominatus

269 1897 304 1930 p.
321 1880 406 1929 272]
435 1878 572 1919 omnis
599 1877 853 1930 reccidisset,
882 1877 886 1931 Ι
916 1891 1175 1931 quamquam
1200 1891 1296 1918 cum
1322 1876 1447 1919 Tatio
1472 1878 1518 1918 in
1541 1892 1604 1919 re-

271 1937 388 1992 gium
421 1937 645 1978 consilium
671 1935 890 1990 delegerat
916 1936 1127 1990 principes
1154 1934 1245 1990 (qui
1271 1936 1479 1990 appellati
1504 1938 1604 1977 sunt
1621 1947 1646 1972 81

269 1997 446 2050 propter
471 1995 695 2037 caritatem
721 1992 915 2049 patres)
943 1995 1232 2048 populumque
1258 1996 1301 2035 et
1327 2009 1403 2036 suo
1425 1997 1468 2035 et
1489 1994 1604 2036 Tatii

269 2054 440 2095 nomine
481 2055 524 2094 et
561 2053 837 2105 Lucumonis,
879 2053 951 2106 qui
983 2052 1155 2094 Romuli
1193 2052 1331 2094 socius
1369 2053 1413 2093 in
1445 2051 1602 2095 Sabino

270 2112 433 2167 proelio
467 2112 689 2166 occiderat,
720 2111 766 2152 in
796 2111 934 2152 tribus
966 2111 1046 2152 tris
1078 2111 1301 2165 curiasque
1332 2111 1514 2166 triginta
1546 2112 1605 2153 di·

271 2171 501 2226 scripserat
540 2169 664 2224 (quas
703 2170 841 2211 curias
879 2184 1025 2210 earum
1055 2170 1300 2211 nominibus
1331 2171 1603 2225 nuncupavit,

270 2244 378 2284 quae
417 2243 466 2270 ex
499 2227 669 2269 Sabinis
706 2228 894 2283 virgines
932 2231 1081 2282 raptae
1119 2230 1270 2282 postea
1306 2227 1476 2270 fuerant
1512 2240 1638 2270 ora-3

268 2289 397 2330 trices
433 2287 550 2343 pacis
589 2289 632 2328 et
667 2285 869 2342 foederis)
902 2310 957 2317 -—
990 2286 1064 2328 sed
1102 2301 1359 2341 quamquam
1397 2302 1447 2328 ea
1477 2287 1602 2329 Tatio

268 2365 303 2398 p.
330 2348 415 2399 237]
455 2346 516 2388 sic
550 2347 672 2387 erant
700 2347 704 2398 Ι
733 2345 938 2399 discripta
968 2345 1084 2397 vivo,
1122 2348 1266 2386 tamen
1298 2360 1346 2387 eo
1377 2345 1602 2388 interfecto
