1685 2568
201 645 246 676 34

209 1282 401 1325 15tura‘?
457 1281 699 1324 Concedam
742 1281 824 1323 hoc
866 1281 1028 1335 ipsum,
1077 1281 1114 1322 si
1156 1280 1239 1335 vis,
1284 1280 1366 1322 etsi
1409 1296 1612 1338 magnam
1632 1293 1668 1320 20³

204 1408 247 1440 35

205 2115 248 2145 36

267 69 354 112 208
733 70 797 106 DE
823 69 1145 106 DIVINATIONE

270 167 395 221 gunt3
434 181 536 208 nam
572 168 615 208 et
652 167 944 208 musculorum
980 165 1194 207 iecuscula
1225 165 1380 209 bruma
1411 167 1610 209 dicuntur

269 224 429 281 augeri,
462 228 505 266 et
535 225 725 280 puleium
759 225 924 267 aridum
950 225 1172 266 florescere
1198 223 1386 266 brumali
1409 225 1504 281 ipso
1531 226 1609 281 die,

269 286 312 325 et
342 284 515 325 inflatas
547 284 689 338 rumpi
720 283 943 337 vesiculas,
975 285 1018 324 et
1050 282 1215 324 semina
1242 283 1467 339 malorum,
1500 299 1609 340 quae
1668 309 1670 311 ·

268 342 314 383 in
345 342 398 383 iis
431 342 581 383 mediis
613 342 779 384 inclusa
811 342 909 396 sint,
939 341 986 382 in
1016 340 1255 383 contrarias
1283 342 1423 396 partis
1450 357 1494 384 se
1519 358 1610 385 ver-

269 403 372 454 tere,
403 401 490 442 iam
521 415 675 442 nervos
706 401 752 441 in
781 400 936 441 fidibus
969 399 1066 441 aliis
1097 399 1234 455 pulsis
1261 414 1462 443 resonare
1488 402 1609 456 alios,
1646 412 1665 440 ει

270 459 509 513 ostreisque
547 461 590 500 et
626 458 861 513 conchyliis
900 458 1098 500 omnibus
1130 457 1396 514 contingere,
1434 461 1483 501 ut
1513 475 1610 502 cum
1663 487 1666 490 -

270 518 374 558 luna
398 518 562 572 pariter
587 520 780 559 crescant
799 517 1045 572 pariterque
1066 517 1324 571 decrescant,
1351 518 1611 573 arboresque

270 578 319 617 ut
350 576 527 617 hiemali
557 579 753 631 tempore
785 591 881 618 011111
912 576 1015 617 luna
1046 575 1173 617 simul
1206 579 1470 632 senescente,
1511 578 1612 632 quia
1670 595 1672 597 ’

271 637 365 676 tum
398 635 634 677 exsiccatae
667 635 765 690 sint,
796 634 1052 690 tempestive
1083 633 1201 676 caedi
1231 637 1448 689 putentur.
1501 635 1611 685 Quid

273 694 324 735 de
359 693 483 735 fretis
522 696 596 735 aut
628 693 678 735 de
710 693 886 735 marinis
920 693 1109 735 aestibus
1140 693 1267 748 plura
1299 693 1465 736 dicam?
1508 709 1611 749 quo-
1632 707 1673 734 1114

272 767 367 794 111111
412 766 605 794 accessus
650 755 694 794 et
736 766 926 794 recessus
971 752 1098 793 lunae
1140 754 1262 793 motu
1304 753 1611 808 gubernantur.

273 809 476 853 Sescenta
515 811 616 853 licet
653 811 843 853 eiusdem
881 810 997 852 modi
1033 810 1234 865 proferri,
1274 813 1323 852 ut
1359 811 1609 853 distantium

271 884 414 911 rerum
435 870 636 926 cognatio
655 870 867 911 naturalis
887 867 1111 924 appareat)
1132 893 1189 898 —
1204 868 1351 910 demus
1371 870 1472 925 hoc3
1502 871 1612 912 nihil

273 928 386 970 enim
417 929 517 971 huic
548 929 832 984 disputationi
863 928 1133 982 adversatur3
1162 942 1265 969 num
1297 927 1445 983 etiam,
1478 930 1514 970 si
1544 930 1613 970 fis-

274 1002 369 1029 sum
401 987 622 1029 cuiusdam
652 988 769 1028 modi
799 987 931 1028 fuerit
960 986 1007 1028 in
1035 987 1191 1041 iecore,
1231 986 1397 1028 lucrum
1429 988 1612 1029 ostendi·
1632 999 1671 1028 15²

271 1047 371 1088 tur?
416 1061 501 1101 qua
538 1061 588 1088 ex
627 1046 923 1088 coniunctione
960 1047 1139 1087 naturae
1178 1047 1221 1086 et
1252 1045 1375 1099 quasi
1407 1049 1614 1088 concentu
1666 1098 1668 1102 ‚

273 1108 402 1160 atque
440 1119 666 1159 consensu,
705 1120 833 1160 quam
873 1102 1155 1158 συμπάθειαν
1189 1103 1341 1146 Graeci
1379 1106 1613 1160 appellant,

273 1164 499 1206 convenire
536 1166 681 1220 potest
719 1166 793 1205 aut
829 1164 979 1205 fissum
1016 1163 1168 1204 iecoris
1201 1177 1297 1205 cum
1329 1163 1484 1206 lucello
1517 1179 1611 1207 meo

274 1225 349 1264 aut
380 1237 499 1265 meus
532 1223 822 1278 quaesticulus
855 1237 950 1264 cum
982 1222 1113 1276 caelo,
1144 1224 1261 1264 terra
1288 1236 1516 1277 rerumque
1540 1238 1613 1265 na-

273 1342 484 1383 iacturam
522 1355 675 1383 causae
712 1339 870 1394 fecero,
909 1339 946 1381 si
982 1339 1117 1381 ullam
1150 1354 1241 1381 esse
1273 1340 1613 1383 convenientiam

273 1402 453 1442 naturae
485 1414 582 1441 cum
614 1399 723 1440 extis
756 1413 1022 1453 concessero,
1055 1398 1128 1440 sed
1158 1401 1305 1440 tamen
1336 1413 1385 1440 οο
1412 1414 1612 1442 concesso

276 1459 350 1514 qui
387 1458 545 1512 evenit,
586 1460 634 1499 ut
670 1458 725 1512 is,
767 1457 839 1512 qui
876 1457 1096 1512 impetrire
1128 1457 1250 1512 velit,
1291 1458 1613 1500 convenientem

273 1517 465 1560 hostiam
490 1517 618 1559 rebus
645 1516 732 1558 suis
758 1516 983 1558 immolet?
1026 1515 1121 1558 Hoc
1147 1518 1250 1571 erat,
1283 1516 1396 1570 quod
1421 1531 1501 1573 ego
1526 1532 1614 1560 non

274 1577 402 1618 rebar
450 1590 578 1631 posse
619 1575 808 1617 dissolvi.
869 1574 931 1617 At
975 1589 1103 1630 quam
1145 1574 1299 1617 festive
1344 1575 1611 1618 dissolvitur!
1631 1587 1685 1634 27·

274 1636 407 1691 pudet
438 1649 505 1676 me
535 1649 623 1676 non
653 1635 717 1676 tui
749 1634 931 1688 quidem,
963 1634 1082 1681 cuius
1109 1634 1240 1675 etiam
1265 1635 1518 1676 memoriam
1544 1635 1614 1677 ad-

275 1695 426 1749 miror,
465 1693 539 1735 sed
572 1693 817 1748 Chrysippi,
856 1693 1096 1748 Antipatri,
1127 1691 1364 1748 Posidonii,
1397 1694 1471 1748 qui
1500 1694 1613 1736 idem

274 1754 386 1795 istuc
413 1753 583 1807 quidem
610 1752 766 1807 dicunt,
799 1752 913 1806 quod
937 1755 1003 1794 est
1029 1751 1189 1793 dictum
1215 1766 1241 1793 a
1265 1754 1320 1806 te,
1347 1752 1401 1800 ad
1424 1752 1612 1795 hostiam

276 1812 546 1868 deligendam
584 1811 734 1853 ducem
771 1825 862 1852 esse
898 1811 986 1852 vim
1019 1810 1233 1865 quandam
1264 1810 1519 1852 sentientem
1551 1814 1614 1854 at-

276 1886 357 1925 que
364 1848 584 1925 Udivinam,
617 1884 725 1925 quae
750 1871 845 1911 toto
872 1869 1049 1911 confusa
1073 1869 1230 1912 mundo
1258 1869 1325 1910 sit
1371 1868 1486 1912 Illud
1511 1885 1612 1913 vero
1629 1881 1658 1923 231

276 1930 413 1971 multo
452 1930 582 1971 etiam
619 1929 790 1983 melius,
829 1928 941 1983 quod
979 1931 1022 1970 et
1057 1943 1082 1970 a
1112 1931 1155 1969 te
1186 1930 1440 1983 usurpatum
1473 1931 1538 1971 est
1570 1931 1639 1971 et*

276 1989 431 2030 dicitur
468 1988 522 2029 ab
560 1988 666 2029 illis:
710 2002 805 2029 cum
843 1987 1068 2029 immolare
1107 1987 1320 2042 quispiam
1357 1987 1478 2042 velit,
1519 1990 1612 2030 tum

273 2047 367 2089 fieri
408 2050 603 2089 extorum
644 2046 944 2100 mutationem,
985 2048 1033 2087 ut
1074 2049 1148 2087 aut
1185 2045 1299 2088 absit
1337 2046 1499 2101 aliquid
1538 2049 1612 2089 aut

277 2106 480 2172 supersit3
524 2105 699 2147 deorum
742 2105 855 2146 enim
891 2080 1055 2146 numini
1092 2119 1241 2159 parere
1279 2105 1433 2147 omnia.
1494 2105 1611 2148 Haec

274 2165 379 2220 iam,
410 2164 517 2206 mihi
549 2164 681 2218 crede,
713 2179 766 2205 ne
798 2163 990 2206 aniculae
1023 2163 1193 2218 quidem
1226 2164 1485 2205 existimant.
1540 2164 1653 2206 Ans}
1684 2211 1685 2214 Ἴ

275 2238 432 2278 censes,
464 2223 644 2265 eundem
674 2223 858 2264 vitulum
891 2222 928 2264 si
959 2221 1067 2264 alius
1101 2222 1318 2279 delegerit,
1350 2222 1440 2264 sine
1472 2223 1611 2278 capite

274 2283 389 2325 iecur
413 2282 706 2333 inventurum3
738 2281 774 2323 si
800 2281 922 2334 alius,
948 2296 1043 2323 cum
1070 2281 1238 2336 capite?
1282 2281 1400 2323 Haec
1422 2281 1608 2324 decessio
