1685 2568
243 98 331 139 250
707 100 772 134 DE
796 99 1117 136 DIVINATIONE

244 198 374 250 atque
405 196 625 238 hominum
657 196 985 238 inbecillitatem
1017 196 1252 250 occupavit.
1312 196 1432 246 Quod
1464 200 1507 240 et
1537 199 1582 240 in

245 255 297 296 iis
336 255 458 296 libris
491 255 651 296 dictum
683 257 765 308 est,
804 255 876 309 qui
907 257 1007 296 sunt
1039 254 1089 295 de
1120 257 1277 296 natura
1308 255 1500 311 deorum,
1538 260 1581 299 et

245 314 327 355 hac
359 314 649 368 disputatione
675 313 717 354 id
743 327 940 353 maxume
967 312 1143 367 egimus.
1186 313 1372 355 Multum
1399 315 1512 356 enim
1538 318 1581 357 et

245 373 461 414 nobismet
491 372 598 426 ipsis
631 374 673 412 et
702 371 863 412 nostris
889 371 1104 426 profuturi
1129 371 1391 427 videbamur,
1423 373 1460 415 si
1485 388 1580 415 eam

244 431 437 472 funditus
470 430 805 471 sustulissemus.
858 429 949 471 Nec
979 444 1080 471 vero
1113 428 1175 485 (id
1206 430 1318 472 enim
1351 407 1580 487 diligenter
1615 445 1631 472 ⁵
1652 436 1669 457 '²

245 489 442 545 intellegi
479 487 598 554 volo)
638 488 941 543 superstitione
979 488 1172 530 tollenda
1208 489 1361 545 religio
1398 491 1580 532 tollitur.

245 548 357 589 Nam
390 550 433 588 et
464 547 675 588 maiorum
706 547 908 588 instituta
932 547 1045 588 tueri
1070 547 1202 589 sacris
1229 548 1581 604 caerimoniisque

245 606 479 648 retinendis
511 605 718 660 sapientis
751 608 832 659 est,
871 607 913 647 et
945 620 1036 647 esse
1068 608 1360 660 praestantem
1392 607 1580 662 aliquam

246 667 547 719 aeternamque
578 666 796 718 naturam,
828 666 871 706 et
902 679 994 705 eam
1026 665 1339 719 suspiciendam
1372 666 1581 708 admiran-

246 725 427 779 damque
447 723 668 765 hominum
690 723 835 778 generi
853 723 1126 777 pulchritudo
1147 724 1292 765 mundi
1313 724 1500 779 ordoque
1520 740 1581 767 re·
1600 737 1632 764 10
1657 740 1660 762 τ

178 793 242 824 149
257 798 351 824 rum
372 782 620 824 caelestium
641 781 757 837 cogit
777 782 981 823 confiteri.
1013 781 1150 830 Quam
1170 783 1224 823 ob
1245 797 1345 837 rem,
1365 786 1413 824 ut
1427 783 1580 839 religio

245 841 525 897 propaganda
556 840 687 882 etiam
713 843 790 894 est,
821 855 929 894 quae
955 843 1020 881 est
1044 841 1190 882 iuncta
1215 856 1310 883 cum
1337 842 1581 897 cognitione

244 903 435 953 naturae,
469 900 528 941 sic
551 899 869 954 superstitionis
896 899 1051 954 stirpes
1078 914 1224 941 omnes
1252 900 1483 956 eligendae.
1515 900 1582 942 In-

246 962 335 1000 stat
361 959 473 1000 enim
497 960 539 1000 et
558 960 684 1013 urget
704 960 759 1012 et,
785 972 868 1012 quo
888 960 932 999 te
953 972 1131 1012 cumque
1150 959 1342 1014 verteris,
1367 960 1582 1014 persequi-

245 1021 328 1072 tur,
354 1018 443 1059 sive
462 1020 510 1058 tu
529 1019 673 1059 vatem
694 1017 782 1058 sive
803 1020 851 1057 tu
872 1031 997 1058 omen
1017 1017 1212 1071 audieris,
1233 1017 1322 1059 sive
1341 1018 1579 1060 immolaris
1600 1031 1630 1057 15

245 1077 334 1118 sive
353 1091 475 1118 avem
490 1075 717 1142 aspexeris,
739 1075 775 1116 si
789 1074 1063 1130 Chaldaeum,
1078 1077 1114 1117 si
1127 1076 1397 1131 haruspicem
1412 1077 1582 1131 videris,

245 1136 282 1177 si
312 1135 495 1189 fulserit,
528 1134 564 1176 si
595 1134 796 1187 tonuerit,
829 1135 864 1175 si
892 1137 1056 1176 tactum
1082 1134 1240 1189 aliquid
1268 1135 1349 1176 erit
1375 1136 1425 1176 de
1452 1135 1582 1190 caelo,

247 1195 282 1236 si
321 1194 482 1236 ostenti
520 1193 659 1234 simile
695 1196 845 1234 natum
876 1193 1092 1234 factumve
1125 1194 1363 1248 quippiam,
1401 1209 1582 1249 quorum

244 1267 417 1294 necesse
456 1254 521 1294 est
558 1253 808 1307 plerumque
847 1252 1008 1306 aliquid
1047 1252 1231 1305 eveniat,
1269 1255 1317 1293 ut
1347 1267 1581 1306 numquam

177 1322 243 1353 150
263 1312 390 1353 liceat
435 1311 580 1366 quieta
623 1313 764 1352 mente
809 1311 1051 1352 consistere.
1118 1310 1369 1366 Perfugium
1413 1311 1582 1352 videtur
1600 1323 1632 1348 2⁰

246 1371 435 1413 omnium
473 1370 669 1411 laborum
709 1371 751 1410 et
783 1369 1116 1410 sollicitudinum
1150 1384 1242 1411 esse
1274 1385 1459 1411 somnus.
1521 1369 1582 1411 At

245 1445 295 1471 ex
333 1444 382 1471 eo
419 1429 514 1494 ipso
552 1429 777 1483 plurumae
809 1443 933 1469 curae
965 1431 1187 1483 metusque
1218 1432 1470 1494 nascuntur3
1509 1429 1582 1483 qui

246 1488 417 1543 quidem
452 1487 536 1542 ipsi
572 1501 649 1542 per
681 1502 725 1528 se
757 1487 895 1528 minus
926 1487 1120 1528 valerent
1152 1489 1195 1528 et
1225 1488 1365 1543 magis
1397 1490 1581 1529 contem-

243 1549 457 1600 nerentur,
487 1546 571 1587 nisi
603 1545 867 1587 somniorum
898 1546 1184 1600 patrocinium
1215 1524 1465 1612 philosoplii
1494 1560 1581 1587 sus-

245 1580 475 1661 cepissent,
512 1619 590 1647 nec
629 1604 660 1645 ii
698 1604 866 1659 quidem
905 1604 1281 1660 contemptissimi,
1319 1605 1393 1646 sed
1423 1605 1468 1646 in
1498 1605 1581 1660 pri·
1598 1614 1629 1642 2⁵

244 1666 326 1706 mis
371 1664 485 1706 acuti
528 1666 571 1705 et
614 1663 917 1717 consequentia
960 1666 1002 1704 et
1045 1663 1334 1719 repugnantia
1376 1663 1580 1718 videntes,

245 1724 318 1777 qui
349 1737 482 1778 prope
512 1722 599 1764 iam
632 1722 820 1763 absoluti
851 1724 894 1763 et
924 1721 1103 1776 perfecti
1129 1724 1348 1777 putantur.
1392 1721 1581 1771 Quorum

245 1782 443 1824 licentiae
474 1781 558 1822 nisi
590 1780 828 1822 Carneades
861 1781 1110 1835 restitisset,
1148 1781 1262 1822 haud
1294 1780 1380 1823 scio
1413 1796 1469 1823 an
1499 1781 1581 1822 soli

244 1842 331 1882 iam
368 1840 589 1895 philosphi
626 1840 925 1881 iudicarentur.
982 1838 1089 1881 Cum
1128 1840 1281 1894 quibus
1319 1840 1458 1881 omnis
1492 1840 1580 1881 fere

244 1899 368 1941 nobis
402 1898 656 1952 disceptatio
689 1898 991 1952 contentioque
1023 1901 1100 1952 est,
1131 1913 1218 1940 non
1250 1898 1363 1953 quod
1395 1912 1466 1940 eos
1496 1913 1580 1939 ma·
1598 1908 1629 1935 30
1682 1891 1685 1940 Ϊ

244 1973 369 2000 xume
396 1960 730 2011 contemnamus,
763 1957 835 1997 sed
863 1957 975 2011 quod
999 1956 1197 1998 videntur
1222 1957 1466 1999 acutissime
1493 1971 1581 1998 sen-

244 2017 402 2058 tentias
436 2030 533 2057 suas
566 2016 978 2070 prudentissimeque
1010 2015 1243 2057 defendere.
1300 2015 1407 2058 Cum
1439 2018 1580 2057 autem

244 2075 466 2130 proprium
499 2075 555 2115 sit
580 2074 840 2116 Academiae
886 2074 1086 2116 iudicium
1113 2089 1237 2115 suum
1262 2075 1427 2115 nullum
1454 2074 1580 2115 inter-

244 2148 420 2189 ponere,
464 2147 514 2174 ea
556 2133 758 2187 probare,
803 2148 909 2187 quae
954 2133 1176 2174 simillima
1218 2133 1308 2174 veri
1345 2133 1580 2187 videantur,

245 2192 437 2235 conferre
475 2206 625 2233 causas
659 2194 717 2245 et,
757 2192 858 2245 quid
890 2192 934 2232 in
967 2206 1178 2246 quamque
1210 2192 1467 2233 sententiam
1499 2165 1648 2245 (116131ι
1682 2217 1685 2241 ¹.

244 2251 394 2318 possit,
427 2265 686 2305 expromere,
716 2251 836 2291 nulla
867 2251 1061 2292 adhibita
1093 2265 1170 2291 sua
1196 2250 1452 2292 auctoritate
1477 2249 1580 2291 iudi

244 2310 358 2352 cium
389 2309 653 2352 audientium
684 2309 924 2364 relinquere
956 2310 1173 2364 integrum
1205 2324 1254 2351 ac
1286 2310 1486 2364 liberum,
1521 2311 1579 2350 te-

1649 1350 1653 1395 Ι
