<?xml version="1.0" encoding="UTF-8"?>
<!DOCTYPE html PUBLIC "-//W3C//DTD XHTML 1.0 Transitional//EN"
    "http://www.w3.org/TR/xhtml1/DTD/xhtml1-transitional.dtd">
<html xmlns="http://www.w3.org/1999/xhtml" xml:lang="en" lang="en">
 <head>
  <title>
</title>
<meta http-equiv="Content-Type" content="text/html;charset=utf-8" />
  <meta name='ocr-system' content='tesseract 3.04.00' />
  <meta name='ocr-capabilities' content='ocr_page ocr_carea ocr_par ocr_line ocrx_word'/>
</head>
<body>
  <div class='ocr_page' id='page_1' title='image "./p2scriptaquaemanse04ciceuoft_0153.png"; bbox 0 0 1685 2568; ppageno 0'>
   <div class='ocr_carea' id='block_1_1' title="bbox 377 153 1406 198">
    <p class='ocr_par' dir='ltr' id='par_1_1' title="bbox 377 153 1406 198">
     <span class='ocr_line' id='line_1_1' title="bbox 377 153 1406 198; baseline 0.004 -10"><span class='ocrx_word' id='word_1_1' title='bbox 377 153 465 189; x_wconf 88' lang='lat' dir='ltr'><strong>LIB.</strong></span> <span class='ocrx_word' id='word_1_2' title='bbox 492 154 537 190; x_wconf 91' lang='lat' dir='ltr'>II.</span> <span class='ocrx_word' id='word_1_3' title='bbox 566 153 665 189; x_wconf 89' lang='lat' dir='ltr'><strong>CAP.</strong></span> <span class='ocrx_word' id='word_1_4' title='bbox 693 157 843 189; x_wconf 83' lang='lat'>59—61.</span> <span class='ocrx_word' id='word_1_5' title='bbox 869 157 889 196; x_wconf 67' lang='grc' dir='ltr'>ἓ</span> <span class='ocrx_word' id='word_1_6' title='bbox 917 158 1111 190; x_wconf 80' lang='lat'>147—153.</span> <span class='ocrx_word' id='word_1_7' title='bbox 1330 156 1406 198; x_wconf 85' lang='lat'>101</span> 
     </span>
    </p>
   </div>
   <div class='ocr_carea' id='block_1_2' title="bbox 17 249 1517 2423">
    <p class='ocr_par' dir='ltr' id='par_1_2' title="bbox 69 249 1517 480">
     <span class='ocr_line' id='line_1_2' title="bbox 69 249 1410 305; baseline 0 -13"><span class='ocrx_word' id='word_1_8' title='bbox 69 250 123 292; x_wconf 88' lang='lat' dir='ltr'>ad</span> <span class='ocrx_word' id='word_1_9' title='bbox 148 250 325 291; x_wconf 87' lang='lat' dir='ltr'>inventa</span> <span class='ocrx_word' id='word_1_10' title='bbox 350 250 505 304; x_wconf 88' lang='lat' dir='ltr'>animo,</span> <span class='ocrx_word' id='word_1_11' title='bbox 532 251 736 305; x_wconf 87' lang='lat' dir='ltr'>percepta</span> <span class='ocrx_word' id='word_1_12' title='bbox 761 249 957 290; x_wconf 85' lang='lat' dir='ltr'>sensibus</span> <span class='ocrx_word' id='word_1_13' title='bbox 984 250 1189 291; x_wconf 70' lang='lat' dir='ltr'>adhibitis</span> <span class='ocrx_word' id='word_1_14' title='bbox 1211 250 1410 304; x_wconf 89' lang='lat' dir='ltr'>opificum</span> 
     </span>
     <span class='ocr_line' id='line_1_3' title="bbox 69 308 1412 363; baseline 0 -13"><span class='ocrx_word' id='word_1_15' title='bbox 69 308 267 350; x_wconf 89' lang='lat' dir='ltr'>manibus</span> <span class='ocrx_word' id='word_1_16' title='bbox 300 309 444 350; x_wconf 89' lang='lat' dir='ltr'>omnia</span> <span class='ocrx_word' id='word_1_17' title='bbox 474 322 552 350; x_wconf 87' lang='lat' dir='ltr'>nos</span> <span class='ocrx_word' id='word_1_18' title='bbox 585 310 846 362; x_wconf 87' lang='lat' dir='ltr'>consecutos,</span> <span class='ocrx_word' id='word_1_19' title='bbox 877 310 927 349; x_wconf 90' lang='lat' dir='ltr'>ut</span> <span class='ocrx_word' id='word_1_20' title='bbox 952 308 1068 362; x_wconf 89' lang='lat' dir='ltr'>tecti,</span> <span class='ocrx_word' id='word_1_21' title='bbox 1098 311 1147 349; x_wconf 93' lang='lat' dir='ltr'>ut</span> <span class='ocrx_word' id='word_1_22' title='bbox 1172 309 1332 363; x_wconf 89' lang='lat' dir='ltr'>vestiti,</span> <span class='ocrx_word' id='word_1_23' title='bbox 1363 313 1412 351; x_wconf 89' lang='lat' dir='ltr'>ut</span> 
     </span>
     <span class='ocr_line' id='line_1_4' title="bbox 70 342 1517 423; baseline 0.001 -15"><span class='ocrx_word' id='word_1_24' title='bbox 70 367 180 409; x_wconf 87' lang='lat' dir='ltr'>salvi</span> <span class='ocrx_word' id='word_1_25' title='bbox 212 382 303 409; x_wconf 91' lang='lat' dir='ltr'>esse</span> <span class='ocrx_word' id='word_1_26' title='bbox 335 381 577 423; x_wconf 84' lang='lat' dir='ltr'>possemus,</span> <span class='ocrx_word' id='word_1_27' title='bbox 609 366 748 419; x_wconf 82' lang='lat' dir='ltr'>urbeS,</span> <span class='ocrx_word' id='word_1_28' title='bbox 780 381 937 420; x_wconf 86' lang='lat' dir='ltr'>mur,os</span> <span class='ocrx_word' id='word_1_29' title='bbox 971 342 1200 421; x_wconf 81' lang='lat' dir='ltr'>doniicilia,</span> <span class='ocrx_word' id='word_1_30' title='bbox 1232 367 1412 409; x_wconf 89' lang='lat' dir='ltr'>delubra</span> <span class='ocrx_word' id='word_1_31' title='bbox 1471 391 1517 423; x_wconf 38' lang='grc' dir='ltr'>»χχ</span> 
     </span>
     <span class='ocr_line' id='line_1_5' title="bbox 69 425 1477 480; baseline 0 -13"><span class='ocrx_word' id='word_1_32' title='bbox 69 425 336 467; x_wconf 63' lang='lat' dir='ltr'>hadom-‚emus</span> <span class='ocrx_word' id='word_1_33' title='bbox 386 425 478 467; x_wconf 91' lang='lat' dir='ltr'>Iam</span> <span class='ocrx_word' id='word_1_34' title='bbox 509 439 610 467; x_wconf 89' lang='lat' dir='ltr'>vero</span> <span class='ocrx_word' id='word_1_35' title='bbox 644 425 844 479; x_wconf 75' lang='lat' dir='ltr'>operibus</span> <span class='ocrx_word' id='word_1_36' title='bbox 876 425 1112 480; x_wconf 91' lang='lat' dir='ltr'>hominum,</span> <span class='ocrx_word' id='word_1_37' title='bbox 1143 426 1186 467; x_wconf 84' lang='lat' dir='ltr'>id</span> <span class='ocrx_word' id='word_1_38' title='bbox 1212 428 1278 467; x_wconf 93' lang='lat' dir='ltr'>est</span> <span class='ocrx_word' id='word_1_39' title='bbox 1306 441 1392 468; x_wconf 87' lang='lat' dir='ltr'>ma·</span> <span class='ocrx_word' id='word_1_40' title='bbox 1416 436 1477 467; x_wconf 90' lang='lat'>151</span> 
     </span>
    </p>

    <p class='ocr_par' dir='ltr' id='par_1_3' title="bbox 33 483 1413 774">
     <span class='ocr_line' id='line_1_6' title="bbox 33 483 1412 539; baseline 0.001 -15"><span class='ocrx_word' id='word_1_41' title='bbox 33 485 213 538; x_wconf 87' lang='lat' dir='ltr'>5nibus,</span> <span class='ocrx_word' id='word_1_42' title='bbox 254 485 338 526; x_wconf 90' lang='lat' dir='ltr'>cibi</span> <span class='ocrx_word' id='word_1_43' title='bbox 379 485 509 526; x_wconf 89' lang='lat' dir='ltr'>etiam</span> <span class='ocrx_word' id='word_1_44' title='bbox 549 483 737 525; x_wconf 87' lang='lat' dir='ltr'>varietas</span> <span class='ocrx_word' id='word_1_45' title='bbox 775 484 992 525; x_wconf 87' lang='lat' dir='ltr'>invenitur</span> <span class='ocrx_word' id='word_1_46' title='bbox 1029 486 1072 526; x_wconf 92' lang='lat' dir='ltr'>et</span> <span class='ocrx_word' id='word_1_47' title='bbox 1103 485 1236 539; x_wconf 89' lang='lat' dir='ltr'>copia.</span> <span class='ocrx_word' id='word_1_48' title='bbox 1297 484 1412 526; x_wconf 88' lang='lat' dir='ltr'>Nam</span> 
     </span>
     <span class='ocr_line' id='line_1_7' title="bbox 71 542 1412 599; baseline 0.001 -15"><span class='ocrx_word' id='word_1_49' title='bbox 71 546 114 584; x_wconf 84' lang='lat' dir='ltr'>et</span> <span class='ocrx_word' id='word_1_50' title='bbox 152 543 246 599; x_wconf 89' lang='lat' dir='ltr'>agri</span> <span class='ocrx_word' id='word_1_51' title='bbox 286 544 424 584; x_wconf 90' lang='lat' dir='ltr'>multa</span> <span class='ocrx_word' id='word_1_52' title='bbox 461 543 643 584; x_wconf 87' lang='lat' dir='ltr'>efferunt</span> <span class='ocrx_word' id='word_1_53' title='bbox 674 557 805 584; x_wconf 90' lang='lat' dir='ltr'>manu</span> <span class='ocrx_word' id='word_1_54' title='bbox 836 542 1049 597; x_wconf 83' lang='lat' dir='ltr'>quaesita,</span> <span class='ocrx_word' id='word_1_55' title='bbox 1088 557 1196 597; x_wconf 88' lang='lat' dir='ltr'>quae</span> <span class='ocrx_word' id='word_1_56' title='bbox 1227 543 1295 585; x_wconf 90' lang='lat' dir='ltr'>vel</span> <span class='ocrx_word' id='word_1_57' title='bbox 1328 546 1412 585; x_wconf 89' lang='lat' dir='ltr'>sta-</span> 
     </span>
     <span class='ocr_line' id='line_1_8' title="bbox 70 601 1413 655; baseline 0 -12"><span class='ocrx_word' id='word_1_58' title='bbox 70 603 150 643; x_wconf 88' lang='lat' dir='ltr'>tim</span> <span class='ocrx_word' id='word_1_59' title='bbox 188 604 495 643; x_wconf 68' lang='lat' dir='ltr'>consumantur</span> <span class='ocrx_word' id='word_1_60' title='bbox 525 601 593 643; x_wconf 90' lang='lat' dir='ltr'>vel</span> <span class='ocrx_word' id='word_1_61' title='bbox 625 602 883 643; x_wconf 73' lang='lat' dir='ltr'>mandentur</span> <span class='ocrx_word' id='word_1_62' title='bbox 915 602 1087 644; x_wconf 88' lang='lat' dir='ltr'>condita</span> <span class='ocrx_word' id='word_1_63' title='bbox 1117 602 1338 655; x_wconf 86' lang='lat' dir='ltr'>vetustati,</span> <span class='ocrx_word' id='word_1_64' title='bbox 1371 606 1413 644; x_wconf 90' lang='lat' dir='ltr'>et</span> 
     </span>
     <span class='ocr_line' id='line_1_9' title="bbox 69 660 1412 715; baseline 0.001 -15"><span class='ocrx_word' id='word_1_65' title='bbox 69 663 294 715; x_wconf 81' lang='lat' dir='ltr'>praeterea</span> <span class='ocrx_word' id='word_1_66' title='bbox 329 660 540 702; x_wconf 84' lang='lat' dir='ltr'>vescimur</span> <span class='ocrx_word' id='word_1_67' title='bbox 577 660 729 702; x_wconf 88' lang='lat' dir='ltr'>bestiis</span> <span class='ocrx_word' id='word_1_68' title='bbox 769 663 812 701; x_wconf 89' lang='lat' dir='ltr'>et</span> <span class='ocrx_word' id='word_1_69' title='bbox 849 660 1030 702; x_wconf 89' lang='lat' dir='ltr'>terrenis</span> <span class='ocrx_word' id='word_1_70' title='bbox 1068 662 1112 702; x_wconf 91' lang='lat' dir='ltr'>et</span> <span class='ocrx_word' id='word_1_71' title='bbox 1149 661 1412 715; x_wconf 81' lang='lat' dir='ltr'>aquatilibus</span> 
     </span>
     <span class='ocr_line' id='line_1_10' title="bbox 71 718 1411 774; baseline -0.001 -13"><span class='ocrx_word' id='word_1_72' title='bbox 71 722 114 761; x_wconf 88' lang='lat' dir='ltr'>et</span> <span class='ocrx_word' id='word_1_73' title='bbox 144 719 392 761; x_wconf 90' lang='lat' dir='ltr'>volantibus</span> <span class='ocrx_word' id='word_1_74' title='bbox 424 718 586 773; x_wconf 88' lang='lat' dir='ltr'>partim</span> <span class='ocrx_word' id='word_1_75' title='bbox 617 719 836 774; x_wconf 88' lang='lat' dir='ltr'>capiendo,</span> <span class='ocrx_word' id='word_1_76' title='bbox 868 719 1029 774; x_wconf 87' lang='lat' dir='ltr'>partim</span> <span class='ocrx_word' id='word_1_77' title='bbox 1055 719 1220 761; x_wconf 87' lang='lat' dir='ltr'>alendo.</span> <span class='ocrx_word' id='word_1_78' title='bbox 1270 719 1411 762; x_wconf 72' lang='lat' dir='ltr'>Effiei--</span> 
     </span>
    </p>

    <p class='ocr_par' dir='ltr' id='par_1_4' title="bbox 17 777 1415 1068">
     <span class='ocr_line' id='line_1_11' title="bbox 17 777 1413 834; baseline 0.002 -17"><span class='ocrx_word' id='word_1_79' title='bbox 17 791 51 816; x_wconf 87' lang='lat'>10</span> <span class='ocrx_word' id='word_1_80' title='bbox 71 792 165 819; x_wconf 88' lang='lat' dir='ltr'>mus</span> <span class='ocrx_word' id='word_1_81' title='bbox 199 778 328 819; x_wconf 86' lang='lat' dir='ltr'>etiam</span> <span class='ocrx_word' id='word_1_82' title='bbox 356 777 520 819; x_wconf 90' lang='lat' dir='ltr'>domitu</span> <span class='ocrx_word' id='word_1_83' title='bbox 545 780 695 819; x_wconf 88' lang='lat' dir='ltr'>nostro</span> <span class='ocrx_word' id='word_1_84' title='bbox 724 778 1033 833; x_wconf 83' lang='lat' dir='ltr'>quadripedum</span> <span class='ocrx_word' id='word_1_85' title='bbox 1055 778 1287 833; x_wconf 76' lang='lat' dir='ltr'>vectiones,</span> <span class='ocrx_word' id='word_1_86' title='bbox 1314 794 1413 834; x_wconf 89' lang='lat' dir='ltr'>quo-</span> 
     </span>
     <span class='ocr_line' id='line_1_12' title="bbox 71 836 1414 891; baseline 0.001 -14"><span class='ocrx_word' id='word_1_87' title='bbox 71 851 166 878; x_wconf 88' lang='lat' dir='ltr'>rum</span> <span class='ocrx_word' id='word_1_88' title='bbox 202 836 400 878; x_wconf 87' lang='lat' dir='ltr'>celeritas</span> <span class='ocrx_word' id='word_1_89' title='bbox 434 839 563 891; x_wconf 87' lang='lat' dir='ltr'>atque</span> <span class='ocrx_word' id='word_1_90' title='bbox 594 837 659 878; x_wconf 93' lang='lat' dir='ltr'>vis</span> <span class='ocrx_word' id='word_1_91' title='bbox 691 837 816 878; x_wconf 91' lang='lat' dir='ltr'>nobis</span> <span class='ocrx_word' id='word_1_92' title='bbox 847 837 954 891; x_wconf 89' lang='lat' dir='ltr'>ipsis</span> <span class='ocrx_word' id='word_1_93' title='bbox 987 837 1127 879; x_wconf 84' lang='lat' dir='ltr'>adfert</span> <span class='ocrx_word' id='word_1_94' title='bbox 1158 838 1246 879; x_wconf 90' lang='lat' dir='ltr'>vim</span> <span class='ocrx_word' id='word_1_95' title='bbox 1278 840 1322 879; x_wconf 89' lang='lat' dir='ltr'>et</span> <span class='ocrx_word' id='word_1_96' title='bbox 1352 852 1414 879; x_wconf 91' lang='lat' dir='ltr'>ce-</span> 
     </span>
     <span class='ocr_line' id='line_1_13' title="bbox 70 894 1415 952; baseline 0.001 -16"><span class='ocrx_word' id='word_1_97' title='bbox 70 895 300 937; x_wconf 89' lang='lat' dir='ltr'>leritatem.</span> <span class='ocrx_word' id='word_1_98' title='bbox 367 894 460 936; x_wconf 91' lang='lat' dir='ltr'>Nos</span> <span class='ocrx_word' id='word_1_99' title='bbox 505 910 636 937; x_wconf 89' lang='lat' dir='ltr'>onera</span> <span class='ocrx_word' id='word_1_100' title='bbox 680 895 936 950; x_wconf 86' lang='lat' dir='ltr'>quibusdam</span> <span class='ocrx_word' id='word_1_101' title='bbox 978 896 1146 950; x_wconf 89' lang='lat' dir='ltr'>bestiis,</span> <span class='ocrx_word' id='word_1_102' title='bbox 1189 911 1269 938; x_wconf 86' lang='lat' dir='ltr'>nos</span> <span class='ocrx_word' id='word_1_103' title='bbox 1312 896 1415 952; x_wconf 85' lang='lat' dir='ltr'>iuga</span> 
     </span>
     <span class='ocr_line' id='line_1_14' title="bbox 70 954 1414 1009; baseline 0 -13"><span class='ocrx_word' id='word_1_104' title='bbox 70 954 329 1009; x_wconf 83' lang='lat' dir='ltr'>inponimus,</span> <span class='ocrx_word' id='word_1_105' title='bbox 355 968 433 996; x_wconf 91' lang='lat' dir='ltr'>nos</span> <span class='ocrx_word' id='word_1_106' title='bbox 461 954 788 1009; x_wconf 81' lang='lat' dir='ltr'>elephantorum</span> <span class='ocrx_word' id='word_1_107' title='bbox 809 954 1081 996; x_wconf 87' lang='lat' dir='ltr'>acutissumis</span> <span class='ocrx_word' id='word_1_108' title='bbox 1103 955 1312 1009; x_wconf 88' lang='lat' dir='ltr'>sensibus,</span> <span class='ocrx_word' id='word_1_109' title='bbox 1334 970 1414 997; x_wconf 92' lang='lat' dir='ltr'>nos</span> 
     </span>
     <span class='ocr_line' id='line_1_15' title="bbox 72 1013 1415 1068; baseline 0.001 -14"><span class='ocrx_word' id='word_1_110' title='bbox 72 1013 310 1068; x_wconf 89' lang='lat' dir='ltr'>sagacitate</span> <span class='ocrx_word' id='word_1_111' title='bbox 361 1028 512 1055; x_wconf 86' lang='lat' dir='ltr'>canum</span> <span class='ocrx_word' id='word_1_112' title='bbox 563 1013 617 1054; x_wconf 85' lang='lat' dir='ltr'>ad</span> <span class='ocrx_word' id='word_1_113' title='bbox 666 1014 904 1054; x_wconf 86' lang='lat' dir='ltr'>utilitatem</span> <span class='ocrx_word' id='word_1_114' title='bbox 945 1016 1143 1055; x_wconf 90' lang='lat' dir='ltr'>nostram</span> <span class='ocrx_word' id='word_1_115' title='bbox 1186 1014 1415 1068; x_wconf 84' lang='lat' dir='ltr'>abutimur,</span> 
     </span>
    </p>

    <p class='ocr_par' dir='ltr' id='par_1_5' title="bbox 18 1071 1416 1362">
     <span class='ocr_line' id='line_1_16' title="bbox 18 1071 1416 1127; baseline 0.003 -17"><span class='ocrx_word' id='word_1_116' title='bbox 18 1084 52 1110; x_wconf 88' lang='lat'>15</span> <span class='ocrx_word' id='word_1_117' title='bbox 71 1086 152 1114; x_wconf 89' lang='lat' dir='ltr'>nos</span> <span class='ocrx_word' id='word_1_118' title='bbox 185 1086 207 1113; x_wconf 89' lang='lat' dir='ltr'>e</span> <span class='ocrx_word' id='word_1_119' title='bbox 238 1074 378 1114; x_wconf 87' lang='lat' dir='ltr'>terrae</span> <span class='ocrx_word' id='word_1_120' title='bbox 411 1072 602 1113; x_wconf 89' lang='lat' dir='ltr'>cavernis</span> <span class='ocrx_word' id='word_1_121' title='bbox 633 1071 796 1113; x_wconf 86' lang='lat' dir='ltr'>ferrum</span> <span class='ocrx_word' id='word_1_122' title='bbox 829 1072 1041 1127; x_wconf 79' lang='lat' dir='ltr'>eligimus,</span> <span class='ocrx_word' id='word_1_123' title='bbox 1072 1088 1164 1114; x_wconf 90' lang='lat' dir='ltr'>rem</span> <span class='ocrx_word' id='word_1_124' title='bbox 1195 1073 1248 1114; x_wconf 83' lang='lat' dir='ltr'>ad</span> <span class='ocrx_word' id='word_1_125' title='bbox 1279 1073 1416 1115; x_wconf 92' lang='lat' dir='ltr'>colen-</span> 
     </span>
     <span class='ocr_line' id='line_1_17' title="bbox 72 1131 1414 1186; baseline 0.001 -14"><span class='ocrx_word' id='word_1_126' title='bbox 72 1131 148 1173; x_wconf 89' lang='lat' dir='ltr'>dos</span> <span class='ocrx_word' id='word_1_127' title='bbox 181 1144 309 1186; x_wconf 89' lang='lat' dir='ltr'>agros</span> <span class='ocrx_word' id='word_1_128' title='bbox 341 1131 645 1184; x_wconf 89' lang='lat' dir='ltr'>necessariam,</span> <span class='ocrx_word' id='word_1_129' title='bbox 676 1145 755 1172; x_wconf 92' lang='lat' dir='ltr'>nos</span> <span class='ocrx_word' id='word_1_130' title='bbox 789 1131 912 1184; x_wconf 85' lang='lat' dir='ltr'>aeris,</span> <span class='ocrx_word' id='word_1_131' title='bbox 945 1132 1127 1186; x_wconf 83' lang='lat' dir='ltr'>argenti,</span> <span class='ocrx_word' id='word_1_132' title='bbox 1160 1132 1253 1173; x_wconf 86' lang='lat' dir='ltr'>auri</span> <span class='ocrx_word' id='word_1_133' title='bbox 1284 1146 1414 1173; x_wconf 86' lang='lat' dir='ltr'>venas</span> 
     </span>
     <span class='ocr_line' id='line_1_18' title="bbox 69 1189 1416 1245; baseline 0.001 -15"><span class='ocrx_word' id='word_1_134' title='bbox 69 1189 242 1245; x_wconf 87' lang='lat' dir='ltr'>penitus</span> <span class='ocrx_word' id='word_1_135' title='bbox 287 1189 456 1231; x_wconf 86' lang='lat' dir='ltr'>abditas</span> <span class='ocrx_word' id='word_1_136' title='bbox 500 1189 741 1231; x_wconf 83' lang='lat' dir='ltr'>invenimus</span> <span class='ocrx_word' id='word_1_137' title='bbox 784 1192 827 1231; x_wconf 93' lang='lat' dir='ltr'>et</span> <span class='ocrx_word' id='word_1_138' title='bbox 865 1189 919 1230; x_wconf 88' lang='lat' dir='ltr'>ad</span> <span class='ocrx_word' id='word_1_139' title='bbox 954 1204 1080 1231; x_wconf 90' lang='lat' dir='ltr'>usum</span> <span class='ocrx_word' id='word_1_140' title='bbox 1119 1192 1244 1245; x_wconf 87' lang='lat' dir='ltr'>aptas</span> <span class='ocrx_word' id='word_1_141' title='bbox 1283 1193 1326 1232; x_wconf 92' lang='lat' dir='ltr'>et</span> <span class='ocrx_word' id='word_1_142' title='bbox 1363 1191 1416 1232; x_wconf 84' lang='lat' dir='ltr'>ad</span> 
     </span>
     <span class='ocr_line' id='line_1_19' title="bbox 71 1248 1416 1303; baseline 0 -13"><span class='ocrx_word' id='word_1_143' title='bbox 71 1251 271 1290; x_wconf 87' lang='lat' dir='ltr'>ornatum</span> <span class='ocrx_word' id='word_1_144' title='bbox 298 1248 485 1302; x_wconf 87' lang='lat' dir='ltr'>decoras,</span> <span class='ocrx_word' id='word_1_145' title='bbox 517 1248 720 1290; x_wconf 89' lang='lat' dir='ltr'>arborum</span> <span class='ocrx_word' id='word_1_146' title='bbox 746 1250 892 1289; x_wconf 90' lang='lat' dir='ltr'>autem</span> <span class='ocrx_word' id='word_1_147' title='bbox 918 1249 1188 1290; x_wconf 90' lang='lat' dir='ltr'>consectione</span> <span class='ocrx_word' id='word_1_148' title='bbox 1215 1249 1416 1303; x_wconf 89' lang='lat' dir='ltr'>omnique</span> 
     </span>
     <span class='ocr_line' id='line_1_20' title="bbox 70 1307 1416 1362; baseline 0 -13"><span class='ocrx_word' id='word_1_149' title='bbox 70 1307 253 1349; x_wconf 88' lang='lat' dir='ltr'>materia</span> <span class='ocrx_word' id='word_1_150' title='bbox 291 1310 333 1348; x_wconf 90' lang='lat' dir='ltr'>et</span> <span class='ocrx_word' id='word_1_151' title='bbox 370 1307 487 1349; x_wconf 90' lang='lat' dir='ltr'>culta</span> <span class='ocrx_word' id='word_1_152' title='bbox 524 1309 567 1348; x_wconf 92' lang='lat' dir='ltr'>et</span> <span class='ocrx_word' id='word_1_153' title='bbox 605 1307 796 1348; x_wconf 91' lang='lat' dir='ltr'>silvestri</span> <span class='ocrx_word' id='word_1_154' title='bbox 832 1307 994 1362; x_wconf 88' lang='lat' dir='ltr'>partim</span> <span class='ocrx_word' id='word_1_155' title='bbox 1032 1307 1086 1349; x_wconf 87' lang='lat' dir='ltr'>ad</span> <span class='ocrx_word' id='word_1_156' title='bbox 1118 1308 1416 1349; x_wconf 85' lang='lat' dir='ltr'>calficiendum</span> 
     </span>
    </p>

    <p class='ocr_par' dir='ltr' id='par_1_6' title="bbox 19 1365 1487 1657">
     <span class='ocr_line' id='line_1_21' title="bbox 19 1365 1416 1421; baseline 0.003 -17"><span class='ocrx_word' id='word_1_157' title='bbox 19 1378 53 1404; x_wconf 79' lang='lat'>20</span> <span class='ocrx_word' id='word_1_158' title='bbox 73 1380 227 1420; x_wconf 89' lang='lat' dir='ltr'>corpus</span> <span class='ocrx_word' id='word_1_159' title='bbox 259 1365 351 1421; x_wconf 84' lang='lat' dir='ltr'>igni</span> <span class='ocrx_word' id='word_1_160' title='bbox 384 1365 578 1408; x_wconf 88' lang='lat' dir='ltr'>adhibito</span> <span class='ocrx_word' id='word_1_161' title='bbox 610 1368 652 1407; x_wconf 90' lang='lat' dir='ltr'>et</span> <span class='ocrx_word' id='word_1_162' title='bbox 679 1366 733 1407; x_wconf 88' lang='lat' dir='ltr'>ad</span> <span class='ocrx_word' id='word_1_163' title='bbox 759 1366 1048 1421; x_wconf 85' lang='lat' dir='ltr'>mitigandum</span> <span class='ocrx_word' id='word_1_164' title='bbox 1074 1366 1217 1408; x_wconf 87' lang='lat' dir='ltr'>cibum</span> <span class='ocrx_word' id='word_1_165' title='bbox 1243 1367 1416 1419; x_wconf 89' lang='lat' dir='ltr'>utimur,</span> 
     </span>
     <span class='ocr_line' id='line_1_22' title="bbox 71 1424 1417 1481; baseline 0.001 -15"><span class='ocrx_word' id='word_1_166' title='bbox 71 1425 231 1480; x_wconf 90' lang='lat' dir='ltr'>partim</span> <span class='ocrx_word' id='word_1_167' title='bbox 269 1425 323 1466; x_wconf 89' lang='lat' dir='ltr'>ad</span> <span class='ocrx_word' id='word_1_168' title='bbox 361 1424 689 1479; x_wconf 88' lang='lat' dir='ltr'>aedificandum,</span> <span class='ocrx_word' id='word_1_169' title='bbox 732 1428 781 1466; x_wconf 90' lang='lat' dir='ltr'>ut</span> <span class='ocrx_word' id='word_1_170' title='bbox 817 1425 945 1467; x_wconf 89' lang='lat' dir='ltr'>tectis</span> <span class='ocrx_word' id='word_1_171' title='bbox 984 1425 1124 1480; x_wconf 83' lang='lat' dir='ltr'>saepti</span> <span class='ocrx_word' id='word_1_172' title='bbox 1154 1425 1321 1481; x_wconf 81' lang='lat' dir='ltr'>frigora</span> <span class='ocrx_word' id='word_1_173' title='bbox 1352 1440 1417 1467; x_wconf 89' lang='lat' dir='ltr'>ca-</span> 
     </span>
     <span class='ocr_line' id='line_1_23' title="bbox 71 1483 1487 1550; baseline -0.001 -25"><span class='ocrx_word' id='word_1_174' title='bbox 71 1484 270 1550; x_wconf 79' lang='lat' dir='ltr'>loresque</span> <span class='ocrx_word' id='word_1_175' title='bbox 301 1484 527 1539; x_wconf 88' lang='lat' dir='ltr'>pellamus.</span> <span class='ocrx_word' id='word_1_176' title='bbox 588 1483 771 1540; x_wconf 88' lang='lat' dir='ltr'>Magnos</span> <span class='ocrx_word' id='word_1_177' title='bbox 803 1498 904 1526; x_wconf 89' lang='lat' dir='ltr'>vero</span> <span class='ocrx_word' id='word_1_178' title='bbox 936 1498 1038 1525; x_wconf 89' lang='lat' dir='ltr'>usus</span> <span class='ocrx_word' id='word_1_179' title='bbox 1072 1484 1211 1526; x_wconf 83' lang='lat' dir='ltr'>adfert</span> <span class='ocrx_word' id='word_1_180' title='bbox 1243 1485 1298 1526; x_wconf 88' lang='lat' dir='ltr'>ad</span> <span class='ocrx_word' id='word_1_181' title='bbox 1327 1499 1400 1526; x_wconf 88' lang='lat' dir='ltr'>na-</span> <span class='ocrx_word' id='word_1_182' title='bbox 1422 1494 1487 1524; x_wconf 71' lang='lat'>152</span> 
     </span>
     <span class='ocr_line' id='line_1_24' title="bbox 71 1542 1417 1598; baseline 0 -14"><span class='ocrx_word' id='word_1_183' title='bbox 71 1542 190 1598; x_wconf 89' lang='lat' dir='ltr'>vigia</span> <span class='ocrx_word' id='word_1_184' title='bbox 219 1542 426 1597; x_wconf 87' lang='lat' dir='ltr'>facienda,</span> <span class='ocrx_word' id='word_1_185' title='bbox 462 1557 645 1598; x_wconf 91' lang='lat' dir='ltr'>quorum</span> <span class='ocrx_word' id='word_1_186' title='bbox 677 1542 872 1584; x_wconf 73' lang='lat' dir='ltr'>cursibus</span> <span class='ocrx_word' id='word_1_187' title='bbox 906 1543 1237 1598; x_wconf 89' lang='lat' dir='ltr'>subpeditantur</span> <span class='ocrx_word' id='word_1_188' title='bbox 1269 1557 1417 1585; x_wconf 89' lang='lat' dir='ltr'>omnes</span> 
     </span>
     <span class='ocr_line' id='line_1_25' title="bbox 71 1601 1417 1657; baseline 0 -14"><span class='ocrx_word' id='word_1_189' title='bbox 71 1601 258 1656; x_wconf 85' lang='lat' dir='ltr'>undique</span> <span class='ocrx_word' id='word_1_190' title='bbox 296 1601 348 1643; x_wconf 89' lang='lat' dir='ltr'>ad</span> <span class='ocrx_word' id='word_1_191' title='bbox 385 1602 522 1643; x_wconf 87' lang='lat' dir='ltr'>vitam</span> <span class='ocrx_word' id='word_1_192' title='bbox 554 1601 719 1657; x_wconf 80' lang='lat' dir='ltr'>copiae3</span> <span class='ocrx_word' id='word_1_193' title='bbox 758 1616 948 1656; x_wconf 88' lang='lat' dir='ltr'>quasque</span> <span class='ocrx_word' id='word_1_194' title='bbox 980 1616 1048 1643; x_wconf 91' lang='lat' dir='ltr'>res</span> <span class='ocrx_word' id='word_1_195' title='bbox 1080 1602 1417 1644; x_wconf 90' lang='lat' dir='ltr'>violentissimas</span> 
     </span>
    </p>

    <p class='ocr_par' dir='ltr' id='par_1_7' title="bbox 20 1656 1421 1952">
     <span class='ocr_line' id='line_1_26' title="bbox 20 1656 1419 1716; baseline 0.002 -16"><span class='ocrx_word' id='word_1_196' title='bbox 20 1672 55 1699; x_wconf 80' lang='lat'>25</span> <span class='ocrx_word' id='word_1_197' title='bbox 72 1662 229 1702; x_wconf 88' lang='lat' dir='ltr'>natura</span> <span class='ocrx_word' id='word_1_198' title='bbox 255 1660 415 1716; x_wconf 90' lang='lat' dir='ltr'>genuit,</span> <span class='ocrx_word' id='word_1_199' title='bbox 447 1675 594 1703; x_wconf 87' lang='lat' dir='ltr'>earum</span> <span class='ocrx_word' id='word_1_200' title='bbox 619 1661 960 1703; x_wconf 91' lang='lat' dir='ltr'>moderationem</span> <span class='ocrx_word' id='word_1_201' title='bbox 984 1675 1064 1702; x_wconf 86' lang='lat' dir='ltr'>nos</span> <span class='ocrx_word' id='word_1_202' title='bbox 1091 1661 1173 1703; x_wconf 90' lang='lat' dir='ltr'>soli</span> <span class='ocrx_word' id='word_1_203' title='bbox 1198 1656 1419 1715; x_wconf 85' lang='lat' dir='ltr'>habemus,</span> 
     </span>
     <span class='ocr_line' id='line_1_27' title="bbox 73 1719 1420 1775; baseline 0 -14"><span class='ocrx_word' id='word_1_204' title='bbox 73 1719 206 1761; x_wconf 87' lang='lat' dir='ltr'>maris</span> <span class='ocrx_word' id='word_1_205' title='bbox 256 1722 385 1774; x_wconf 88' lang='lat' dir='ltr'>atque</span> <span class='ocrx_word' id='word_1_206' title='bbox 433 1722 685 1774; x_wconf 90' lang='lat' dir='ltr'>ventorum,</span> <span class='ocrx_word' id='word_1_207' title='bbox 734 1722 912 1775; x_wconf 89' lang='lat' dir='ltr'>propter</span> <span class='ocrx_word' id='word_1_208' title='bbox 960 1720 1233 1762; x_wconf 86' lang='lat' dir='ltr'>nauticarum</span> <span class='ocrx_word' id='word_1_209' title='bbox 1275 1735 1420 1761; x_wconf 88' lang='lat' dir='ltr'>rerum</span> 
     </span>
     <span class='ocr_line' id='line_1_28' title="bbox 74 1778 1419 1833; baseline 0.001 -14"><span class='ocrx_word' id='word_1_210' title='bbox 74 1778 298 1820; x_wconf 87' lang='lat' dir='ltr'>scientiam</span> <span class='ocrx_word' id='word_1_211' title='bbox 335 1778 618 1833; x_wconf 89' lang='lat' dir='ltr'>plurimisque</span> <span class='ocrx_word' id='word_1_212' title='bbox 650 1779 882 1820; x_wconf 89' lang='lat' dir='ltr'>maritimis</span> <span class='ocrx_word' id='word_1_213' title='bbox 914 1779 1043 1821; x_wconf 87' lang='lat' dir='ltr'>rebus</span> <span class='ocrx_word' id='word_1_214' title='bbox 1075 1779 1258 1820; x_wconf 86' lang='lat' dir='ltr'>fruimur</span> <span class='ocrx_word' id='word_1_215' title='bbox 1290 1781 1419 1833; x_wconf 90' lang='lat' dir='ltr'>atque</span> 
     </span>
     <span class='ocr_line' id='line_1_29' title="bbox 73 1837 1420 1880; baseline 0.001 -2"><span class='ocrx_word' id='word_1_216' title='bbox 73 1837 246 1879; x_wconf 89' lang='lat' dir='ltr'>utimur.</span> <span class='ocrx_word' id='word_1_217' title='bbox 295 1837 581 1879; x_wconf 85' lang='lat' dir='ltr'>Terrenorum</span> <span class='ocrx_word' id='word_1_218' title='bbox 611 1838 717 1879; x_wconf 89' lang='lat' dir='ltr'>item</span> <span class='ocrx_word' id='word_1_219' title='bbox 749 1838 1073 1880; x_wconf 88' lang='lat' dir='ltr'>commodorum</span> <span class='ocrx_word' id='word_1_220' title='bbox 1106 1838 1246 1879; x_wconf 91' lang='lat' dir='ltr'>omnis</span> <span class='ocrx_word' id='word_1_221' title='bbox 1279 1840 1345 1879; x_wconf 88' lang='lat' dir='ltr'>est</span> <span class='ocrx_word' id='word_1_222' title='bbox 1375 1838 1420 1879; x_wconf 90' lang='lat' dir='ltr'>in</span> 
     </span>
     <span class='ocr_line' id='line_1_30' title="bbox 73 1895 1421 1952; baseline 0.001 -15"><span class='ocrx_word' id='word_1_223' title='bbox 73 1895 247 1938; x_wconf 89' lang='lat' dir='ltr'>homine</span> <span class='ocrx_word' id='word_1_224' title='bbox 285 1896 542 1938; x_wconf 87' lang='lat' dir='ltr'>dominatus.</span> <span class='ocrx_word' id='word_1_225' title='bbox 602 1895 696 1938; x_wconf 92' lang='lat' dir='ltr'>Nos</span> <span class='ocrx_word' id='word_1_226' title='bbox 735 1897 916 1952; x_wconf 87' lang='lat' dir='ltr'>campis,</span> <span class='ocrx_word' id='word_1_227' title='bbox 956 1911 1036 1939; x_wconf 91' lang='lat' dir='ltr'>nos</span> <span class='ocrx_word' id='word_1_228' title='bbox 1068 1897 1289 1938; x_wconf 87' lang='lat' dir='ltr'>montibus</span> <span class='ocrx_word' id='word_1_229' title='bbox 1319 1896 1421 1938; x_wconf 87' lang='lat' dir='ltr'>frui-</span> 
     </span>
    </p>

    <p class='ocr_par' dir='ltr' id='par_1_8' title="bbox 22 1955 1423 2244">
     <span class='ocr_line' id='line_1_31' title="bbox 22 1955 1422 2011; baseline 0.002 -18"><span class='ocrx_word' id='word_1_230' title='bbox 22 1966 56 1992; x_wconf 81' lang='grc'>30</span> <span class='ocrx_word' id='word_1_231' title='bbox 75 1969 183 2008; x_wconf 90' lang='lat' dir='ltr'>mur,</span> <span class='ocrx_word' id='word_1_232' title='bbox 213 1956 352 1997; x_wconf 89' lang='lat' dir='ltr'>nostri</span> <span class='ocrx_word' id='word_1_233' title='bbox 384 1958 484 1997; x_wconf 86' lang='lat' dir='ltr'>sunt</span> <span class='ocrx_word' id='word_1_234' title='bbox 516 1970 676 2011; x_wconf 90' lang='lat' dir='ltr'>amnes,</span> <span class='ocrx_word' id='word_1_235' title='bbox 706 1956 847 1997; x_wconf 89' lang='lat' dir='ltr'>nostri</span> <span class='ocrx_word' id='word_1_236' title='bbox 879 1956 1010 2009; x_wconf 88' lang='lat' dir='ltr'>lacus,</span> <span class='ocrx_word' id='word_1_237' title='bbox 1041 1970 1120 1997; x_wconf 91' lang='lat' dir='ltr'>nos</span> <span class='ocrx_word' id='word_1_238' title='bbox 1145 1955 1293 2011; x_wconf 85' lang='lat' dir='ltr'>fruges</span> <span class='ocrx_word' id='word_1_239' title='bbox 1321 1955 1422 1997; x_wconf 88' lang='lat' dir='ltr'>seri-</span> 
     </span>
     <span class='ocr_line' id='line_1_32' title="bbox 76 2014 1421 2069; baseline 0.001 -15"><span class='ocrx_word' id='word_1_240' title='bbox 76 2027 190 2067; x_wconf 85' lang='lat' dir='ltr'>mus,</span> <span class='ocrx_word' id='word_1_241' title='bbox 228 2028 307 2055; x_wconf 89' lang='lat' dir='ltr'>nos</span> <span class='ocrx_word' id='word_1_242' title='bbox 346 2015 539 2069; x_wconf 90' lang='lat' dir='ltr'>arbores,</span> <span class='ocrx_word' id='word_1_243' title='bbox 576 2029 656 2056; x_wconf 92' lang='lat' dir='ltr'>nos</span> <span class='ocrx_word' id='word_1_244' title='bbox 694 2029 904 2069; x_wconf 89' lang='lat' dir='ltr'>aquarum</span> <span class='ocrx_word' id='word_1_245' title='bbox 940 2014 1261 2057; x_wconf 85' lang='lat' dir='ltr'>inductionibus</span> <span class='ocrx_word' id='word_1_246' title='bbox 1293 2015 1421 2056; x_wconf 89' lang='lat' dir='ltr'>terris</span> 
     </span>
     <span class='ocr_line' id='line_1_33' title="bbox 75 2071 1423 2129; baseline 0.001 -17"><span class='ocrx_word' id='word_1_247' title='bbox 75 2071 383 2114; x_wconf 88' lang='lat' dir='ltr'>fecunditatem</span> <span class='ocrx_word' id='word_1_248' title='bbox 415 2073 582 2128; x_wconf 88' lang='lat' dir='ltr'>damus,</span> <span class='ocrx_word' id='word_1_249' title='bbox 612 2088 692 2115; x_wconf 92' lang='lat' dir='ltr'>nos</span> <span class='ocrx_word' id='word_1_250' title='bbox 724 2073 902 2116; x_wconf 89' lang='lat' dir='ltr'>flumina</span> <span class='ocrx_word' id='word_1_251' title='bbox 933 2088 1145 2128; x_wconf 85' lang='lat' dir='ltr'>arcemus,</span> <span class='ocrx_word' id='word_1_252' title='bbox 1177 2073 1423 2129; x_wconf 87' lang='lat' dir='ltr'>derigimus,</span> 
     </span>
     <span class='ocr_line' id='line_1_34' title="bbox 76 2130 1423 2187; baseline 0.001 -16"><span class='ocrx_word' id='word_1_253' title='bbox 76 2130 330 2185; x_wconf 88' lang='lat' dir='ltr'>avertimus,</span> <span class='ocrx_word' id='word_1_254' title='bbox 366 2133 528 2173; x_wconf 88' lang='lat' dir='ltr'>nostris</span> <span class='ocrx_word' id='word_1_255' title='bbox 567 2132 748 2187; x_wconf 89' lang='lat' dir='ltr'>denique</span> <span class='ocrx_word' id='word_1_256' title='bbox 785 2133 984 2174; x_wconf 88' lang='lat' dir='ltr'>manibus</span> <span class='ocrx_word' id='word_1_257' title='bbox 1015 2133 1062 2174; x_wconf 92' lang='lat' dir='ltr'>in</span> <span class='ocrx_word' id='word_1_258' title='bbox 1092 2147 1237 2174; x_wconf 90' lang='lat' dir='ltr'>rerum</span> <span class='ocrx_word' id='word_1_259' title='bbox 1267 2134 1423 2174; x_wconf 82' lang='lat' dir='ltr'>natura</span> 
     </span>
     <span class='ocr_line' id='line_1_35' title="bbox 76 2189 1094 2244; baseline 0.004 -14"><span class='ocrx_word' id='word_1_260' title='bbox 76 2189 201 2244; x_wconf 89' lang='lat' dir='ltr'>quasi</span> <span class='ocrx_word' id='word_1_261' title='bbox 233 2190 415 2231; x_wconf 88' lang='lat' dir='ltr'>alteram</span> <span class='ocrx_word' id='word_1_262' title='bbox 444 2193 646 2233; x_wconf 85' lang='lat' dir='ltr'>naturam</span> <span class='ocrx_word' id='word_1_263' title='bbox 678 2191 845 2233; x_wconf 88' lang='lat' dir='ltr'>efficere</span> <span class='ocrx_word' id='word_1_264' title='bbox 878 2206 1094 2234; x_wconf 87' lang='lat' dir='ltr'>conamur.</span> 
     </span>
    </p>

    <p class='ocr_par' dir='ltr' id='par_1_9' title="bbox 26 2229 1493 2423">
     <span class='ocr_line' id='line_1_36' title="bbox 26 2229 1493 2311; baseline 0.001 -22"><span class='ocrx_word' id='word_1_265' title='bbox 26 2258 57 2285; x_wconf 70' lang='lat'>³⁵</span> <span class='ocrx_word' id='word_1_266' title='bbox 165 2247 277 2297; x_wconf 84' lang='lat' dir='ltr'>Quid</span> <span class='ocrx_word' id='word_1_267' title='bbox 307 2249 439 2290; x_wconf 79' lang='lat' dir='ltr'>vero?</span> <span class='ocrx_word' id='word_1_268' title='bbox 475 2249 700 2291; x_wconf 88' lang='lat' dir='ltr'>hominum</span> <span class='ocrx_word' id='word_1_269' title='bbox 731 2251 844 2292; x_wconf 91' lang='lat' dir='ltr'>ratio</span> <span class='ocrx_word' id='word_1_270' title='bbox 878 2265 966 2292; x_wconf 90' lang='lat' dir='ltr'>non</span> <span class='ocrx_word' id='word_1_271' title='bbox 996 2250 1042 2292; x_wconf 91' lang='lat' dir='ltr'>in</span> <span class='ocrx_word' id='word_1_272' title='bbox 1073 2250 1240 2292; x_wconf 88' lang='lat' dir='ltr'>caelum</span> <span class='ocrx_word' id='word_1_273' title='bbox 1270 2263 1405 2303; x_wconf 89' lang='lat' dir='ltr'>usque</span> <span class='ocrx_word' id='word_1_274' title='bbox 1428 2229 1493 2311; x_wconf 49' lang='lat'>165}</span> 
     </span>
     <span class='ocr_line' id='line_1_37' title="bbox 75 2305 1423 2361; baseline 0 -13"><span class='ocrx_word' id='word_1_275' title='bbox 75 2307 350 2361; x_wconf 83' lang='lat' dir='ltr'>penetravit?</span> <span class='ocrx_word' id='word_1_276' title='bbox 412 2305 504 2349; x_wconf 83' lang='lat' dir='ltr'>Soli</span> <span class='ocrx_word' id='word_1_277' title='bbox 541 2308 655 2350; x_wconf 89' lang='lat' dir='ltr'>enim</span> <span class='ocrx_word' id='word_1_278' title='bbox 687 2324 737 2350; x_wconf 90' lang='lat' dir='ltr'>ex</span> <span class='ocrx_word' id='word_1_279' title='bbox 769 2309 1062 2351; x_wconf 86' lang='lat' dir='ltr'>animantibus</span> <span class='ocrx_word' id='word_1_280' title='bbox 1094 2323 1174 2350; x_wconf 88' lang='lat' dir='ltr'>nos</span> <span class='ocrx_word' id='word_1_281' title='bbox 1208 2310 1423 2349; x_wconf 84' lang='lat' dir='ltr'>astrorum</span> 
     </span>
     <span class='ocr_line' id='line_1_38' title="bbox 75 2366 1425 2423; baseline 0.001 -17"><span class='ocrx_word' id='word_1_282' title='bbox 75 2368 209 2420; x_wconf 87' lang='lat' dir='ltr'>ortus,</span> <span class='ocrx_word' id='word_1_283' title='bbox 241 2366 386 2408; x_wconf 89' lang='lat' dir='ltr'>obitus</span> <span class='ocrx_word' id='word_1_284' title='bbox 420 2381 653 2422; x_wconf 88' lang='lat' dir='ltr'>cursusque</span> <span class='ocrx_word' id='word_1_285' title='bbox 685 2368 979 2423; x_wconf 87' lang='lat' dir='ltr'>cognovimus,</span> <span class='ocrx_word' id='word_1_286' title='bbox 1012 2368 1067 2409; x_wconf 88' lang='lat' dir='ltr'>ab</span> <span class='ocrx_word' id='word_1_287' title='bbox 1099 2367 1324 2408; x_wconf 90' lang='lat' dir='ltr'>hominum</span> <span class='ocrx_word' id='word_1_288' title='bbox 1356 2380 1425 2422; x_wconf 90' lang='lat' dir='ltr'>ge-</span> 
     </span>
    </p>
   </div>
  </div>
 </body>
</html>
