1685 2568
270 96 354 138 180
731 95 796 130 DE
820 94 1141 130 DIVINATIONE

269 206 361 234 esse
401 192 563 234 ductae.
625 191 796 234 Etenim
828 191 1037 247 Aegyptii
1073 193 1117 232 et
1147 189 1379 245 Babylonii
1414 192 1460 233 in
1497 208 1607 234 cam-

212 290 219 298 ,
267 266 421 306 porum
452 250 694 305 patentium
723 250 979 304 aequoribus
1004 249 1264 303 habitantes,
1295 264 1391 291 cum
1417 265 1467 292 ex
1491 254 1607 293 terra

266 310 377 351 nihil
403 309 619 362 emineret,
652 309 765 363 quod
797 308 1152 363 contemplationi
1184 283 1291 350 caeli
1317 308 1486 351 officere
1511 324 1605 365 pos-

269 371 351 422 set,
390 382 561 410 omnem
598 381 743 408 curam
780 367 826 408 in
864 367 1049 408 siderum
1082 366 1328 422 cognitione
1359 371 1607 422 posuerunt,
1682 402 1683 419 1

267 402 441 468 Etifusci
466 428 622 480 autem,
654 425 768 480 quod
792 425 1000 481 religione
1025 426 1166 467 inbuti
1193 425 1426 467 studiosius
1452 428 1495 467 et
1520 441 1605 468 cre·
1642 438 1659 464 5

269 485 387 526 brius
419 484 587 526 hostias
619 483 917 538 immolabant,
950 486 1145 526 extorum
1178 484 1415 540 cognitioni
1447 499 1491 526 se
1518 499 1604 527 ma—
1682 486 1683 492 ’

267 557 394 585 11111116
426 543 689 597 dediderunt,
721 542 918 597 quodque
943 545 1121 598 propter
1146 543 1255 584 aeris
1282 542 1609 586 crassitudinem

270 602 319 643 de
352 602 471 644 caelo
503 601 617 657 apud
648 615 720 643 eos
752 601 890 642 multa
920 601 1094 656 fiebant,
1126 604 1169 643 et
1201 601 1315 656 quod
1347 602 1401 643 ob
1432 602 1607 644 eandem

270 675 443 703 causam
475 661 614 701 multa
643 659 868 701 invisitata
898 660 1057 714 partim
1089 675 1111 701 e
1143 661 1273 715 caelo,
1306 660 1392 702 alia
1418 675 1467 702 ex
1493 663 1608 702 terra
1678 702 1679 706 ,

270 720 537 773 oriebantur,
579 718 788 773 quaedam
829 718 959 759 etiam
1001 733 1051 760 ex
1087 718 1311 760 hominum
1346 719 1608 774 pecudumve
1629 719 1679 756 10

270 780 478 832 conceptu
526 779 568 819 et
614 779 729 832 satu,
779 779 1047 819 ostentorum
1094 777 1438 819 exercitatissimi
1481 778 1609 819 inter-

269 840 413 892 pretes
446 836 716 878 exstiterunt.
773 834 963 884 Quorum
995 835 1167 890 quidem
1198 836 1303 890 vim,
1334 838 1383 878 ut
1413 838 1462 878 tu
1494 837 1606 878 soles

271 896 421 950 dicere,
452 895 584 936 verba
614 895 710 950 ipsa
735 895 967 950 prudenter
992 909 1017 936 3
1045 894 1280 936 maioribus
1306 895 1449 950 posita
1475 895 1609 937 decla-

269 957 379 996 rant.
441 952 551 1002 Quia
589 954 702 994 enim
741 954 988 1008 ostendunt,
1031 953 1311 1008 portendunt,
1351 956 1609 1008 monstrant,

269 1012 533 1068 praedicunt,
565 1014 747 1067 ostenta,
775 1014 989 1067 portenta,
1015 1014 1220 1065 monstra,
1245 1011 1444 1068 prodigia
1469 1013 1610 1054 dicun·
1630 1023 1662 1050 15

200 1081 244 1112 94
270 1074 352 1113 1111.
403 1071 570 1113 Arabes
603 1073 748 1113 autem
779 1073 822 1112 et
847 1070 1041 1127 Phryges
1074 1073 1116 1112 et
1142 1046 1306 1125 CiliceS,
1340 1071 1452 1126 quod
1482 1074 1611 1126 pastu
1673 1093 1675 1104 ³

269 1130 479 1186 pecudum
523 1145 721 1171 maxume
761 1132 941 1171 utuntur
978 1144 1151 1184 campos
1190 1132 1233 1171 et
1269 1132 1438 1171 montes
1469 1129 1610 1172 hieme
1672 1167 1673 1171 ,

271 1191 314 1231 et
340 1191 504 1231 aestate
529 1191 824 1244 peragrantes,
849 1191 1078 1243 propterea
1102 1188 1271 1230 facilius
1297 1191 1446 1230 cantus
1467 1189 1610 1231 avium

271 1250 314 1289 et
337 1249 508 1289 volatus
534 1249 813 1301 notaverunt3
845 1248 1075 1301 eademque
1101 1250 1145 1288 et
1162 1246 1348 1288 Pisidiae
1375 1262 1503 1289 causa
1526 1247 1612 1288 fuit

271 1309 314 1347 et
344 1306 444 1348 111116
474 1308 648 1348 nostrae
674 1305 892 1347 Umbriae.
942 1306 1051 1347 Tum
1084 1304 1210 1347 Caria
1241 1308 1336 1347 tota
1366 1306 1610 1361 praecipue·
1629 1316 1671 1356 20

271 1379 352 1420 que
384 1364 634 1418 Telmesses,
668 1379 772 1418 quos
806 1367 905 1405 ante
932 1364 1029 1418 dixi,
1062 1365 1174 1418 quod
1201 1378 1328 1420 agros
1355 1365 1608 1406 uberrumos
1667 1383 1669 1386 ¹

271 1423 540 1478 maximeque
570 1422 736 1464 fertiles
767 1422 971 1478 incolunt,
1002 1423 1048 1464 in
1080 1423 1234 1477 quibus
1267 1423 1404 1464 multa
1434 1425 1610 1478 propter

270 1482 578 1524 fecunditatem
615 1482 723 1537 fingi
761 1481 965 1537 gignique
995 1484 1195 1537 possunt,
1230 1481 1276 1523 in
1307 1482 1487 1523 ostentis
1524 1482 1611 1524 ani-

271 1541 588 1583 madvertendis
621 1541 848 1596 diligentes
879 1540 1064 1582 fuer.unt

360 1599 464 1648 Quis
496 1614 596 1642 vero
631 1614 719 1641 non
748 1599 867 1641 videt
896 1599 942 1640 in
972 1602 1150 1655 optuma
1176 1614 1342 1654 quaque
1367 1615 1414 1641 re
1438 1599 1611 1655 publica
1629 1579 1667 1650 251

270 1659 504 1713 plurimum
548 1658 739 1713 auspicia
783 1660 826 1699 et
868 1658 1035 1713 leliqua
1078 1658 1297 1701 divinandi
1340 1673 1498 1724 genera
1541 1673 1611 1700 va·
1664 1673 1667 1712 J

270 1717 432 1759 luisse?
483 1716 586 1766 Quis
618 1731 691 1758 rex
716 1731 919 1772 umquam
945 1717 1040 1772 fuit,
1074 1717 1168 1772 quis
1198 1717 1395 1773 populus,
1428 1717 1500 1771 qui
1524 1731 1612 1758 non
1661 1751 1664 1760 .

270 1778 464 1817 uteretur
507 1775 798 1831 praedictione
844 1775 1016 1817 divina?
1059 1791 1195 1831 neque
1236 1776 1376 1818 solum
1412 1775 1458 1816 in
1494 1790 1610 1831 pace,
1662 1777 1665 1806 3

272 1834 347 1876 sed
377 1834 421 1876 in
451 1835 568 1876 bello
601 1835 738 1876 multo
771 1834 901 1876 etiam
933 1835 1085 1890 magis,
1118 1849 1201 1889 quo
1234 1834 1370 1876 maius
1403 1837 1495 1875 erat
1526 1849 1611 1876 cer·
1683 1878 1685 1890 (

270 1895 417 1935 tamen
448 1895 492 1935 et
523 1893 750 1935 discrimen
777 1893 943 1935 salutis.
999 1893 1163 1935 Omitto
1188 1896 1371 1947 nostros,
1405 1893 1478 1947 qui
1501 1892 1610 1934 nihil
1630 1904 1655 1930 3(
1682 1894 1685 1903 “

270 1952 317 1993 in
355 1951 471 1993 bello
514 1952 605 1993 sine
647 1951 756 1993 extis
797 1954 949 2007 agunt,
992 1952 1100 1993 nihil
1139 1952 1230 1993 sine
1262 1952 1462 2007 auspiciis
1496 1951 1611 1993 domi
1659 1983 1662 2012 5

272 2010 452 2063 [habent
477 2011 704 2065 auspicia];
731 2013 906 2052 externa
930 2011 1166 2052 videamus:
1192 2009 1390 2065 Namque
1417 2013 1460 2052 et
1479 2010 1611 2052 Athe·
1657 2038 1659 2040 -

270 2069 440 2110 nienses
466 2070 664 2111 omnibus
691 2084 859 2124 semper
883 2070 1067 2124 publicis
1088 2069 1278 2111 consiliis
1300 2069 1465 2111 divinos
1488 2083 1610 2124 quos-

272 2128 370 2169 dam
402 2127 662 2182 sacerdotes,
695 2142 801 2182 quos
833 2127 1009 2182 μάντεις
1040 2131 1206 2183 vocant,
1239 2128 1536 2182 adhibuerunt,
1568 2130 1611 2169 et
1682 2172 1683 2176 ,

269 2185 596 2229 Lacedaemonii
628 2187 800 2242 regibus
833 2187 920 2229 suis
952 2201 1159 2243 augurem
1191 2187 1455 2229 adsessorem
1491 2186 1611 2228 dede·
1630 2191 1684 2245 ⁵⁵2⁴

270 2247 387 2299 runt,
426 2245 615 2300 itemque
655 2245 826 2287 senibus
866 2245 948 2302 (sic
985 2246 1098 2288 enim
1136 2245 1362 2288 consilium
1392 2245 1610 2300 publicum
1653 2247 1656 2270 ²

271 2302 512 2360 appellant)
551 2318 758 2360 augurem
795 2304 1001 2347 interesse
1032 2305 1276 2360 voluerunt,
1314 2304 1526 2359 iidemque
1559 2304 1610 2346 de

200 1581 257 1622 43

201 1633 245 1663 95
