1685 2568
419 78 507 113 LIB.
534 78 596 114 ΙΙΙ.
630 77 728 113 CAP.
758 81 905 113 19-22.
931 81 950 119 ς
977 81 1126 112 49—55.
1359 77 1442 119 125

105 175 256 218 Fontis
288 174 511 216 delubrum
536 173 657 215 Maso
689 187 740 214 ex
765 171 941 214 Corsica
974 172 1196 226 dedicavit,
1228 175 1271 212 et
1301 172 1346 213 in
1372 188 1442 215 au-

108 248 261 289 gurum
304 233 548 288 precatione
591 231 856 285 Tiberinum,
907 230 1156 285 Spinonem,
1200 230 1441 284 Almonem,

108 292 341 345 Nodinum,
383 292 469 333 alia
499 290 837 355 propinquorum
868 289 1092 330 fluminum
1123 288 1300 330 nomina
1330 289 1442 329 vide-

108 365 213 393 mus.
274 350 392 406 Ergo
428 350 510 391 hoc
547 351 620 390 aut
659 348 705 389 in
742 348 982 389 inmensum
1023 350 1183 402 serpet,
1223 349 1296 390 aut
1333 347 1441 388 nihil

71 423 89 448 5
107 411 261 452 horum
292 409 556 463 recipiemus,
587 421 663 448 nec
687 407 765 448 illa
790 406 959 448 infinita
984 406 1095 447 ratio
1123 405 1442 460 superstitionis

108 468 373 524 probabitur.
434 466 555 507 Nihil
588 479 690 521 ergo
722 465 875 507 horum
908 464 1176 520 probandum
1208 466 1284 505 est.
1458 498 1508 538 21

196 527 398 568 Dicamus
429 525 574 581 igitur,
606 523 753 578 Balbe,
786 526 956 578 oportet
989 526 1138 565 contra
1169 523 1269 564 illos
1300 523 1442 576 etiam,
1470 550 1512 580 53

109 587 181 640 qui
217 585 297 627 hos
336 585 435 625 deos
468 598 518 625 ex
549 583 770 624 hominum
805 597 956 638 genere
987 582 1033 623 in
1064 581 1229 624 caelum
1261 582 1444 622 transla-

107 647 176 686 tos
217 658 303 685 non
339 657 403 696 re,
441 642 514 683 sed
552 641 752 696 opinione
790 655 882 682 esse
921 641 1084 695 dicunt,
1122 654 1228 694 quos
1262 643 1444 695 auguste

58 717 88 741 ιο
109 717 255 745 omnes
287 703 516 755 sancteque
548 714 810 742 veneramur.
860 699 1075 755 Principio
1101 698 1224 740 Ioves
1257 701 1345 740 tres
1371 714 1445 739 nu-

108 763 276 803 merant
300 760 342 813 ii,
375 759 447 814 qui
473 759 667 815 theologi
692 758 980 812 nominantur,
1007 773 1057 799 ex
1084 758 1238 812 quibus
1257 757 1445 812 primum

108 823 151 862 et
183 819 413 861 secundum
444 820 570 859 natos
595 818 640 859 in
665 817 861 871 Arcadia,
894 818 1077 858 alterum
1102 819 1225 872 patre
1245 816 1445 869 Aethere,

108 894 158 921 ex
191 892 274 933 quo
307 877 437 919 etiam
469 876 771 932 Proserpinam
802 878 950 917 natam
980 875 1126 917 ferunt
1157 877 1200 917 et
1230 875 1445 928 Liberum,

109 938 292 979 alterum
329 939 452 991 patre
486 934 632 990 Caelo,
671 936 743 990 qui
782 935 978 991 genuisse
1010 934 1248 976 Minervam
1280 934 1446 987 dicitur,

59 1009 89 1033 15
111 1011 239 1051 quam
276 995 512 1050 principem
551 996 593 1036 et
623 994 903 1035 inventricem
936 993 1040 1035 belli
1070 993 1232 1047 ferunt,
1269 993 1447 1034 tertium

110 1055 376 1107 Cretensem,
410 1052 584 1094 Saturni
614 1053 769 1107 filium,
801 1052 918 1094 cuius
950 1052 995 1093 in
1026 1052 1104 1093 illa
1135 1052 1277 1093 insula
1309 1051 1447 1106 sepul-

109 1129 227 1156 crum
260 1112 509 1155 ostenditur.
560 1109 831 1163 Διόσκουροι
864 1111 994 1152 etiam
1028 1110 1140 1165 apud
1161 1109 1314 1152 Graios
1342 1110 1447 1151 mul-

109 1173 165 1214 tis
208 1171 344 1213 modis
385 1170 674 1212 nominantur.
740 1169 874 1210 Primi
912 1172 1018 1223 tres,
1062 1169 1135 1223 qui
1173 1169 1449 1223 appellantur

110 1232 275 1272 Anaces
307 1229 504 1283 Athenis,
536 1243 586 1270 ex
616 1242 718 1284 rege
743 1227 844 1270 Iove
877 1227 1176 1282 antiquissimo
1210 1230 1253 1269 et
1276 1226 1449 1269 Proser-

58 1301 92 1327 20
110 1290 213 1345 pina
242 1288 353 1342 nati,
391 1288 708 1343 Tritopatreus,
739 1287 977 1341 Eubuleus,
1009 1286 1244 1341 Dionysus,
1278 1286 1449 1328 secundi

109 1349 210 1390 Iove
242 1347 372 1389 tertio
403 1347 496 1388 nati
528 1349 571 1388 et
601 1345 733 1400 Leda,
771 1345 926 1388 Castor
958 1347 1001 1387 et
1031 1344 1205 1400 Pollux,
1236 1345 1356 1386 tertii
1389 1345 1450 1385 di-

111 1409 263 1450 cuntur
307 1421 332 1448 a
373 1419 461 1448 non
502 1405 635 1446 nullis
673 1405 781 1446 Alco
820 1407 863 1446 et
899 1404 1141 1459 Melampus
1179 1406 1223 1446 et
1260 1403 1450 1457 Tmolus,

111 1466 234 1508 Atrei
263 1465 355 1519 filii,
387 1464 460 1519 qui
490 1463 649 1519 Pelope
680 1466 808 1505 natus
839 1463 933 1504 fuit.
982 1462 1075 1504 Iam
1105 1462 1255 1504 Musae
1285 1462 1449 1518 primae
1477 1471 1520 1502 54

113 1527 318 1580 quattuor
348 1523 450 1565 Iove
483 1523 619 1564 altero
651 1525 796 1577 natae,
828 1522 1078 1576 Thelxinoe,
1107 1521 1265 1575 Aoede,
1297 1520 1451 1575 Arche,

60 1595 92 1621 25
111 1584 278 1638 Melete,
310 1582 517 1624 secundae
541 1581 643 1624 Iove
675 1581 804 1623 tertio
832 1584 875 1622 et
898 1581 1175 1635 Mnemosyne
1201 1582 1451 1635 procreatae

111 1657 278 1696 novem,
309 1642 464 1683 tertiae
494 1640 618 1682 Piero
650 1643 778 1682 natae
810 1642 853 1682 et
884 1639 1087 1695 Antiopa,
1120 1654 1226 1694 quas
1257 1639 1449 1680 Pieridas

113 1704 156 1743 et
185 1700 348 1743 Pierias
389 1701 529 1742 solent
566 1702 719 1755 poetae
758 1699 995 1765 appellar,e
1032 1698 1168 1740 isdem
1204 1698 1450 1739 nominibus

114 1764 158 1802 et
190 1759 337 1802 eodem
367 1773 557 1813 numero,
590 1773 673 1813 quo
705 1759 924 1814 proximae
957 1757 1210 1812 superiores.
1260 1755 1452 1811 Cumque

113 1822 162 1860 tu
205 1817 366 1872 Solem,
411 1817 512 1873 quia
552 1818 669 1859 solus
714 1820 844 1871 esset,
888 1817 1154 1872 appellatum
1193 1829 1285 1858 esse
1323 1815 1452 1870 dicas,

63 1888 97 1913 30
116 1876 236 1919 Soles
266 1877 351 1933 ipsi
382 1891 510 1931 quam
542 1876 670 1918 multi
701 1891 726 1917 a
751 1876 969 1931 theologis
994 1875 1288 1931 proferuntur!
1330 1873 1452 1916 Unus

117 1951 263 1978 eorum
298 1935 398 1977 Iove
434 1938 580 1988 natus,
616 1949 749 1990 nepos
787 1934 1008 1989 Aetheris,
1047 1935 1157 1975 alter
1195 1933 1453 1988 Hyperione,

116 1995 270 2037 tertius
300 1993 512 2049 Volcano,
544 1993 635 2035 Nili
665 1994 774 2048 filio,
812 1993 930 2036 cuius
961 1993 1113 2035 urbem
1145 1991 1352 2048 Aegyptii
1381 2006 1452 2034 vo-

32 2079 37 2086 ·
116 2054 212 2095 lunt
244 2067 335 2094 esse
367 2067 475 2107 eam,
503 2068 610 2108 quae
635 2052 878 2107 Heliopolis
911 2052 1168 2107 appellatur,
1201 2053 1379 2106 quartus
1404 2050 1454 2105 is,

118 2127 244 2166 quem
285 2111 466 2153 heroicis
510 2112 776 2167 temporibus
814 2111 1014 2153 Acantho
1052 2110 1195 2153 Rhodi
1237 2109 1454 2166 peperisse

67 2181 99 2208 85
121 2171 286 2224 dicitur,
319 2203 326 2211 .
389 2169 572 2225 ‚Ialysi,
604 2169 775 2225 Camiri,
807 2170 943 2225 Lindi,
974 2169 1128 2224 Rhodi,
1161 2169 1346 2236 quintus,
1380 2168 1453 2222 qui

119 2228 290 2271 Colchis
327 2227 463 2270 fertur
493 2228 672 2271 Aeetam
710 2231 754 2271 et
784 2228 953 2271 Circam
986 2211 1524 2295 procreavisse.V01-}2

119 2288 214 2331 cani
243 2288 348 2329 item
380 2287 637 2342 complures,
668 2288 831 2343 primus
863 2287 993 2330 Caelo
1024 2290 1170 2343 natus,
1211 2301 1262 2329 ex
1294 2299 1377 2340 quo
1410 2264 1500 2326 et5
