1685 2568
383 121 472 158 LIB.
499 122 526 158 Ῑ.
560 121 659 157 CAP.
687 126 837 157 39—42.
870 125 890 164 ξ
916 125 1066 158 86-93.
1320 124 1403 165 179

64 218 155 260 filio
187 218 240 259 ad
266 217 440 260 Troiam
472 217 759 272 proficiscenti
791 219 974 259 mortem
1005 218 1268 272 praedixisse
1297 234 1407 261 com-

67 277 307 318 memorat?
352 276 535 318 Omnino
569 275 681 331 apud
707 278 884 330 veteres,
918 276 991 330 qui
1016 291 1160 318 rerum
1185 277 1407 332 potieban-

65 338 148 389 tur,
178 335 307 376 iidem
339 335 520 390 auguria
550 335 773 388 tenebant3
805 337 853 376 ut
884 335 997 376 enim
1024 349 1185 390 sapere,
1218 336 1279 377 sic
1305 336 1408 378 divi-

65 408 168 436 nare
208 394 354 450 regale
396 393 618 436 ducebant.
679 367 822 434 Testis
861 396 926 435 est
962 396 1113 436 nostra
1150 394 1321 449 civitaS,
1362 394 1408 436 in

29 465 46 491 5
67 467 151 507 qua
188 455 230 494 et
268 467 391 508 reges
430 466 613 506 augures
645 453 688 493 et
718 455 870 507 postea
900 452 1060 507 privati
1093 453 1240 494 eodem
1273 467 1408 494 sacer-

0 537 1 543 =
66 511 183 553 dotio
224 511 408 567 praediti
451 525 541 552 rem
584 510 802 565 publicam
846 511 1105 566 religionum
1150 512 1407 554 auctoritate

65 572 276 612 rexerunt.
336 569 485 624 anue
529 569 842 611 divinationum
885 570 996 612 ratio
1037 585 1089 612 ne
1126 570 1172 612 in
1208 571 1406 613 barbaris

66 629 235 683 quidem
274 629 475 684 gentibus
512 628 712 684 neglecta
749 631 832 682 est,
871 628 1080 683 siquidem
1113 631 1156 671 et
1186 629 1232 670 in
1264 628 1409 671 Gallia

64 687 252 728 Druidae
285 689 396 742 sunt,
429 701 451 728 e
478 686 632 741 quibus
658 687 750 742 ipse
776 687 1040 730 Divitiacum
1064 687 1304 743 Haeduum,
1334 688 1409 730 ho-

13 758 46 784 10
66 746 224 801 spitem
255 747 377 787 tuum
408 746 780 801 laudatoremque,
815 747 1015 802 cognovi,
1049 747 1121 802 qui
1154 749 1196 788 et
1226 750 1408 789 naturae

65 804 288 859 rationem,
322 819 450 859 quam
483 807 777 858 φυσιολογίαν
808 804 960 847 Graeci
992 806 1228 861 appellant,
1258 808 1409 848 notam

65 878 158 905 esse
190 863 273 905 sibi
303 864 588 918 profitebatur
619 866 662 905 et
693 864 853 919 partim
885 865 1089 920 auguriis,
1120 865 1280 920 partim
1314 879 1409 907 con-

64 923 245 976 iectura,
278 937 386 977 quae
420 925 563 964 essent
593 922 759 977 futura,
792 923 980 978 dicebat,
1013 926 1056 965 et
1086 923 1131 965 in
1161 923 1305 965 Persis
1339 939 1410 966 au-

66 983 277 1037 gurantur
309 984 352 1022 et
383 981 578 1023 divinant
609 981 744 1038 magi,
777 982 850 1036 qui
881 984 1200 1038 congregantur
1230 983 1276 1024 in
1306 982 1408 1025 fano

13 1052 46 1079 15
65 1040 383 1082 commentandi
415 1054 543 1082 causa
575 1043 704 1095 atque
735 1041 847 1081 inter
879 1055 922 1082 se
955 1041 1257 1095 conloquendi,
1296 1041 1410 1096 quod

66 1099 196 1141 etiam
233 1099 346 1140 idem
377 1113 454 1140 vos
488 1099 702 1153 quondam
733 1099 872 1140 facere
898 1098 1036 1141 Nonis
1069 1100 1295 1155 solebatis3
1331 1115 1409 1142 nec

66 1158 292 1212 quisquam
335 1172 409 1199 rex
446 1157 676 1199 Persarum
720 1160 866 1212 potest
913 1172 1022 1213 esse,
1068 1158 1142 1212 qui
1183 1173 1272 1201 non
1309 1161 1408 1200 ante

64 1230 292 1272 magorum
330 1216 602 1271 disciplinam
640 1216 949 1271 scientiamque
986 1217 1238 1272 perceperit.
1288 1217 1410 1259 Licet

65 1278 209 1317 autem
252 1275 394 1317 videre
439 1278 481 1316 et
525 1289 683 1330 genera
728 1275 937 1330 quaedam
982 1278 1025 1317 et
1067 1276 1265 1318 nationes
1310 1276 1410 1318 huic

30 1348 46 1373 o
66 1335 269 1377 scientiae
296 1334 472 1376 deditas.
521 1333 766 1376 Telmessus
792 1334 837 1375 in
860 1333 988 1376 Caria
1014 1337 1091 1389 est,
1124 1349 1208 1389 qua
1232 1335 1279 1376 in
1303 1335 1409 1377 urbe

66 1393 237 1436 excellit
273 1393 550 1448 haruspicum
584 1393 827 1448 disciplina3
865 1393 1054 1448 itemque
1085 1393 1180 1435 Elis
1212 1393 1258 1435 in
1287 1393 1409 1436 Pelo-

65 1467 255 1508 ponneso
286 1452 476 1494 familias
509 1452 614 1494 duas
641 1454 779 1493 certas
804 1452 948 1507 habet,
978 1451 1242 1494 Iamidarum
1266 1468 1409 1507 unam,

67 1512 250 1553 alteram
282 1510 562 1565 Clutidarum,
593 1511 894 1566 haruspicinae
924 1511 1155 1553 nobilitate
1186 1514 1408 1567 praestan-

65 1573 143 1613 tes.
191 1570 244 1612 In
275 1568 398 1624 Syria
431 1569 636 1612 Chaldaei
669 1570 915 1626 cognitione
947 1572 1166 1612 astrorum
1197 1571 1409 1612 sollertia-

32 1640 48 1667 5
67 1644 148 1684 que
185 1629 455 1684 ingeniorum
487 1629 762 1671 antecellunt.
823 1629 1001 1671 Etruria
1032 1632 1176 1671 autem
1208 1629 1259 1671 de
1291 1631 1408 1672 caelo

65 1690 183 1730 tacta
235 1687 532 1730 scientissume
578 1687 882 1730 animadvertit
927 1688 1159 1743 eademque
1203 1688 1410 1743 interpre-

66 1749 194 1802 tatur,
229 1747 330 1802 quid
362 1747 600 1802 quibusque
633 1747 885 1788 ostendatur
916 1747 1122 1789 monstris
1155 1749 1284 1802 atque
1315 1762 1411 1802 por-

67 1806 209 1848 tentis.
266 1804 474 1855 Quocirca
509 1806 617 1847 bene
656 1806 768 1861 apud
805 1806 990 1848 maiores
1027 1808 1202 1849 nostros
1235 1808 1409 1848 senatus

68 1868 173 1919 tum,
200 1879 295 1907 cum
320 1865 502 1907 florebat
526 1864 766 1920 imperium,
793 1865 990 1919 decrevit,
1016 1867 1065 1907 ut
1091 1864 1141 1907 de
1167 1864 1410 1920 principum

33 1923 167 1965 ofiliis
208 1936 239 1965 X
279 1938 330 1965 ex
370 1923 554 1980 singulis
594 1923 796 1965 Etruriae
836 1924 1009 1980 populis
1050 1924 1095 1965 in
1136 1924 1409 1979 disciplinam

66 1982 351 2037 traderentur,
373 1997 427 2024 ne
453 1997 522 2024 ars
548 1984 673 2024 tanta
697 1985 876 2038 propter
901 1983 1159 2025 tenuitatem
1184 1982 1408 2025 hominum

68 2056 94 2083 a
118 2041 341 2096 religionis
368 2041 624 2084 auctoritate
646 2041 927 2084 abduceretur
948 2042 1002 2084 ad
1021 2042 1258 2084 mercedem
1279 2044 1408 2096 atque

42 2097 306 2155 'quaestum
358 2099 553 2157 Phryges
599 2103 743 2142 autem
787 2103 829 2142 et
871 2100 1042 2143 Pisidae
1087 2103 1130 2143 et
1168 2099 1320 2143 Cilices
1365 2102 1409 2141 et

67 2159 261 2201 Arabum
298 2159 417 2201 natio
456 2159 598 2201 avium
636 2160 1024 2227 significationibus
1062 2159 1298 2225 plurimum
1337 2159 1408 2201 ob-

33 2227 49 2254 5
67 2219 324 2273 temperant,
350 2217 463 2273 quod
486 2217 599 2260 idem
616 2219 896 2261 factitatum
883 2234 929 2260 111
947 2218 1132 2261 Umbria
1153 2218 1406 2284 accepimus

155 2277 220 2318 Ac
251 2276 358 2318 mihi
390 2276 560 2331 quidem
583 2277 782 2320 videntur
808 2292 830 2319 e
855 2278 961 2320 locis
989 2292 1156 2333 quoque
1181 2277 1300 2331 ipsis,
1333 2275 1406 2329 qui

67 2349 93 2378 a
125 2336 362 2391 quibusque
394 2335 710 2391 incolebantur,
741 2336 1053 2379 divinationum
1087 2335 1404 2392 oportunitates

1052 2404 1122 2439 12*

1434 596 1478 626 90

1435 1111 1477 1142 91

1435 1640 1479 1671 92

1420 2255 1478 2296 42

1431 2307 1475 2338 93
