1685 2568
402 90 492 126 LIB.
519 90 581 125 ΙΙΙ.
610 90 709 126 CAP.
739 95 886 126 15—17.
912 95 931 131 ξ
958 95 1108 128 38-44.
1337 94 1418 134 121

86 186 271 240 desierit,
303 189 346 228 et
378 201 457 243 ego
490 187 650 228 discam
681 186 876 227 libenter.
926 185 1018 235 Quo
1045 187 1172 229 modo
1197 203 1308 229 nunc
1336 190 1424 243 qui-

86 246 181 286 dem
219 248 301 299 est,
341 260 428 286 non
465 245 604 299 video,
643 259 725 299 quo
763 247 890 299 pacto
922 245 1013 299 ille,
1051 246 1119 287 cui
1152 246 1223 286 qin
1254 250 1423 288 monte

86 303 274 345 Oetaeo
306 304 490 346 illatae
523 303 785 358 lampades
817 303 1047 358 fuerint',
1084 306 1132 345 ut
1164 304 1225 345 ait
1256 304 1423 359 Accius,

88 363 157 403 ‘in
196 363 391 404 domum
430 364 687 404 aeternam
725 361 912 416 patris'
952 377 1003 403 ex
1040 363 1116 404 illo
1150 363 1300 404 ardore
1332 377 1423 418 per-

51 433 67 459 5
86 422 271 475 venerit3
304 436 429 476 quem
461 423 605 462 tamen
631 419 844 462 Homerus
878 421 990 476 apud
1021 421 1181 463 inferos
1208 421 1425 463 conveniri

85 479 190 522 facit
234 480 287 521 ab
329 479 472 533 Ulixe,
517 479 625 521 sicut
670 481 851 533 ceteros,
896 479 968 534 qui
1012 483 1281 522 excesserant
1324 481 1423 522 vita.

87 537 367 593 Quamquam,
394 553 520 592 quem
544 538 819 593 potissimum
838 537 1067 580 Herculem
1088 539 1290 593 colamus,
1317 539 1423 581 scire
1450 550 1493 580 42

86 612 187 639 sane
214 597 362 652 velim3
393 597 529 652 pluris
556 597 669 638 enim
689 597 867 638 tradunt
884 597 1010 639 nobis
1030 598 1071 651 ii,
1105 598 1176 652 qui
1196 598 1422 639 interiores

87 658 333 697 scrutantur
370 660 413 696 et
444 656 684 697 reconditas
718 656 906 709 litteraS,
944 656 1291 710 antiquissimum
1323 656 1424 698 Iove

34 726 66 751 10
86 717 252 767 natum,
290 724 364 755 sed
401 725 506 755 1tem
537 713 638 756 Iove
679 714 998 769 antiquissimo,
1034 729 1136 757 nam
1167 714 1290 757 Ioves
1325 730 1425 769 quo-

87 787 166 826 que
209 773 347 828 pluris
391 773 435 814 in
478 773 631 828 priscis
672 772 932 815 Graecorum
976 774 1134 815 litteris
1171 774 1424 816 invenimus.

85 831 150 873 Ex
182 846 231 873 eo
263 832 398 887 igitur
429 834 472 873 et
502 831 708 886 Lysithoe
742 835 807 874 est
838 832 874 873 is
906 831 1134 887 Hercules,
1173 847 1298 888 quem
1330 848 1425 875 con-

85 890 315 932 certavisse
348 905 444 932 eum
475 891 679 945 Apolline
713 891 763 932 de
794 891 964 946 tripode
997 892 1248 947 accepimus.
1299 892 1425 933 Alter

84 949 270 990 traditur
308 948 410 991 Nilo
446 952 573 990 natus
606 950 865 1005 Aegyptius,
903 964 1029 1004 quem
1062 951 1181 992 aiunt
1211 950 1424 1006 Phrygias

32 1019 65 1045 15
85 1008 254 1049 litteras
295 1009 611 1062 conscrlpsisse.
672 1008 842 1050 Tertius
882 1011 947 1050 est
985 1024 1035 1051 ex
1073 1009 1212 1051 Idaeis
1250 1009 1426 1065 Digitis,

85 1067 153 1109 cui
190 1066 366 1108 inferias
405 1067 614 1108 adferunt.
678 1066 865 1115 Quartus
896 1066 1012 1109 Iovis
1052 1070 1117 1109 est
1147 1072 1185 1111 et
1214 1067 1425 1122 Asteriae,

84 1125 276 1167 Latonae
309 1125 481 1179 sororis,
514 1126 587 1179 qui
618 1125 721 1180 Tyri
754 1126 938 1167 maxime
970 1126 1138 1181 colitur,
1170 1127 1288 1168 cuius
1319 1126 1426 1168 Kar-

84 1184 308 1240 thaginem
339 1184 475 1225 filiam
506 1184 662 1225 ferunt.
726 1183 908 1232 Quintus
939 1185 985 1225 in
1016 1184 1157 1239 India,
1190 1186 1262 1240 qui
1293 1185 1424 1227 Belus

85 1243 250 1285 dicitur.
312 1240 465 1284 Sextus
503 1243 573 1285 hic
610 1257 660 1284 ex
698 1243 924 1297 Alcmena,
963 1258 1089 1298 quem
1123 1243 1319 1300 Iuppiter
1357 1259 1426 1300 ge-

31 1312 65 1337 20
82 1301 194 1355 nuit,
233 1300 306 1343 sed
342 1308 496 1343 tertius
528 1301 739 1357 Iuppiter,
784 1303 1004 1357 quoniam,
1041 1305 1090 1344 ut
1127 1303 1214 1344 iam
1253 1303 1425 1358 docebo,

82 1360 219 1416 pluris
250 1359 374 1402 Ioves
408 1360 538 1402 etiam
572 1361 824 1416 accepimus

172 1418 349 1468 Quando
392 1419 504 1461 enim
545 1435 612 1461 me
652 1420 698 1461 in
735 1421 847 1462 hunc
885 1421 1027 1462 locum
1067 1421 1240 1463 deduxit
1272 1421 1424 1476 oratio,
1443 1402 1494 1484 14}

84 1478 243 1520 docebo
279 1478 459 1520 meliora
491 1493 558 1520 me
592 1478 788 1521 didicisse
821 1479 871 1521 de
904 1479 1091 1521 colendis
1125 1480 1189 1522 dis
1221 1480 1425 1522 inmorta-

84 1537 197 1579 libus
241 1537 332 1579 iure
376 1537 596 1592 pontificio
636 1540 679 1579 et
716 1553 834 1580 more
873 1538 1084 1580 maiorum
1123 1539 1424 1594 capedunculis

30 1605 64 1632 25
82 1596 155 1650 iis,
193 1610 298 1651 quas
331 1595 475 1638 Numa
511 1596 636 1638 nobis
669 1597 862 1652 reliquit,
901 1597 952 1638 de
985 1598 1139 1652 quibus
1170 1599 1215 1639 in
1245 1598 1323 1639 illa
1355 1613 1425 1640 au-

82 1655 202 1697 reola
233 1655 504 1697 oratiuncula
536 1656 638 1698 dicit
670 1655 854 1710 Laelius,
887 1671 1015 1711 quam
1047 1657 1288 1698 rationibus
1315 1655 1424 1699 Stoi-

83 1728 240 1756 corum.
296 1712 342 1755 Si
374 1714 486 1756 enim
518 1729 594 1756 vos
627 1729 793 1769 sequar,
825 1715 902 1769 dic,
936 1716 1038 1770 quid
1067 1716 1105 1757 ei
1130 1715 1424 1771 respondeam,

84 1773 156 1827 qui
186 1787 254 1814 me
287 1773 347 1815 sic
379 1775 520 1829 roget:
554 1772 599 1814 Si
631 1773 673 1814 di
705 1776 817 1829 sunt,
851 1777 1005 1816 suntne
1037 1775 1168 1816 etiam
1194 1774 1424 1830 Nymphae

84 1831 215 1873 deae?
255 1831 291 1873 si
321 1831 569 1889 Nymphae,
600 1831 770 1875 Panisci
802 1833 933 1875 etiam
966 1835 1009 1874 et
1040 1831 1216 1888 Satyri?
1265 1833 1324 1875 Hi
1355 1850 1425 1876 au-

30 1897 64 1924 30
83 1892 171 1931 tem
200 1905 288 1932 non
319 1894 437 1945 sunt3
467 1906 520 1933 ne
544 1890 773 1946 Nymphae
801 1892 938 1945 [deae]
967 1892 1137 1947 quidem
1162 1893 1326 1949 igitur?
1364 1894 1426 1934 At

84 1963 231 1990 earum
262 1950 425 2005 templa
457 1953 557 1992 sunt
587 1950 757 2006 publice
788 1954 892 1993 vota
923 1953 966 1993 et
998 1951 1203 1993 dedicata.
1264 1951 1330 1994 Ne
1363 1967 1425 1994 ce-

82 2007 168 2049 teri
205 2008 375 2062 quidem
412 2023 514 2065 ergo
554 2009 613 2064 di,
654 2024 836 2064 quorum
873 2011 1037 2066 templa
1069 2013 1169 2052 sunt
1201 2011 1424 2053 dedicata?

32 2083 38 2089 ·
83 2066 178 2122 Age
209 2081 356 2121 porro,
387 2067 533 2110 Iovem
565 2071 608 2110 et
633 2068 883 2124 Neptunum
916 2069 1041 2111 deum
1071 2084 1290 2125 numeras3
1322 2085 1424 2126 ergo

84 2126 214 2167 etiam
252 2125 403 2180 Orcus,
445 2126 579 2168 frater
617 2142 781 2182 eorum,
821 2128 941 2182 deus,
980 2131 1022 2170 et
1059 2129 1143 2183 illi,
1183 2129 1256 2183 qui
1293 2129 1424 2170 fluere

31 2192 64 2219 35
84 2184 197 2239 apud
228 2184 388 2226 inferos
421 2185 634 2240 dicuntur,
669 2187 886 2241 Acheron,
918 2186 1116 2242 Cocytus,
1147 2187 1424 2243 Pyriphlege-

83 2242 210 2297 thon,
248 2246 341 2285 tum
374 2242 562 2299 Charon,
598 2247 692 2286 tum
723 2244 933 2288 Cerberus
967 2246 1008 2287 di
1038 2246 1230 2302 putandi.
1290 2246 1351 2287 At
1381 2246 1425 2286 id
1449 2252 1494 2284 44

85 2302 255 2356 quidem
287 2302 607 2357 repudiandum.
656 2303 722 2346 Ne
748 2304 881 2347 Orcus
916 2305 1086 2361 quidem
1117 2306 1262 2361 igitur.
1314 2303 1423 2353 Quid
