1685 2568
446 92 535 130 1111.
562 92 608 127 Π.
635 91 736 128 CAP.
763 96 864 128 5-7.
891 95 911 134 g
938 96 1087 127 14—19.
1379 92 1436 133 53

97 191 178 232 bus
209 190 331 231 illam
363 192 411 236 et,
437 188 633 231 mustelis
660 187 926 229 aedificatam
952 187 1106 242 putes?
1137 189 1307 228 tantum
1334 202 1436 243 ergo

99 251 299 291 ornatum
324 248 483 302 mundi,
514 249 682 289 tantam
708 245 963 287 varietatem
988 245 1437 300 pulchritudinemque

98 322 241 349 rerum
273 307 532 361 caelestium,
563 307 732 347 tantam
757 304 845 346 vim
871 306 915 345 et
940 304 1281 360 magnitudinem
1306 304 1437 345 maris

99 369 228 421 atque
265 368 478 407 terrarum
516 363 553 406 si
584 366 706 405 tuum
738 377 787 404 ac
817 377 905 405 non
936 362 1111 404 deorum
1142 363 1438 404 inmortalium

46 438 63 464 5
100 425 364 466 domicilium
394 426 532 478 putes,
562 436 704 464 nonne
734 423 862 476 plane
895 421 1087 476 desipere
1118 421 1316 463 videare?
1369 421 1439 462 An

98 498 152 525 ne
190 483 272 525 hoc
310 482 480 538 quidem
515 480 827 536 intellegimuS‚
866 480 1010 522 omnia
1047 494 1202 535 supera
1233 494 1325 522 esse
1356 494 1439 522 me-

100 542 228 597 liora,
260 544 420 583 terram
452 542 596 582 autem
628 553 720 581 esse
751 539 955 605 infimam,
987 553 1116 593 quam
1147 539 1438 581 crassissimus

100 600 414 643 circumfundat
457 599 558 640 aelr‘?
602 600 650 640 ut
692 599 745 640 ob
784 612 877 639 eam
914 598 1055 653 ipsam
1092 612 1283 652 causam,
1327 597 1441 652 quod

101 660 232 701 etiam
265 657 520 713 quibusdam
551 657 800 713 regionibus
833 659 961 711 atque
986 656 1165 698 urbibus
1191 656 1441 713 contingere

49 730 81 755 10
99 718 310 771 videmus,
347 716 572 758 hebetiora
608 718 657 757 ut
688 716 776 757 sint
806 715 1029 757 hominum
1059 715 1234 771 ingenia
1263 717 1442 771 propter

99 776 208 819 caeli
251 775 490 830 pleniorem
532 776 754 829 naturam,
797 774 880 816 hoe
919 774 1032 816 idem
1070 775 1217 830 generi
1252 774 1441 816 humano

100 834 303 889 evenerit,
335 834 448 889 quod
478 834 524 875 in
548 836 676 888 terra,
707 833 789 875 hoc
815 835 881 875 est
905 833 950 874 in
975 833 1242 876 crassissima
1266 833 1442 889 regione

100 893 265 947 mundi,
307 892 520 935 conlocati
560 893 658 934 sint.
719 892 778 934 Et
817 894 964 933 tamen
1001 907 1052 934 ex
1087 892 1184 948 ipsa
1219 892 1442 935 hominum

102 952 298 1007 sollertia
330 965 422 993 esse
455 951 645 1006 aliquam
676 953 876 1005 mentem,
908 953 951 992 et
982 965 1077 992 eam
1109 950 1280 1005 quidem
1312 951 1444 993 acrio-

53 1023 84 1049 15
103 1026 195 1053 rem
233 1013 276 1052 et
313 1010 520 1064 divinam,
560 1009 804 1051 existimare
843 1010 1056 1051 debemus.
1119 1009 1281 1052 eUnde
1314 1009 1444 1051 enim

100 1070 232 1112 hanc
273 1069 420 1111 homo
463 1068 738 1123 arripuit?'
782 1071 830 1110 ut
869 1069 930 1110 ait
968 1069 1082 1124 apud
1111 1068 1444 1135 Xenophontem

105 1127 315 1170 Socrates.
371 1126 485 1176 Quin
516 1129 559 1168 et
589 1141 783 1168 umorem
815 1129 858 1168 et
889 1127 1088 1181 calorem,
1121 1128 1194 1182 qui
1226 1130 1292 1169 est
1321 1127 1443 1169 fusus

101 1187 148 1229 in
183 1200 379 1241 corpore,
416 1188 461 1227 et
497 1188 714 1227 terrenam
751 1186 892 1240 ipsam
922 1185 1135 1228 viscerum
1167 1186 1445 1252 soliditatem,

102 1245 294 1288 animum
334 1244 514 1299 denique
557 1244 682 1286 illum
727 1244 995 1299 spirabilem,
1038 1244 1076 1286 si
1117 1245 1212 1299 quis
1254 1247 1446 1311 quaerat,

49 1316 84 1342 20
103 1304 213 1346 unde
244 1303 499 1358 habeamus,
538 1305 736 1358 apparet,
769 1303 882 1358 quod
913 1303 1031 1345 aliud
1062 1318 1088 1345 a
1118 1306 1235 1345 terra
1266 1304 1446 1359 sumpsi-

101 1377 210 1418 mus,
242 1362 358 1404 aliud
390 1362 444 1404 ab
476 1376 636 1417 umore,
669 1362 787 1404 aliud
818 1362 871 1404 ab
897 1362 1002 1418 igni,
1035 1362 1152 1405 aliud
1178 1363 1232 1405 ab
1260 1366 1357 1405 ae're
1383 1377 1445 1418 eo,

1470 902 1511 934 18

102 1436 229 1478 quem
261 1421 417 1477 spiritu
449 1420 653 1463 ducimus.
707 1420 822 1462 Illud
856 1423 1011 1475 autem,
1044 1421 1157 1477 quod
1182 1422 1316 1464 vincit
1339 1421 1444 1464 haec
1471 1425 1495 1466 7

103 1481 265 1535 omnia,
308 1480 521 1522 rationem
559 1480 651 1522 dico
690 1482 750 1534 et,
800 1480 837 1521 si
873 1480 1017 1536 placet
1053 1481 1250 1536 pluribus
1288 1481 1445 1536 verbis,

104 1542 304 1594 mentem,
336 1539 577 1593 consilium,
608 1539 928 1594 cogitationem,
959 1539 1246 1594 prudentiam,
1277 1540 1352 1581 ubi
1382 1540 1446 1581 in-

51 1611 84 1637 25
103 1598 327 1641 venimus?
359 1598 469 1640 unde
501 1597 785 1640 sustulimus?
834 1597 906 1639 An
937 1600 1079 1640 cetera
1109 1599 1292 1640 mundus
1317 1598 1447 1640 habe-

102 1658 170 1700 bit
201 1656 356 1711 omnia,
388 1657 470 1699 hoc
500 1672 644 1712 unum,
678 1656 791 1711 quod
816 1657 993 1712 plurimi
1019 1660 1096 1711 est,
1127 1672 1215 1700 non
1238 1657 1445 1699 habebit?

103 1716 240 1771 Atqui
279 1718 392 1758 certe
429 1715 539 1757 nihil
579 1716 770 1758 omnium
810 1730 953 1758 rerum
991 1717 1144 1758 melius
1177 1719 1244 1759 est
1275 1716 1446 1771 mundo,

102 1775 212 1817 nihil
248 1774 573 1831 praestabilius,
615 1774 725 1816 nihil
762 1775 1003 1830 pulchrius,
1045 1790 1123 1817 nec
1161 1776 1302 1818 solum
1336 1775 1446 1817 nihil

105 1836 188 1889 est,
229 1834 305 1876 sed
339 1848 393 1875 ne
425 1833 610 1890 cogitari
642 1833 813 1888 quidem
845 1833 1074 1889 quicquam
1105 1834 1258 1876 melius
1289 1837 1446 1890 potest.

54 1904 87 1930 30
104 1892 164 1934 Et
194 1893 232 1935 si
256 1893 423 1935 ratione
450 1895 493 1934 et
518 1892 732 1948 sapientia
755 1891 865 1934 nihil
892 1896 958 1934 est
983 1893 1149 1949 melius,
1179 1908 1354 1936 necesse
1380 1896 1446 1935 est

104 1951 210 1993 haec
251 1952 391 1993 inesse
433 1951 479 1992 in
523 1966 590 2006 eo,
634 1951 747 2006 quod
785 1951 997 2007 optimum
1035 1967 1128 1994 esse
1165 1952 1445 1995 concedimus.
1483 1984 1529 2011 2:

107 2008 217 2058 Quid
246 2010 376 2052 vero?
408 2012 533 2052 tanta
563 2025 707 2052 rerum
738 2011 1019 2066 consentienS,
1055 2011 1318 2067 conspirans,
1351 2026 1445 2054 con-
1475 2011 1519 2051 1ᾷ

106 2068 277 2110 tinuata
314 2069 515 2125 cognatio
554 2083 681 2124 quem
716 2084 804 2111 non
842 2072 969 2126 coget
1001 2085 1067 2125 ea,
1107 2085 1216 2126 quae
1248 2070 1491 2112 dicuntur

1575 1988 1603 2023 7<

107 2142 133 2169 a
177 2141 262 2181 me,
305 2128 599 2182 conprobare?
665 2127 873 2170 Possetne
916 2144 1000 2171 uno
1044 2131 1239 2184 tempore
1282 2129 1538 2184 florere,

53 2197 88 2223 85
108 2185 206 2228 dein
241 2185 430 2227 vicissim
466 2187 641 2229 horrere
678 2188 824 2229 terra?
869 2189 943 2229 aut
983 2190 1052 2230 tot
1091 2189 1219 2230 rebus
1257 2188 1363 2242 ipsis
1402 2203 1446 2229 se
1470 2188 1522 2233 :5⁴21

106 2244 421 2286 inmutantibus
448 2245 552 2287 solis
579 2260 773 2287 accessus
801 2246 1096 2301 discessusque
1123 2247 1324 2289 solstitiis
1349 2247 1447 2288 bru-
1470 2237 1578 2314 ,Jfl‘ae'ss

107 2303 272 2358 misque
316 2303 546 2359 cognosci?
596 2306 671 2346 aut
715 2307 859 2347 aestus
901 2306 1110 2348 maritimi
1151 2305 1446 2360 fretorumque

1573 2242 1576 2244 ,
1592 2242 1595 2244 .
1601 2233 1648 2245 «ω
