1685 2568
403 88 492 123 LIB.
518 88 564 123 ΙΙ.
592 88 691 124 ΟΑΡ.
719 93 845 124 7-10.
871 92 891 131 ξ
918 93 1066 125 19-26.
1345 90 1403 131 55

66 183 340 238 iudicetur,
372 199 479 235 cum
511 199 567 226 ex
597 198 649 225 se
679 186 917 239 procreet
947 185 1225 227 animantis
1252 188 1404 240 atque

68 242 376 297 sapientis?'

156 299 238 342 Sed
271 302 473 355 quoniam
504 300 624 356 coepi
656 315 776 343 secus
808 316 947 357 agere,
979 304 1108 357 atque
1140 302 1263 343 initio
1293 301 1404 343 dixe-

67 374 161 401 ram
199 357 424 416 (negaram
455 360 568 401 enim
599 359 709 402 hanc
739 360 925 415 primam
955 364 1124 415 partem
1157 375 1280 416 egere
1314 375 1405 402 ora-

31 429 48 455 5
67 418 200 473 tione,
233 419 346 473 quod
377 421 489 460 esset
521 418 717 460 omnibus
750 419 1022 474 perspicuum
1054 420 1154 461 deos
1187 418 1311 475 esse),
1343 421 1405 460 ta-

69 492 167 518 men
212 477 256 518 id
298 478 440 532 ipsum
481 477 722 518 rationibus
766 477 954 533 physicis
998 479 1250 520 confirmare
1293 477 1404 519 volo.

7 576 8 581 ,
68 535 136 578 Sic
164 536 277 577 enim
302 550 370 577 res
397 550 441 577 se
466 535 610 590 habet,
640 538 689 578 ut
715 537 869 591 omnia,
895 551 1003 592 quae
1030 537 1203 579 alantur
1228 539 1271 578 et
1297 550 1404 590 quae

68 597 272 649 crescant,
304 594 551 636 contineant
581 594 627 636 in
658 609 703 636 se
728 595 817 637 vim
842 596 1008 650 caloris,
1041 596 1132 637 sine
1159 610 1243 650 qua
1267 609 1405 649 neque

68 653 127 695 ali
159 655 338 708 possent
366 667 445 695 nec
477 667 675 695 crescere.
737 653 852 696 Nam
883 669 1024 709 omne,
1064 654 1176 709 quod
1208 656 1275 695 est
1307 653 1406 696 cali-

14 724 48 750 o
68 712 168 754 dum
200 714 243 753 et
273 712 459 767 igneum,
491 712 626 754 cietur
658 714 700 754 et
732 713 879 768 agitur
908 716 1029 755 motu
1062 728 1157 767 suo3
1196 712 1309 767 quod
1334 727 1405 754 au·

7 770 9 797 ἕ
66 773 155 812 tem
199 770 331 812 alitur
367 773 410 812 et
447 771 616 826 crescit,
660 774 781 813 motu
819 772 1004 826 quodam
1040 772 1178 813 utitur
1214 774 1330 813 certo
1362 773 1406 812 et

67 829 299 884 aequabili3
345 830 417 884 qui
456 844 584 884 quam
622 830 692 872 diu
724 833 917 872 remanet
947 831 993 872 in
1022 831 1167 886 nobis,
1210 833 1302 872 tam
1334 830 1405 871 diu

8 892 10 906 ¹
67 903 214 930 sensus
247 890 290 930 et
320 889 412 930 vita
442 892 652 943 remanet3
683 889 938 945 refrigerato
972 893 1116 931 autem
1148 892 1191 931 et
1217 889 1404 931 extincto

67 948 209 989 calore
246 947 476 989 occidimus
514 947 598 1002 ipsi
636 950 678 989 et
715 949 1016 1004 extinguimur.
1079 948 1202 997 Quod
1233 948 1404 1003 quidem

9 1017 48 1066 55
68 1006 298 1048 Cleanthes
325 1006 392 1047 his
419 1006 550 1048 etiam
577 1007 843 1062 argumentis
870 1008 1004 1062 docet⁷
1031 1010 1192 1062 quanta
1214 1008 1279 1049 vis
1302 1007 1406 1048 insit

67 1065 222 1107 caloris
248 1065 294 1106 in
319 1065 436 1106 omni
461 1080 656 1120 corpore:
686 1068 818 1121 negat
844 1067 958 1107 enim
983 1081 1075 1108 esse
1101 1066 1239 1107 ullum
1264 1066 1406 1108 cibum

65 1127 157 1165 tam
190 1138 377 1179 gravem,
410 1123 513 1178 quin
543 1124 580 1164 is
611 1127 736 1166 nocte
768 1127 811 1165 et
843 1124 908 1166 die
940 1127 1249 1179 concoquatur3
1287 1124 1405 1166 cuius

66 1183 197 1224 etiam
222 1182 269 1223 in
290 1182 484 1236 reliquiis
509 1182 623 1223 inest
648 1183 766 1224 calor
787 1183 851 1237 iis,
880 1198 986 1238 quas
1007 1187 1163 1225 natura
1181 1183 1405 1238 respuerit.

64 1241 159 1283 Iam
189 1255 291 1283 vero
322 1255 455 1283 venae
484 1243 528 1282 et
553 1241 736 1283 arteriae
762 1242 920 1284 micare
944 1257 1031 1284 non
1057 1242 1258 1284 desinunt
1283 1241 1407 1297 quasi

12 1312 47 1358 (ο
67 1300 252 1356 quodam
276 1299 404 1356 igneo
429 1302 563 1354 motu,
595 1300 1023 1356 animadversumque
1050 1316 1176 1356 saepe
1202 1303 1280 1355 est,
1311 1315 1408 1342 cum

13 1366 15 1372 '
66 1374 139 1402 cor
176 1359 408 1400 animantis
442 1359 621 1401 alicuius
654 1360 849 1401 evolsum
879 1360 943 1402 ita
973 1360 1193 1402 mobiliter
1223 1360 1408 1415 palpita-

65 1421 149 1472 ret,
186 1420 235 1459 ut
270 1418 515 1459 imitaretur
551 1418 724 1474 igneam
756 1419 1032 1461 celeritatem.
1095 1418 1230 1461 Omne
1260 1419 1408 1475 igitur,

66 1477 180 1532 quod
217 1476 337 1531 vivit,
380 1476 470 1519 sive
513 1477 674 1519 animal
712 1477 801 1519 sive
838 1480 955 1520 terra
992 1478 1172 1532 editum,
1216 1478 1260 1519 id
1298 1477 1408 1519 vivit

65 1538 243 1591 propter
284 1535 497 1578 inclusum
539 1535 585 1577 in
625 1551 674 1578 eo
720 1537 918 1578 calorem.
984 1537 1051 1579 Ex
1088 1552 1171 1592 quo
1208 1536 1407 1592 intellegi

20 1605 47 1631 5
68 1595 195 1636 debet
226 1609 320 1636 eam
352 1595 507 1637 caloris
537 1596 739 1637 naturam
770 1596 859 1653 Q
889 1596 1049 1638 habere
1080 1596 1127 1637 in
1159 1610 1202 1637 se
1228 1596 1406 1638 vitalem

65 1668 142 1710 per
179 1668 350 1695 omnem
385 1653 591 1695 mundum
625 1655 924 1709 pertinentem.
985 1657 1130 1709 Atque
1162 1655 1207 1696 id
1236 1654 1406 1696 facilius

66 1727 286 1755 cernemus
317 1714 412 1754 toto
446 1726 599 1768 genere
630 1713 712 1755 hoc
741 1713 888 1769 igneo,
926 1714 1040 1769 quod
1070 1716 1218 1755 tranat
1249 1713 1407 1768 omnia,

27 1817 34 1825 .
66 1771 268 1813 subtilius
300 1771 526 1827 explicato.
582 1771 740 1814 Omnes
772 1773 907 1828 igitur
936 1776 1084 1828 partes
1116 1772 1264 1814 mundi
1296 1772 1407 1827 (tan-

16 1833 17 1836 ’
67 1845 167 1886 gam
199 1833 344 1872 autem
375 1829 603 1887 maximas)
630 1831 771 1873 calore
796 1831 933 1874 fultae
959 1832 1239 1874 sustinentur.
1285 1830 1408 1880 Quod

16 1895 47 1948 {‘·0
66 1889 253 1944 primum
291 1889 339 1931 in
377 1892 549 1931 terrena
585 1892 741 1931 natura
778 1891 964 1946 perspici
1000 1893 1156 1946 potest.
1217 1889 1333 1932 Nam
1364 1892 1407 1931 et

66 1948 259 2003 lapidum
295 1948 496 1990 conflictu
535 1951 663 2003 atque
694 1949 803 1991 tritu
834 1950 931 1992 elici
961 1950 1108 2006 ignem
1138 1949 1331 1991 videmus
1364 1951 1407 1990 et

16 2034 19 2062 ¹.
66 2007 227 2048 recenti
256 2007 446 2049 fossione
477 2010 640 2049 terram
670 2007 836 2050 fumare
862 2009 1086 2064 calentem,
1119 2011 1248 2063 atque
1275 2008 1406 2050 etiam

68 2080 118 2107 ex
148 2065 289 2120 puteis
320 2066 493 2122 iugibus
526 2081 683 2121 aquam
715 2068 898 2109 calidam
923 2068 1053 2123 trahi,
1085 2070 1128 2110 et
1153 2068 1197 2109 id
1221 2068 1406 2109 maxime

16 2132 19 2158 ’τ
65 2124 160 2166 fieri
190 2125 457 2179 temporibus
488 2125 698 2180 hibernis,
737 2127 850 2181 quod
881 2141 1041 2183 magna
1071 2127 1136 2168 vis
1167 2129 1309 2168 terrae
1341 2141 1406 2168 ca-

24 2193 46 2230 ξι
65 2183 208 2225 vernis
241 2183 510 2225 contineatur
541 2185 697 2227 caloris
730 2200 863 2240 eaque
894 2186 1034 2228 hieme
1067 2186 1124 2227 sit
1154 2185 1324 2227 densior
1350 2185 1404 2226 ob

66 2256 244 2296 eamque
283 2256 456 2284 causam
496 2243 682 2285 calorem
721 2244 901 2286 insitum
941 2245 987 2286 in
1025 2244 1155 2286 terris
1187 2244 1405 2286 contineat

66 2301 213 2343 artius.
273 2299 426 2357 Longa
463 2304 528 2343 est
560 2303 698 2344 oratio
732 2304 976 2359 multaeque
1007 2303 1215 2358 rationes,
1250 2302 1404 2357 quibus

1470 253 1500 277 'f

1432 308 1439 317 ·
1486 303 1490 321 l

1431 331 1471 360 23

1430 958 1473 989 24

1433 1662 1474 1693 25

1423 2277 1476 2317 10

1429 2328 1474 2359 26

1520 206 1522 208 ’
1552 191 1631 232 {mist

1501 270 1647 319 1,s·›‡)ff'⁹‘⁹'

1567 320 1644 355 ἰἼΗ
