1685 2568
221 104 307 144 342
693 103 756 137 DE
781 103 844 138 RE
869 103 1073 139 PUBLICA

220 200 291 254 qui
318 199 375 241 sit
399 199 758 254 imp:obissimus,
784 199 1000 240 existimet
1026 213 1118 240 esse
1144 213 1311 241 summa
1334 201 1552 255 probitate

220 273 267 300 ac
292 258 386 313 fide,
411 273 573 313 proque
598 259 680 299 hao
707 258 905 313 opinione
932 257 1121 298 omnium
1148 258 1303 299 civium
1323 259 1459 300 bonus
1479 260 1552 301 ille

218 317 283 359 vir
320 319 512 371 vexetur,
558 317 769 371 rapiatur,
814 330 963 356 manus
1001 315 1039 356 ei
1078 316 1257 370 denique
1295 316 1553 372 adferantur,

219 376 474 417 effodiantur
500 375 622 429 oculi,
649 375 884 428 damnetur,
909 374 1133 428 vinciatur,
1157 378 1319 430 uratur,
1345 374 1552 431 extermij·

217 436 322 486 p,11]
347 436 483 488 netur,
510 436 646 489 egeat,
672 435 889 487 postremo
909 433 999 473 iure
1020 433 1148 474 etiam
1171 434 1333 488 optimo
1355 434 1552 475 omnibus
1572 446 1588 472 5

217 493 481 534 miserrimus
514 507 606 533 esse
637 492 843 545 videatur,
875 493 1025 532 eontra
1056 494 1198 533 autem
1230 492 1304 533 1116
1332 492 1553 547 improbus

217 551 426 605 laudetur,
452 551 629 604 colatur,
657 551 710 591 ab
738 550 934 591 omnibus
962 550 1179 605 diligatur,
1205 565 1352 592 omnes
1379 551 1432 592 ad
1458 565 1552 593 eum

216 609 418 664 honores,
456 609 599 651 omnia
634 608 831 663 imperia,
864 623 1009 650 omnes
1043 623 1156 664 opes,
1189 624 1336 651 omnes
1368 610 1554 664 undique

218 668 365 723 copiae
391 668 677 721 conferantur,
703 667 769 708 vir
792 667 971 721 denique
992 668 1180 722 optimus
1201 668 1390 709 omnium
1411 668 1552 709 existi-

217 727 405 769 matione
438 729 480 768 et
520 725 798 782 dignissimus
840 726 956 768 omni
995 725 1171 767 fortuna
1209 727 1373 781 optima
1403 726 1554 769 iudice·
1575 739 1606 764 ιο

216 789 299 840 tur,
332 785 426 840 quis
457 785 630 826 tandem
663 784 744 825 erit
775 787 866 826 tam
893 785 1076 839 demens,
1109 786 1181 839 qui
1208 785 1386 839 dubitet,
1411 788 1553 827 utrum

221 859 265 886 se
298 859 391 886 esse
425 844 578 885 malit‘?
1346 882 1348 885 ,

151 890 203 973 Ῑὲ
307 902 429 951 Quod
465 903 510 943 in
547 902 747 958 singulis,
784 902 897 944 idem
934 904 999 944 est
1036 902 1080 943 in
1111 902 1299 957 populis:
1337 902 1459 944 nulla
1490 904 1556 944 est

148 944 168 974 2
217 981 253 1014 p.
282 964 341 1013 12]
375 964 465 1002 tam
504 961 639 1002 stulta
670 961 839 1014 civitas,
867 961 872 1015 Ι
902 976 1008 1015 quae
1039 975 1125 1002 non
1157 961 1313 1002 iniuste
1344 961 1555 1016 imperare

218 1021 342 1062 malit
383 1035 511 1074 quam
553 1020 711 1061 servire
751 1020 874 1061 iuste.
936 1019 1025 1061 Nee
1065 1034 1165 1061 vero
1204 1020 1375 1075 longius
1415 1020 1554 1061 abibo.
1576 1033 1607 1058 15

220 1078 380 1121 Consul
412 1093 492 1134 ego
525 1079 728 1133 quaesivi,
760 1093 855 1120 eum
883 1093 959 1120 vos
986 1078 1091 1119 mihi
1118 1079 1268 1120 essetis
1295 1079 1339 1119 in
1365 1079 1556 1133 consilio,

220 1139 269 1179 de
300 1137 566 1179 Numantino
598 1137 778 1179 foedere.
829 1137 932 1186 Quis
963 1137 1194 1193 ignorabat
1227 1136 1273 1186 Q.
1305 1136 1556 1191 Pompeium

217 1197 369 1238 fecisse
399 1196 560 1251 foedus,
594 1196 740 1237 eadem
771 1196 816 1237 in
848 1211 975 1237 eausa
1007 1210 1098 1237 esse
1128 1196 1402 1237 Mancinum?
1435 1197 1556 1250 alter,

218 1256 284 1297 vir
322 1255 529 1310 optimus,
568 1256 697 1296 etiam
732 1255 867 1296 suasit
899 1255 1169 1310 rogationem
1201 1269 1267 1296 me
1300 1269 1349 1296 ex
1382 1258 1555 1296 senatus

218 1314 412 1356 consulto
451 1313 631 1367 ferente,
673 1314 783 1355 alter
821 1314 1024 1355 acerrime
1063 1328 1107 1354 se
1146 1313 1344 1354 defendit.
1406 1311 1450 1354 Si
1481 1329 1554 1368 pu·
1575 1326 1608 1350 ‘20

219 1373 296 1415 dor
329 1372 560 1426 quaeritur,
593 1372 629 1413 si
660 1372 867 1426 probitas,
899 1372 936 1413 si
967 1373 1083 1426 fides,
1115 1371 1337 1413 Mancinus
1364 1372 1468 1413 haee
1495 1375 1557 1413 at-

218 1432 332 1485 tulit,
365 1431 401 1472 si
426 1431 549 1485 ratio,
579 1431 817 1485 consilium,
842 1431 1081 1486 prudentia,
1106 1430 1335 1485 Pompeius
1363 1431 1556 1472 antistat.

218 1490 397 1532 Utrum.
418 1522 427 1531 .
448 1522 457 1532 .
478 1523 486 1531 .

590 1583 779 1637 [Aliquot
806 1585 949 1625 desunt
969 1584 1180 1637 paginae]

149 1648 204 1731 ἐξ
311 1666 417 1708 Tum
447 1667 606 1708 omissis
636 1666 912 1707 communibus
942 1666 999 1707 ad
1019 1666 1196 1718 propria
1225 1665 1405 1707 veniebat
1434 1664 1554 1718 (Car-

219 1726 395 1779 neades).
451 1725 597 1766 Bonus
626 1726 701 1776 vir,
731 1725 881 1777 inquit,
912 1725 950 1765 si
980 1724 1123 1765 habeat
1151 1737 1310 1766 servum
1337 1725 1555 1777 fuqitivum
1574 1735 1607 1761 25

219 1785 278 1826 vel
315 1785 480 1825 domum
519 1784 766 1825 insalubrem
806 1797 853 1824 ae
881 1784 1149 1836 pestilentem,
1186 1796 1287 1836 quae
1316 1784 1418 1824 vitia
1447 1784 1556 1824 solus

220 1844 323 1885 sciat
353 1846 390 1883 et
419 1844 505 1884 ideo
531 1843 776 1895 proscribat,
813 1845 860 1883 ut
888 1843 1049 1896 vendat,
1086 1845 1276 1883 utrumne
1297 1842 1556 1896 profitebitur

217 1902 436 1955 fuqz'tivmn
472 1915 632 1942 servum
667 1901 728 1942 vel
756 1901 1005 1954 pestilentem
1043 1901 1207 1942 domum
1236 1914 1277 1942 se
1305 1901 1470 1942 vendere
1500 1914 1556 1942 an

219 1961 361 2002 celabit
396 1959 639 2012 emptorem?
690 1959 738 2001 Si
765 1960 1038 2012 profitebitur,
1076 1959 1202 2001 bonus
1238 1960 1415 2012 quidem,
1459 1960 1556 2012 quia

218 2032 301 2061 non
329 2019 455 2070 fallet,
486 2019 556 2060 secl
586 2022 718 2059 tamen
748 2019 894 2059 stultus
925 2018 1183 2069 iudicabitur,
1214 2019 1312 2070 quia
1342 2019 1401 2059 vel
1424 2031 1556 2071 parvo
1575 2030 1608 2054 30

219 2078 357 2119 vendet
391 2077 452 2118 vel
482 2078 646 2119 omnino
677 2090 760 2118 non
789 2078 947 2126 vendet;
985 2078 1023 2118 si
1054 2077 1253 2127 celaverit,
1290 2077 1367 2118 erit
1396 2078 1555 2129 quidem

221 2137 400 2189 sapiens,
437 2137 535 2189 quia
565 2136 626 2177 rei
655 2136 844 2186 consulet,
882 2136 951 2177 sed
979 2136 1083 2177 idem
1113 2136 1264 2186 malus,
1302 2136 1400 2188 quia
1428 2135 1556 2187 fallet.

220 2195 384 2237 Rursus
422 2196 459 2236 si
497 2195 673 2248 reperiat
709 2195 903 2247 aliquem,
943 2195 1013 2247 qui
1052 2194 1330 2235 aurichalcum
1369 2207 1409 2235 se
1440 2197 1557 2247 putet

220 2255 402 2304 vendere,
442 2267 532 2295 eum
567 2254 622 2295 sit
657 2254 762 2294 illud
796 2267 966 2304 aarum,
1006 2256 1079 2294 aut
1106 2253 1338 2305 plumbum,
1379 2266 1470 2293 eum
1503 2253 1558 2294 sit

221 2316 448 2367 aryentum,
481 2312 687 2363 tacebitne,
718 2315 765 2353 ut
792 2313 838 2354 icl
858 2325 990 2364 parvo
1021 2315 1142 2362 emat,
1175 2325 1231 2352 an
1260 2311 1472 2361 indicabit,
1511 2314 1557 2352 ut
1575 2321 1609 2347 3⁵
