1685 2568
268 91 327 134 82
681 91 746 126 DE
771 91 972 126 NATURA
996 91 1201 127 DEORUM

268 188 603 230 inhaerentium!
651 187 801 244 Ipsum
829 191 972 230 autem
998 203 1116 230 mare
1143 188 1204 230 sic
1223 190 1383 230 terram
1404 192 1612 245 appetens

269 247 471 290 litoribus
513 247 683 302 alludit,
726 250 776 288 ut
815 262 901 289 una
939 262 990 289 ex
1027 247 1192 288 duabus
1228 247 1394 289 naturis
1427 249 1612 290 conflata

200 315 266 347 101
287 306 494 348 videatur.
555 305 668 347 Exin
708 306 818 347 mari
857 306 1079 347 finitumus
1121 309 1193 348 aer
1225 306 1291 347 die
1323 309 1366 347 et
1396 310 1521 349 nocte
1555 307 1612 348 di-

270 365 526 421 stinguitur,
576 365 697 418 isque
741 367 835 405 tum
878 364 998 406 fusus
1043 367 1086 406 et
1131 366 1384 406 extenuatus
1429 366 1612 407 sublime

269 424 424 478 fertur,
469 426 561 464 tum
601 425 745 464 autem
783 426 1005 465 concretus
1042 423 1088 465 in
1123 423 1258 465 nubes
1297 424 1466 480 cogitur
1496 438 1650 466 nmo-5

270 496 445 536 remque
479 482 687 538 colligens
719 484 880 523 terram
907 485 1036 538 auget
1062 483 1285 537 imbribus,
1316 485 1410 524 tum
1437 483 1612 525 effluens

270 542 352 582 huc
384 543 427 582 et
457 541 562 582 illuc
591 543 743 582 ventos
777 540 919 583 efficit.
979 541 1099 583 Idem
1131 555 1294 583 annuas
1326 541 1538 597 frigorum
1571 545 1615 584 et

270 600 463 642 calorum
500 599 604 641 facit
641 600 892 654 varietates,
936 599 1131 655 idemque
1170 603 1212 641 et
1250 600 1422 642 volatus
1461 601 1614 642 alitum

271 658 457 700 sustinet
489 661 532 700 et
563 658 719 713 spiritu
752 658 902 700 ductus
936 659 1014 700 alit
1046 661 1088 700 et
1121 661 1337 701 sustentat
1362 659 1614 701 animantes.

198 719 257 761 40
270 717 426 759 Restat
457 717 636 759 ultimus
670 719 712 759 et
744 732 769 758 a
802 717 1029 759 domiciliis
1060 718 1221 759 nostris
1254 718 1492 760 altissimus
1526 733 1613 760 om·
1632 733 1665 759 ιο

268 777 343 818 nia
387 777 561 832 cingens
607 778 650 818 et
694 779 892 818 coercens
934 776 1041 818 caeli
1079 777 1343 832 complexus,
1389 777 1462 832 qui
1501 777 1615 819 idem

272 835 422 878 aether
461 837 657 890 vocatur,
699 837 890 876 extrema
928 850 1004 877 ora
1042 837 1084 876 et
1123 836 1423 878 determinatio
1456 837 1616 891 mundi,

271 895 317 936 in
366 909 449 949 quo
500 909 596 936 cum
646 893 983 935 admirabilitate
1027 894 1215 936 maxima
1256 895 1407 950 igneae
1450 895 1615 937 formae

202 963 268 995 102
289 968 439 996 cursus
478 953 698 995 ordinatos
732 953 950 994 definiunt.
1011 953 1047 994 Ε
1081 953 1234 1008 quibus
1269 954 1346 1008 sol,
1378 954 1496 995 cuius
1528 969 1615 996 ma-

272 1012 495 1069 gnitudine
521 1012 669 1053 multis
696 1012 893 1067 partibus
919 1015 1037 1053 terra
1062 1015 1301 1067 superatur,
1334 1012 1492 1054 circum
1519 1028 1614 1054 eam
1634 1025 1666 1052 15

270 1072 411 1127 ipsam
442 1071 643 1125 volvitur,
675 1071 798 1125 isque
831 1071 972 1113 oriens
999 1073 1041 1112 et
1068 1071 1261 1113 occidens
1290 1071 1400 1113 diem
1427 1074 1615 1113 noctem-

272 1145 354 1186 que
392 1130 563 1172 conficit
602 1132 644 1171 et
682 1130 808 1171 modo
842 1130 1061 1183 accedens,
1099 1132 1191 1171 tum
1232 1133 1374 1171 autem
1414 1131 1614 1172 recedens

271 1191 396 1232 binas
435 1190 480 1230 in
517 1189 699 1244 singulis
740 1189 861 1234 annis
900 1189 1163 1230 reversiones
1203 1189 1256 1231 ab
1295 1192 1485 1231 extremo
1519 1205 1615 1232 con-

271 1249 428 1291 trarias
459 1247 575 1302 facit,
609 1263 789 1302 quarum
820 1248 865 1288 in
896 1248 1126 1290 intervallo
1158 1250 1251 1289 tum
1285 1248 1406 1302 quasi
1432 1248 1614 1290 tristitia

272 1307 458 1363 quadam
491 1307 709 1349 contrahit
741 1309 918 1361 terram,
955 1309 1048 1348 tum
1080 1307 1270 1348 vicissim
1301 1307 1526 1363 laetificat,
1566 1310 1615 1349 ut
1634 1320 1662 1346 20

204 1377 268 1408 103
290 1382 386 1410 cum
419 1367 536 1408 caelo
569 1366 758 1407 hilarata
790 1366 995 1407 videatur.
1056 1365 1177 1407 Luna
1209 1368 1365 1420 autem,
1398 1381 1505 1420 quae
1538 1369 1615 1422 est,

272 1429 321 1468 ut
359 1425 592 1468 ostendunt
624 1425 937 1478 mathematici,
976 1425 1113 1466 maior
1146 1440 1274 1479 quam
1306 1425 1483 1466 dimidia
1513 1440 1614 1480 pars

272 1488 430 1538 terrae,
473 1484 609 1526 isdem
651 1484 803 1539 spatiis
844 1486 1046 1539 vagatur,
1090 1484 1244 1538 quibus
1283 1485 1366 1538 sol,
1408 1484 1482 1526 sed
1521 1486 1615 1526 tum

272 1543 553 1599 congrediens
586 1557 681 1584 cum
713 1543 820 1597 sole,
858 1545 951 1583 tum
984 1543 1225 1598 digrediens
1263 1545 1306 1584 et
1339 1557 1432 1584 eam
1465 1544 1614 1597 lucem,

273 1618 402 1658 quam
441 1617 466 1643 a
503 1601 593 1643 sole
631 1601 811 1657 accepit,
850 1601 987 1642 mittit
1024 1602 1068 1642 in
1100 1604 1238 1643 terras
1271 1604 1314 1643 et
1345 1602 1487 1644 varias
1519 1602 1615 1658 ipsa
1633 1614 1657 1640 2!

271 1662 379 1704 lucis
411 1661 672 1702 mutationes
704 1660 848 1715 habet,
881 1663 1008 1725 atque
1042 1660 1172 1702 etiam
1204 1663 1296 1702 tum
1329 1661 1522 1702 subiecta
1553 1664 1614 1702 at·

273 1736 354 1787 que
387 1720 588 1775 opposita
620 1719 702 1761 soli
733 1719 876 1761 iadios
909 1720 998 1760 eius
1025 1721 1067 1761 et
1099 1720 1244 1761 lumen
1276 1720 1489 1774 obscurat,
1520 1722 1615 1762 tum

271 1780 368 1835 ipsa
398 1779 588 1821 incidens
614 1779 659 1820 in
684 1779 882 1820 umbram
908 1781 1060 1832 teri-,ae
1087 1793 1181 1820 cum
1209 1781 1275 1820 est
1301 1793 1322 1820 e
1348 1779 1523 1834 regione
1550 1794 1614 1820 so-

271 1839 345 1892 lis,
394 1837 654 1893 inteipositu
702 1837 1014 1892 interiectuque
1057 1840 1197 1879 terrae
1241 1840 1416 1892 repente
1461 1837 1613 1879 deficit.

271 1873 498 1951 Isdemque
531 1897 682 1952 spatiis
716 1911 789 1938 eae
819 1897 982 1951 stellae,
1017 1911 1121 1951 quas
1152 1910 1286 1952 vagas
1314 1896 1505 1951 dicimus,
1537 1897 1652 1939 cir-3⁴

271 1972 367 1999 cum
395 1959 556 1997 terram
581 1955 779 1997 feruntur
805 1956 1036 2010 eodemque
1064 1955 1189 1996 modo
1217 1955 1413 1996 oriuntur
1440 1958 1483 1996 et
1509 1956 1614 1997 occi-

273 2015 390 2071 dunt,
424 2030 603 2070 quarum
635 2017 777 2056 motus
809 2017 902 2056 tum
933 2014 1178 2069 incitantur,
1210 2017 1303 2055 tum
1328 2014 1612 2068 retardantur,

203 2082 270 2114 104
290 2089 417 2129 saepe
456 2074 587 2115 etiam
624 2073 843 2115 insistunt.
905 2072 996 2122 Quo
1038 2073 1281 2128 spectaculo
1318 2073 1428 2114 nihil
1468 2076 1613 2128 potest

272 2132 569 2176 admirabilius
603 2146 706 2186 esse,
737 2132 846 2173 nihil
878 2132 1110 2187 pulchrius.
1161 2131 1361 2186 Sequitur
1388 2132 1612 2173 stellarum

270 2191 555 2234 inerrantium
593 2191 780 2232 maxima
811 2191 1061 2245 multitudo,
1100 2206 1281 2245 quarum
1311 2191 1374 2232 ita
1406 2191 1612 2246 discripta
1630 2201 1647 2228 3

271 2251 491 2293 distinctio
531 2252 613 2304 est,
658 2252 705 2291 ut
744 2264 794 2291 ex
830 2252 1032 2291 notarum
1064 2250 1301 2305 figurarum
1332 2249 1611 2291 similitudine
1671 2249 1685 2293 Ε

196 2311 254 2352 41
271 2310 446 2352 nomina
476 2309 729 2350 invenerint.
780 2308 923 2363 Atque
949 2308 1030 2350 hoc
1059 2309 1152 2351 loco
1179 2323 1246 2350 me
1271 2309 1458 2350 intuens:
1490 2307 1612 2363 Utar,
1672 2325 1685 2353 as
