1685 2568
396 89 485 124 ΜΒ.
511 89 556 125 11.
591 88 691 125 CAP.
721 93 868 124 19—21.
901 92 921 131 ς
946 93 1097 124 49-55.
1359 90 1416 133 65

78 187 217 229 multa
253 186 511 237 mirabiliter
543 185 728 227 efficiens
760 186 854 226 tum
886 184 1189 239 antecedendo,
1229 188 1323 227 tum
1354 201 1416 228 re—

77 245 299 299 tardando,
325 248 419 287 tum
443 243 700 300 vespertinis
719 243 986 298 temporibus
1007 242 1297 298 delitiscendo,
1321 246 1415 286 tum

78 304 304 346 matutinis
337 317 508 345 rursum
539 317 584 344 se
616 301 863 357 aperiendo,
902 301 1012 342 nihil
1043 301 1230 343 inmutat
1262 303 1415 350 sempi-

77 363 213 405 ternis
252 362 490 404 saeclorum
528 361 763 414 aetatibus,
809 359 912 415 quin
949 360 1097 402 eadem
1137 360 1274 402 isdem
1310 363 1416 402 tem·

4 452 5 460 ,
41 421 256 476 §poribus
297 421 467 463 efficiat.
527 418 647 461 Infra
687 421 831 461 autem
870 419 981 461 hanc
1021 419 1198 474 propius
1237 434 1262 461 a
1298 422 1418 461 terra

77 480 193 522 Iovis
227 480 355 521 stella
385 479 538 533 fertur,
577 493 685 533 quae
721 477 913 520 Φαέθων
945 477 1116 531 dicitur,
1154 492 1287 533 eaque
1319 493 1416 520 eun-

78 539 174 580 dem
212 551 278 580 XII
317 538 538 594 signorum
577 537 724 578 orbem
762 536 885 578 annis
923 548 989 578 XII
1026 536 1197 578 conficit
1229 537 1416 578 easdem-

78 612 177 652 que,
223 611 328 652 quas
361 595 536 638 Saturni
579 596 725 650 stella,
770 595 901 637 efficit
937 595 983 636 in
1013 609 1139 637 cursu
1169 595 1415 637 varietates.

76 655 189 698 Huic
209 658 352 697 autem
371 655 614 710 proximum
633 654 879 697 inferiorem
899 654 1047 696 orbem
1066 656 1184 696 tenet
1204 652 1414 709 Πυρόεις,
1440 665 1486 697 53

78 729 186 769 quae
224 715 352 756 stella
382 713 536 755 Martis
568 713 830 768 appellatur,
869 727 1001 768 eaque
1031 725 1100 754 1111
1132 715 1176 754 et
1205 725 1270 754 XX
1302 728 1416 755 men·

78 774 195 815 sibus
228 785 288 827 vl,
319 775 368 814 ut
399 772 563 827 opinor,
595 773 742 814 diebus
775 773 915 813 minus
948 772 1127 813 eundem
1158 771 1320 813 lustrat
1352 786 1416 814 or-

76 833 187 886 bem,
220 846 345 886 quem
378 831 485 873 duae
517 831 770 886 superiores.
818 830 938 872 Infra
968 830 1079 873 hanc
1111 833 1255 872 autem
1287 831 1417 873 stella

77 890 279 933 Mercurii
311 893 394 944 est3
427 905 476 932 ea
508 892 713 943 Στίλβων
746 890 992 945 appellatur
1023 904 1049 931 a
1081 888 1275 944 Graecis,
1307 904 1415 944 quae

78 964 189 991 anno
220 949 309 991 fere
340 951 534 991 vertente
567 949 820 1005 signiferum
852 949 1011 990 lustrat
1043 948 1191 990 orbem
1221 963 1359 1003 neque
1391 964 1417 990 a

13 1031 15 1036 ν
45 1023 55 1028 ’
79 1009 169 1050 sole
207 1008 379 1064 longius
417 1023 623 1063 umquam
659 1008 785 1050 unius
824 1007 938 1063 signi
974 1007 1205 1050 intervallo
1239 1007 1418 1050 discedit

78 1070 170 1109 tum
210 1069 500 1121 antevertens,
537 1069 631 1108 tum
670 1067 944 1121 subsequens.
1004 1065 1159 1107 Infima
1195 1068 1261 1108 est
1299 1066 1418 1121 quin-

80 1141 160 1180 que
193 1126 430 1167 errantium
461 1128 685 1180 terraeque
711 1125 908 1180 proxima
936 1125 1064 1166 stella
1083 1124 1276 1179 Veneris,
1309 1140 1417 1180 quae

81 1182 328 1239 Φωσφόρος
360 1183 537 1238 Graece,
576 1183 747 1225 Lucifer
776 1182 929 1225 Latine
962 1182 1136 1236 dicitur,
1174 1198 1270 1225 cum
1302 1187 1418 1226 ante-

79 1243 271 1299 greditur
303 1243 455 1297 solem,
487 1257 582 1284 cum
614 1242 890 1297 subsequitur
922 1244 1083 1295 autem,
1104 1239 1335 1297 “Έσπερος;
1368 1257 1418 1285 ea

80 1316 251 1345 cursum
283 1316 394 1344 anno
427 1301 598 1343 conficit
629 1303 672 1343 et
703 1300 978 1342 latitudinem
1004 1301 1194 1343 lustrans
1221 1301 1418 1357 signiferi

78 1361 195 1403 orbis
237 1363 279 1402 et
309 1360 642 1416 longitudinem,
682 1359 795 1415 quod
825 1359 938 1401 idem
969 1359 1134 1401 faciunt
1165 1360 1318 1402 stellae
1351 1375 1417 1402 su-

18 1440 19 1445 *
76 1420 284 1475 periores,
326 1434 462 1474 neque
505 1434 710 1474 umquam
754 1419 808 1461 ab
847 1419 936 1460 sole
975 1418 1155 1460 duorum
1193 1419 1417 1475 signorum

76 1479 308 1521 intervallo
346 1478 517 1534 longius
557 1478 736 1520 discedit
772 1480 865 1519 tum
898 1477 1163 1532 antecedens,
1194 1480 1288 1520 tum
1320 1479 1416 1520 sub-

79 1552 271 1592 sequens.
343 1536 468 1579 Hanc
508 1537 644 1593 igitur
685 1536 731 1578 in
772 1536 911 1578 stellis
955 1536 1261 1590 constantiam,
1305 1537 1416 1579 hanc
1431 1519 1488 1601 25}

78 1599 247 1638 tantam
284 1598 375 1637 tam
411 1596 544 1638 variis
582 1596 776 1638 cursibus
808 1595 854 1637 in
885 1595 1002 1637 omni
1033 1595 1289 1637 aeternitate
1321 1611 1417 1638 con-
1459 1619 1477 1625 ι*

78 1655 338 1697 venientiam
387 1657 632 1710 temporum
680 1669 768 1696 non
809 1668 986 1709 possum
1028 1654 1281 1710 intellegere
1326 1655 1416 1697 sine

78 1717 238 1768 mente,
275 1714 461 1769 ratione,
500 1713 692 1756 consilio.
755 1712 871 1762 Quae
909 1728 1006 1756 cum
1035 1713 1082 1754 in
1113 1713 1324 1755 sideribus
1355 1714 1416 1755 in-

78 1787 172 1815 esse
202 1773 436 1827 videamus,
466 1787 554 1815 non
584 1787 812 1828 possumus
845 1787 895 1814 ea
925 1772 1021 1827 ipsa
1050 1786 1138 1814 non
1168 1772 1214 1814 in
1240 1772 1416 1814 deorum

80 1846 256 1874 numero
293 1846 510 1887 reponere.
571 1830 662 1873 Nec
697 1846 798 1873 vero
837 1846 910 1873 eae
948 1831 1118 1886 stellae,
1164 1845 1272 1886 quae
1307 1831 1417 1873 iner-

78 1893 224 1933 rantes
248 1893 468 1945 vocantur,
493 1905 581 1932 non
606 1890 852 1946 significant
878 1890 1056 1932 eandem
1077 1892 1266 1932 mentem
1286 1898 1416 1945 atque

78 1949 369 2004 prudentiam,
418 1964 600 2004 quarum
650 1952 716 1991 est
765 1949 980 1991 cotidiana
1023 1949 1277 1991 conveniens
1322 1964 1417 1992 con-

80 2010 284 2062 stansque
310 2008 543 2063 conversio,
573 2023 650 2050 nec
675 2008 838 2050 habent
863 2008 1077 2050 aetherios
1104 2023 1252 2050 cursus
1278 2022 1416 2063 neque

80 2066 198 2109 caelo
230 2066 512 2122 inhaerentes,
542 2069 592 2109 ut
616 2067 810 2122 plerique
837 2067 982 2109 dicunt
1007 2067 1210 2122 physicae
1234 2067 1416 2109 rationis

80 2125 234 2181 ignari.
294 2124 395 2167 Non
434 2129 499 2168 est
531 2126 644 2168 enim
676 2126 863 2168 aetheris
896 2141 945 2168 ea
974 2129 1148 2181 natura,
1185 2129 1235 2168 ut
1265 2126 1308 2168 vi
1341 2141 1418 2168 sua

81 2185 231 2226 stellas
263 2184 470 2238 conplexa
494 2187 792 2240 contorqueat3
823 2200 925 2227 nam
950 2185 1091 2227 tenuis
1119 2200 1167 2228 ac
1192 2185 1417 2240 perlucens

81 2245 125 2284 et
167 2242 384 2297 aequabili
428 2243 569 2285 calore
613 2244 797 2285 suffusus
835 2244 983 2286 aether
1019 2259 1107 2286 non
1145 2244 1251 2286 satis
1290 2246 1416 2298 aptus

81 2301 135 2343 ad
171 2301 322 2343 stellas
360 2301 636 2344 continendas
673 2302 853 2344 videtur.
914 2302 1090 2345 Habent
1127 2303 1263 2359 igitur
1295 2316 1417 2344 suam
1443 2309 1486 2340 55

153 2376 225 2404 c1c.
244 2376 299 2402 Π.
319 2378 343 2404 2.
1115 2374 1135 2406 5
