1685 2568
151 253 194 284 48

150 1136 194 1166 49

148 1364 204 1405 520

147 1607 191 1637 50

143 2253 187 2284 51

221 88 308 129 424
743 88 807 124 DE
833 89 1034 125 LEGIBUS

221 185 458 239 prodantur
495 188 554 241 et,
594 188 643 227 ut
678 186 723 227 in
759 187 852 242 lege
883 187 1025 241 posui,
1064 189 1272 242 perpetua
1303 187 1390 229 sint
1420 202 1551 230 sacra.

220 243 381 296 †Haec
411 245 551 300 posite
581 245 687 287 haec
717 246 811 286 iura
841 245 1092 300 pontificum
1124 245 1379 288 auctoritate
1411 261 1552 288 conse-

222 305 320 345 cuta
351 306 463 357 sunt,
495 307 553 358 ut,
583 318 636 344 ne
668 307 806 345 morte
837 303 973 358 patris
1005 303 1193 345 familias
1225 318 1444 346 sacrorum
1469 320 1552 347 me-

221 362 358 404 moria
378 362 599 417 occideret,
623 362 676 404 iis
697 364 839 403 essent
858 376 907 403 ea
927 361 1137 416 adiuncta,
1165 362 1217 404 ad
1238 377 1344 418 quos
1365 364 1552 405 eiusdem

221 424 358 462 morte
389 421 569 476 pecunia
599 421 775 462 venerit.
830 420 924 462 Hoc
953 435 1038 463 uno
1068 421 1224 476 posito,
1257 421 1369 476 quod
1400 425 1466 464 est
1497 423 1550 464 ad

221 479 510 534 cognitionem
537 479 785 534 disciplinae
813 479 932 534 satis,
955 479 1285 522 innumerabilia
1308 484 1551 530 nascuntur,

221 539 375 592 quibus
406 539 642 593 implentur
672 538 777 579 iuris
809 538 1102 580 consultorum
1134 539 1252 594 libri;
1291 543 1550 594 quaeruntur

221 598 346 652 enim,
377 597 451 652 qui
482 597 779 652 astringantur
810 597 953 639 sacris.
1005 596 1222 639 Heredum
1253 613 1381 640 causa
1410 599 1550 640 iustis-

220 656 330 697 sima
361 658 444 709 est,
475 656 596 697 nulla
622 659 688 697 est
713 656 826 697 enim
852 671 1046 710 persona,
1079 671 1186 710 quae
1212 657 1264 698 ad
1289 657 1425 699 vicem
1451 658 1550 710 eius,

1584 434 1600 460 5

219 715 292 770 qui
333 715 483 756 evita
520 715 760 770 emigrarit,
803 715 978 769 propius
1016 715 1200 757 accedat.
1261 715 1441 770 Deinde,
1477 716 1550 770 qui
1565 730 1602 755 10

219 776 358 815 morte
395 776 710 816 testamentove
743 773 832 815 eius
864 774 1116 815 tantundem
1148 774 1306 829 capiat,
1344 777 1550 829 quantum

219 847 366 874 omnes
404 832 592 874 heredes.
654 832 704 874 Id
742 847 908 887 quoque
949 833 1113 887 ordine3
1157 835 1223 874 est
1261 833 1390 875 enim‘
1413 835 1465 875 ad
1495 833 1551 888 id,

220 891 333 945 quod
376 892 649 946 propositum
687 894 770 946 est,
814 891 1197 933 adcommodatum.
1258 892 1403 934 Tertio
1444 893 1550 946 loco,

219 949 256 991 si
285 964 411 991 nemo
444 950 501 991 sit
531 950 667 1005 heres,
698 950 748 1005 is,
780 950 853 1005 qui
884 950 934 991 de
966 950 1101 1005 bonis,
1134 965 1241 1005 quae
1267 951 1356 992 eius
1381 951 1550 1005 fuerint,

218 1023 349 1062 quom
404 1009 606 1063 moritur,
660 1024 740 1050 usu
795 1009 955 1064 ceperit
1002 1009 1235 1064 plurimum
1283 1010 1550 1065 possidendo.

219 1066 399 1121 Quarto,
436 1068 526 1122 qui,
565 1068 602 1109 si
631 1083 757 1110 nemo
790 1068 863 1122 sit,
901 1068 973 1122 qui
1003 1068 1139 1110 ullam
1170 1083 1260 1110 rem
1292 1069 1468 1124 ceperit,
1500 1069 1550 1110 de

221 1126 503 1168 creditoribus
537 1127 626 1168 eius
658 1127 891 1182 plurimum
923 1129 1074 1168 servet.
1122 1126 1328 1169 Extrema
1358 1128 1436 1169 illa
1458 1142 1551 1182 per-

218 1199 324 1226 sona
354 1188 437 1240 est,
468 1188 516 1227 ut
547 1186 603 1240 is,
634 1186 670 1227 si
702 1186 774 1240 qui
806 1186 861 1240 ei,
900 1186 971 1240 qui
1002 1189 1197 1228 mortuus
1229 1187 1297 1241 sit,
1328 1187 1550 1241 pecuniam

218 1244 412 1285 debuerit
453 1244 697 1299 neminique
740 1259 834 1286 eam
872 1244 1066 1299 solverit,
1114 1245 1292 1300 proinde
1329 1245 1549 1299 habeatur,

218 1303 341 1358 quasi
373 1318 467 1344 eam
499 1304 722 1358 pecuniam
754 1304 924 1358 ceperit.

306 1360 424 1403 Haec
460 1376 539 1404 nos
578 1377 603 1403 a
634 1360 840 1404 Scaevola
872 1362 1093 1403 didicimus
1124 1377 1212 1404 non
1241 1362 1304 1404 ita
1335 1363 1550 1418 descripta

218 1421 273 1463 ab
314 1421 515 1475 antiquis.
575 1420 688 1462 Nam
725 1421 791 1462 illi
830 1421 999 1475 quidem
1039 1421 1105 1462 his
1143 1421 1285 1463 verbis
1324 1422 1549 1463 docebant:

217 1480 357 1521 tribus
396 1480 533 1521 modis
572 1480 704 1522 sacris
744 1480 972 1535 adstringi,
1010 1482 1084 1521 aut
1115 1480 1369 1534 hereditate,
1406 1483 1481 1522 aut
1512 1481 1549 1522 si

217 1539 423 1580 maiorem
455 1541 622 1594 partem
654 1539 857 1594 pecuniae
888 1538 1047 1593 capiat,
1084 1541 1175 1593 aut,
1212 1539 1249 1580 si
1281 1540 1419 1581 maior
1448 1554 1549 1595 pars

217 1598 420 1652 pecuniae
461 1598 607 1653 legata
648 1600 730 1652 est,
770 1598 807 1639 si
843 1598 940 1639 inde
977 1597 1197 1652 quippiam
1235 1599 1405 1653 ceperit.
1467 1597 1549 1640 Sed

215 1656 462 1712 pontificem
507 1671 745 1711 sequamur.
807 1656 973 1698 Videtis
1016 1656 1150 1711 igitur
1187 1657 1331 1698 omnia
1366 1657 1548 1712 pendere

216 1730 267 1756 ex
303 1730 388 1756 uno
425 1715 521 1769 illo,
558 1716 671 1770 quod
707 1715 928 1770 pontifices
967 1730 1062 1757 cum
1092 1716 1272 1770 pecunia
1303 1730 1424 1757 sacra
1454 1730 1549 1758 con-

215 1774 335 1829 iungi
362 1775 516 1815 volunt
540 1774 758 1828 isdemque
782 1774 912 1816 ferias
938 1776 981 1815 et
1006 1774 1285 1816 caerimonias
1311 1774 1549 1817 adscriben-

1570 1024 1603 1050 15

1568 1612 1601 1637 25

216 1833 291 1874 das
323 1836 488 1888 putant.
552 1833 694 1887 Atque
727 1833 856 1874 etiam
889 1834 992 1874 dant
1023 1833 1104 1875 hoc
1135 1832 1381 1888 Scaevolae,
1419 1848 1548 1888 quom
1584 1842 1595 1850 “

216 1895 282 1933 est
312 1892 504 1946 partitio,
535 1894 595 1946 ut,
627 1892 664 1933 si
693 1892 738 1933 in
768 1894 1029 1934 testamento
1062 1892 1242 1934 deducta
1272 1893 1433 1948 scripta
1462 1907 1549 1935 non

217 1951 274 1992 sit
311 1951 477 2005 ipsique
515 1951 656 1992 minus
688 1951 895 2006 ceperint,
933 1966 1061 2005 quam
1094 1952 1291 1993 omnibus
1322 1951 1548 1993 heredibus

215 2009 502 2064 relinquatur,
547 2009 678 2051 sacris
715 2024 768 2050 ne
809 2010 1054 2066 alligentur.
1114 2009 1166 2052 In
1203 2010 1430 2052 donatione
1468 2011 1548 2052 hoc

215 2068 343 2110 iidem
375 2083 495 2110 secus
526 2068 876 2123 interpretantur,
908 2072 963 2123 et,
994 2069 1107 2124 quod
1137 2072 1261 2124 pater
1290 2069 1478 2111 familias
1503 2070 1549 2110 in

216 2127 306 2168 eius
333 2127 573 2181 donatione,
606 2127 678 2181 qui
702 2127 747 2168 in
771 2127 906 2182 ipsius
931 2130 1148 2183 potestate
1175 2131 1252 2182 est,
1283 2128 1548 2184 adprobavit,

215 2188 359 2227 ratum
391 2188 474 2240 est,
506 2186 619 2240 quod
650 2200 699 2228 eo
730 2186 936 2228 insciente
966 2187 1129 2228 factum
1161 2189 1238 2241 est,
1270 2187 1307 2228 si
1333 2187 1377 2228 id
1401 2187 1438 2228 is
1462 2201 1549 2229 non

216 2245 446 2299 adprobat,
485 2247 627 2286 ratum
664 2259 752 2286 non
789 2248 865 2287 est.
926 2244 1007 2287 His
1038 2246 1274 2301 propositis
1307 2246 1548 2300 quaestiun-

214 2304 335 2347 culae
367 2304 529 2346 multae
553 2306 800 2359 nascuntur,
832 2319 950 2359 quas,
984 2304 1056 2359 qui
1081 2304 1310 2360 intellegat
1339 2304 1480 2359 †non,
1511 2304 1547 2345 si

1567 1904 1602 1931 30

1567 2198 1601 2224 35

1665 717 1680 742 Ιῦ

1670 1012 1684 1036 15
