<?xml version="1.0" encoding="UTF-8"?>
<!DOCTYPE html PUBLIC "-//W3C//DTD XHTML 1.0 Transitional//EN"
    "http://www.w3.org/TR/xhtml1/DTD/xhtml1-transitional.dtd">
<html xmlns="http://www.w3.org/1999/xhtml" xml:lang="en" lang="en">
 <head>
  <title>
</title>
<meta http-equiv="Content-Type" content="text/html;charset=utf-8" />
  <meta name='ocr-system' content='tesseract 3.04.00' />
  <meta name='ocr-capabilities' content='ocr_page ocr_carea ocr_par ocr_line ocrx_word'/>
</head>
<body>
  <div class='ocr_page' id='page_1' title='image "./p2scriptaquaemanse04ciceuoft_0100.png"; bbox 0 0 1685 2568; ppageno 0'>
   <div class='ocr_carea' id='block_1_1' title="bbox 222 339 244 370">
    <p class='ocr_par' dir='ltr' id='par_1_1' title="bbox 222 339 244 370">
     <span class='ocr_line' id='line_1_1' title="bbox 222 339 244 370; baseline 0 0"><span class='ocrx_word' id='word_1_1' title='bbox 222 339 244 370; x_wconf 88' lang='lat'>4</span> 
     </span>
    </p>
   </div>
   <div class='ocr_carea' id='block_1_2' title="bbox 270 99 1195 141">
    <p class='ocr_par' dir='ltr' id='par_1_2' title="bbox 270 99 1195 141">
     <span class='ocr_line' id='line_1_2' title="bbox 270 99 1195 141; baseline 0.002 -8"><span class='ocrx_word' id='word_1_2' title='bbox 270 100 326 141; x_wconf 83' lang='grc'><strong>48</strong></span> <span class='ocrx_word' id='word_1_3' title='bbox 674 100 739 134; x_wconf 90' lang='lat' dir='ltr'><strong>DE</strong></span> <span class='ocrx_word' id='word_1_4' title='bbox 764 99 966 134; x_wconf 83' lang='lat' dir='ltr'><strong>NATURA</strong></span> <span class='ocrx_word' id='word_1_5' title='bbox 990 99 1195 135; x_wconf 89' lang='lat' dir='ltr'>DEORUM</span> 
     </span>
    </p>
   </div>
   <div class='ocr_carea' id='block_1_3' title="bbox 271 195 1605 252">
    <p class='ocr_par' dir='ltr' id='par_1_3' title="bbox 271 195 1605 252">
     <span class='ocr_line' id='line_1_3' title="bbox 271 195 1605 252; baseline 0.002 -14"><span class='ocrx_word' id='word_1_6' title='bbox 271 198 314 238; x_wconf 91' lang='lat' dir='ltr'><strong>et</strong></span> <span class='ocrx_word' id='word_1_7' title='bbox 358 196 485 238; x_wconf 90' lang='lat' dir='ltr'><strong>otiosi</strong></span> <span class='ocrx_word' id='word_1_8' title='bbox 530 211 674 238; x_wconf 87' lang='lat' dir='ltr'><strong>sumus</strong></span> <span class='ocrx_word' id='word_1_9' title='bbox 717 198 759 237; x_wconf 90' lang='lat' dir='ltr'><strong>et</strong></span> <span class='ocrx_word' id='word_1_10' title='bbox 794 195 846 237; x_wconf 91' lang='lat' dir='ltr'><strong>iis</strong></span> <span class='ocrx_word' id='word_1_11' title='bbox 886 196 935 237; x_wconf 90' lang='lat' dir='ltr'><strong>de</strong></span> <span class='ocrx_word' id='word_1_12' title='bbox 972 196 1099 237; x_wconf 88' lang='lat' dir='ltr'><strong>rebus</strong></span> <span class='ocrx_word' id='word_1_13' title='bbox 1138 196 1324 252; x_wconf 83' lang='lat' dir='ltr'><strong>agimus,</strong></span> <span class='ocrx_word' id='word_1_14' title='bbox 1366 213 1472 252; x_wconf 88' lang='lat' dir='ltr'><strong>quae</strong></span> <span class='ocrx_word' id='word_1_15' title='bbox 1505 202 1605 241; x_wconf 88' lang='lat' dir='ltr'><strong>sunt</strong></span> 
     </span>
    </p>
   </div>
   <div class='ocr_carea' id='block_1_4' title="bbox 218 254 983 311">
    <p class='ocr_par' dir='ltr' id='par_1_4' title="bbox 218 254 983 311">
     <span class='ocr_line' id='line_1_4' title="bbox 218 254 983 311; baseline -0.001 -15"><span class='ocrx_word' id='word_1_16' title='bbox 218 288 229 304; x_wconf 46' lang='grc' dir='ltr'>ς</span> <span class='ocrx_word' id='word_1_17' title='bbox 271 255 402 296; x_wconf 88' lang='lat' dir='ltr'><strong>ctiam</strong></span> <span class='ocrx_word' id='word_1_18' title='bbox 432 255 618 311; x_wconf 87' lang='lat' dir='ltr'><strong>negotiis</strong></span> <span class='ocrx_word' id='word_1_19' title='bbox 652 254 983 309; x_wconf 88' lang='lat' dir='ltr'><strong>anteponendae.</strong></span> 
     </span>
    </p>
   </div>
   <div class='ocr_carea' id='block_1_5' title="bbox 267 311 1657 707">
    <p class='ocr_par' dir='ltr' id='par_1_5' title="bbox 267 311 1657 707">
     <span class='ocr_line' id='line_1_5' title="bbox 358 311 1604 371; baseline 0.002 -16"><span class='ocrx_word' id='word_1_20' title='bbox 358 313 466 355; x_wconf 89' lang='lat' dir='ltr'><strong>Tum</strong></span> <span class='ocrx_word' id='word_1_21' title='bbox 503 313 707 355; x_wconf 84' lang='lat' dir='ltr'>Lucilius:</span> <span class='ocrx_word' id='word_1_22' title='bbox 750 311 816 354; x_wconf 90' lang='lat' dir='ltr'><strong>Ne</strong></span> <span class='ocrx_word' id='word_1_23' title='bbox 857 327 980 368; x_wconf 86' lang='lat' dir='ltr'><strong>egere</strong></span> <span class='ocrx_word' id='word_1_24' title='bbox 1019 313 1189 368; x_wconf 91' lang='lat' dir='ltr'><strong>quidem</strong></span> <span class='ocrx_word' id='word_1_25' title='bbox 1226 313 1412 369; x_wconf 84' lang='lat' dir='ltr'><strong>videtur,</strong></span> <span class='ocrx_word' id='word_1_26' title='bbox 1451 315 1604 371; x_wconf 89' lang='lat' dir='ltr'><strong>inquit,</strong></span> 
     </span>
     <span class='ocr_line' id='line_1_6' title="bbox 269 370 1604 429; baseline 0.002 -15"><span class='ocrx_word' id='word_1_27' title='bbox 269 373 463 414; x_wconf 89' lang='lat' dir='ltr'><strong>oratione</strong></span> <span class='ocrx_word' id='word_1_28' title='bbox 487 372 627 427; x_wconf 89' lang='lat' dir='ltr'><strong>prima</strong></span> <span class='ocrx_word' id='word_1_29' title='bbox 651 386 764 426; x_wconf 90' lang='lat' dir='ltr'><strong>pars.</strong></span> <span class='ocrx_word' id='word_1_30' title='bbox 814 370 922 419; x_wconf 79' lang='lat' dir='ltr'><strong>Quid</strong></span> <span class='ocrx_word' id='word_1_31' title='bbox 949 371 1060 412; x_wconf 83' lang='lat' dir='ltr'><strong>enim</strong></span> <span class='ocrx_word' id='word_1_32' title='bbox 1086 375 1231 426; x_wconf 89' lang='lat' dir='ltr'><strong>potest</strong></span> <span class='ocrx_word' id='word_1_33' title='bbox 1257 387 1349 414; x_wconf 90' lang='lat' dir='ltr'><strong>esse</strong></span> <span class='ocrx_word' id='word_1_34' title='bbox 1376 376 1466 415; x_wconf 89' lang='lat' dir='ltr'><strong>tam</strong></span> <span class='ocrx_word' id='word_1_35' title='bbox 1487 389 1604 429; x_wconf 88' lang='lat' dir='ltr'><strong>aper-</strong></span> 
     </span>
     <span class='ocr_line' id='line_1_7' title="bbox 267 430 1657 486; baseline 0.002 -14"><span class='ocrx_word' id='word_1_36' title='bbox 267 435 361 472; x_wconf 90' lang='lat' dir='ltr'><strong>tum</strong></span> <span class='ocrx_word' id='word_1_37' title='bbox 392 434 565 484; x_wconf 89' lang='lat' dir='ltr'><strong>tamque</strong></span> <span class='ocrx_word' id='word_1_38' title='bbox 596 430 879 485; x_wconf 88' lang='lat' dir='ltr'><strong>perspicuum,</strong></span> <span class='ocrx_word' id='word_1_39' title='bbox 911 444 1006 471; x_wconf 90' lang='lat' dir='ltr'><strong>cum</strong></span> <span class='ocrx_word' id='word_1_40' title='bbox 1032 431 1197 472; x_wconf 87' lang='lat' dir='ltr'><strong>caelum</strong></span> <span class='ocrx_word' id='word_1_41' title='bbox 1223 432 1489 486; x_wconf 82' lang='lat' dir='ltr'><strong>suspeximus</strong></span> <span class='ocrx_word' id='word_1_42' title='bbox 1516 448 1604 475; x_wconf 83' lang='lat' dir='ltr'><strong>cae·</strong></span> <span class='ocrx_word' id='word_1_43' title='bbox 1641 444 1657 470; x_wconf 86' lang='lat'>5</span> 
     </span>
     <span class='ocr_line' id='line_1_8' title="bbox 268 488 1604 545; baseline 0.002 -14"><span class='ocrx_word' id='word_1_44' title='bbox 268 490 478 544; x_wconf 82' lang='lat' dir='ltr'><strong>lestiaque</strong></span> <span class='ocrx_word' id='word_1_45' title='bbox 516 488 797 543; x_wconf 89' lang='lat' dir='ltr'><strong>contemplati</strong></span> <span class='ocrx_word' id='word_1_46' title='bbox 835 502 996 542; x_wconf 90' lang='lat' dir='ltr'><strong>sumus,</strong></span> <span class='ocrx_word' id='word_1_47' title='bbox 1036 503 1164 544; x_wconf 90' lang='lat' dir='ltr'><strong>quam</strong></span> <span class='ocrx_word' id='word_1_48' title='bbox 1203 503 1294 531; x_wconf 90' lang='lat' dir='ltr'><strong>esse</strong></span> <span class='ocrx_word' id='word_1_49' title='bbox 1327 491 1501 545; x_wconf 85' lang='lat' dir='ltr'><strong>aliquod</strong></span> <span class='ocrx_word' id='word_1_50' title='bbox 1530 506 1604 533; x_wconf 89' lang='lat' dir='ltr'><strong>nu-</strong></span> 
     </span>
     <span class='ocr_line' id='line_1_9' title="bbox 268 522 1604 616; baseline 0.001 -27"><span class='ocrx_word' id='word_1_51' title='bbox 268 563 366 589; x_wconf 90' lang='lat' dir='ltr'><strong>men</strong></span> <span class='ocrx_word' id='word_1_52' title='bbox 414 547 812 602; x_wconf 72' lang='lat' dir='ltr'><strong>praestantissimae</strong></span> <span class='ocrx_word' id='word_1_53' title='bbox 861 522 1034 602; x_wconf 85' lang='lat' dir='ltr'><strong>mentis,</strong></span> <span class='ocrx_word' id='word_1_54' title='bbox 1086 562 1167 602; x_wconf 90' lang='lat' dir='ltr'><strong>quo</strong></span> <span class='ocrx_word' id='word_1_55' title='bbox 1218 548 1323 590; x_wconf 89' lang='lat' dir='ltr'><strong>haec</strong></span> <span class='ocrx_word' id='word_1_56' title='bbox 1365 551 1604 616; x_wconf 79' lang='lat' dir='ltr'><strong>regantur?</strong></span> 
     </span>
     <span class='ocr_line' id='line_1_10' title="bbox 268 604 1605 660; baseline 0.002 -13"><span class='ocrx_word' id='word_1_57' title='bbox 268 606 389 655; x_wconf 83' lang='lat' dir='ltr'><strong>Quod</strong></span> <span class='ocrx_word' id='word_1_58' title='bbox 425 606 470 647; x_wconf 90' lang='lat' dir='ltr'><strong>ni</strong></span> <span class='ocrx_word' id='word_1_59' title='bbox 501 606 564 647; x_wconf 89' lang='lat' dir='ltr'><strong>ita</strong></span> <span class='ocrx_word' id='word_1_60' title='bbox 595 608 725 660; x_wconf 91' lang='lat' dir='ltr'><strong>esset,</strong></span> <span class='ocrx_word' id='word_1_61' title='bbox 765 604 837 660; x_wconf 93' lang='lat' dir='ltr'><strong>qui</strong></span> <span class='ocrx_word' id='word_1_62' title='bbox 867 605 1080 660; x_wconf 88' lang='lat' dir='ltr'><strong>potuisset</strong></span> <span class='ocrx_word' id='word_1_63' title='bbox 1111 607 1294 648; x_wconf 88' lang='lat' dir='ltr'><strong>adsensu</strong></span> <span class='ocrx_word' id='word_1_64' title='bbox 1326 608 1516 650; x_wconf 91' lang='lat' dir='ltr'><strong>omnium</strong></span> <span class='ocrx_word' id='word_1_65' title='bbox 1547 608 1605 650; x_wconf 91' lang='lat' dir='ltr'><strong>di-</strong></span> 
     </span>
     <span class='ocr_line' id='line_1_11' title="bbox 268 664 578 707; baseline -0.007 0"><span class='ocrx_word' id='word_1_66' title='bbox 268 680 361 707; x_wconf 84' lang='lat' dir='ltr'><strong>cere</strong></span> <span class='ocrx_word' id='word_1_67' title='bbox 392 664 578 706; x_wconf 88' lang='lat' dir='ltr'><strong>Ennius:</strong></span> 
     </span>
    </p>
   </div>
   <div class='ocr_carea' id='block_1_6' title="bbox 354 736 1685 880">
    <p class='ocr_par' dir='ltr' id='par_1_6' title="bbox 354 736 1685 880">
     <span class='ocr_line' id='line_1_12' title="bbox 354 736 1685 803; baseline 0.003 -15"><span class='ocrx_word' id='word_1_68' title='bbox 354 736 542 802; x_wconf 86' lang='lat' dir='ltr'><strong>Aspice</strong></span> <span class='ocrx_word' id='word_1_69' title='bbox 591 747 684 789; x_wconf 92' lang='grc'>1106</span> <span class='ocrx_word' id='word_1_70' title='bbox 728 744 948 788; x_wconf 74' lang='lat' dir='ltr'><strong>sublime</strong></span> <span class='ocrx_word' id='word_1_71' title='bbox 992 747 1228 802; x_wconf 88' lang='lat' dir='ltr'><strong>candens,</strong></span> <span class='ocrx_word' id='word_1_72' title='bbox 1280 763 1422 803; x_wconf 89' lang='lat' dir='ltr'><strong>quem</strong></span> <span class='ocrx_word' id='word_1_73' title='bbox 1464 747 1685 792; x_wconf 46' lang='lat' dir='ltr'><strong>{nvo-10¹</strong></span> 
     </span>
     <span class='ocr_line' id='line_1_13' title="bbox 948 806 1685 880; baseline 0.005 -34"><span class='ocrx_word' id='word_1_74' title='bbox 948 807 1064 846; x_wconf 87' lang='lat' dir='ltr'><strong>cant</strong></span> <span class='ocrx_word' id='word_1_75' title='bbox 1096 808 1266 847; x_wconf 73' lang='lat' dir='ltr'><strong>omnes</strong></span> <span class='ocrx_word' id='word_1_76' title='bbox 1298 806 1486 861; x_wconf 87' lang='lat' dir='ltr'><strong>Iovem,</strong></span> <span class='ocrx_word' id='word_1_77' title='bbox 1684 832 1685 880; x_wconf 35' lang='grc'><strong>1</strong></span> 
     </span>
    </p>
   </div>
   <div class='ocr_carea' id='block_1_7' title="bbox 264 898 1605 1014">
    <p class='ocr_par' dir='ltr' id='par_1_7' title="bbox 264 898 1605 1014">
     <span class='ocr_line' id='line_1_14' title="bbox 265 898 1605 943; baseline 0 0"><span class='ocrx_word' id='word_1_78' title='bbox 265 902 389 943; x_wconf 88' lang='grc'>11111111</span> <span class='ocrx_word' id='word_1_79' title='bbox 420 914 521 941; x_wconf 85' lang='lat' dir='ltr'><strong>vero</strong></span> <span class='ocrx_word' id='word_1_80' title='bbox 554 901 597 940; x_wconf 95' lang='lat' dir='ltr'><strong>et</strong></span> <span class='ocrx_word' id='word_1_81' title='bbox 620 898 767 940; x_wconf 87' lang='lat' dir='ltr'><strong>Iovem</strong></span> <span class='ocrx_word' id='word_1_82' title='bbox 799 900 842 939; x_wconf 90' lang='lat' dir='ltr'><strong>et</strong></span> <span class='ocrx_word' id='word_1_83' title='bbox 874 898 1186 940; x_wconf 65' lang='lat' dir='ltr'><strong>dominatorem</strong></span> <span class='ocrx_word' id='word_1_84' title='bbox 1218 914 1360 941; x_wconf 88' lang='lat' dir='ltr'><strong>rerum</strong></span> <span class='ocrx_word' id='word_1_85' title='bbox 1393 903 1435 942; x_wconf 89' lang='lat' dir='ltr'><strong>et</strong></span> <span class='ocrx_word' id='word_1_86' title='bbox 1461 901 1605 943; x_wconf 86' lang='lat' dir='ltr'><strong>omnia</strong></span> 
     </span>
     <span class='ocr_line' id='line_1_15' title="bbox 264 957 1140 1014; baseline -0.005 -12"><span class='ocrx_word' id='word_1_87' title='bbox 264 963 372 1002; x_wconf 87' lang='lat' dir='ltr'><strong>nutu</strong></span> <span class='ocrx_word' id='word_1_88' title='bbox 403 960 624 1014; x_wconf 88' lang='lat' dir='ltr'><strong>regentem</strong></span> <span class='ocrx_word' id='word_1_89' title='bbox 656 959 710 1012; x_wconf 93' lang='lat' dir='ltr'><strong>et,</strong></span> <span class='ocrx_word' id='word_1_90' title='bbox 741 959 790 998; x_wconf 91' lang='lat' dir='ltr'><strong>ut</strong></span> <span class='ocrx_word' id='word_1_91' title='bbox 820 957 933 998; x_wconf 90' lang='lat' dir='ltr'><strong>idem</strong></span> <span class='ocrx_word' id='word_1_92' title='bbox 963 957 1140 1012; x_wconf 87' lang='lat' dir='ltr'><strong>Ennius,</strong></span> 
     </span>
    </p>
   </div>
   <div class='ocr_carea' id='block_1_8' title="bbox 1669 881 1685 1915">
    <p class='ocr_par' dir='ltr' id='par_1_8' title="bbox 1669 881 1685 1915">
     <span class='ocr_line' id='line_1_16' title="bbox 1676 881 1685 1034; baseline 0 0"><span class='ocrx_word' id='word_1_93' title='bbox 1676 881 1677 1034; x_wconf 95' lang='lat' dir='ltr'><strong> </strong></span> <span class='ocrx_word' id='word_1_94' title='bbox 1680 881 1685 1034; x_wconf 95' lang='lat' dir='ltr'><strong> </strong></span> 
     </span>
     <span class='ocr_line' id='line_1_17' title="bbox 1669 1034 1685 1915; baseline 0 -496"><span class='ocrx_word' id='word_1_95' title='bbox 1669 1034 1685 1915; x_wconf 95' lang='lat' dir='ltr'><strong>    </strong></span> 
     </span>
    </p>
   </div>
   <div class='ocr_carea' id='block_1_9' title="bbox 487 1039 1382 1095">
    <p class='ocr_par' dir='ltr' id='par_1_9' title="bbox 487 1039 1382 1095">
     <span class='ocr_line' id='line_1_18' title="bbox 487 1039 1382 1095; baseline 0 -13"><span class='ocrx_word' id='word_1_96' title='bbox 487 1043 685 1095; x_wconf 84' lang='lat' dir='ltr'><strong>patrem</strong></span> <span class='ocrx_word' id='word_1_97' title='bbox 718 1039 989 1094; x_wconf 86' lang='lat' dir='ltr'><strong>divumque</strong></span> <span class='ocrx_word' id='word_1_98' title='bbox 1019 1039 1382 1094; x_wconf 73' lang='lat' dir='ltr'><strong>homdnumque</strong></span> 
     </span>
    </p>
   </div>
   <div class='ocr_carea' id='block_1_10' title="bbox 261 1132 1672 2365">
    <p class='ocr_par' dir='ltr' id='par_1_10' title="bbox 261 1132 1672 2365">
     <span class='ocr_line' id='line_1_19' title="bbox 265 1132 1604 1191; baseline -0.001 -13"><span class='ocrx_word' id='word_1_99' title='bbox 265 1138 308 1178; x_wconf 89' lang='lat' dir='ltr'><strong>et</strong></span> <span class='ocrx_word' id='word_1_100' title='bbox 338 1137 607 1191; x_wconf 86' lang='lat' dir='ltr'><strong>praesentem</strong></span> <span class='ocrx_word' id='word_1_101' title='bbox 640 1149 689 1176; x_wconf 88' lang='lat' dir='ltr'><strong>ac</strong></span> <span class='ocrx_word' id='word_1_102' title='bbox 719 1135 1043 1188; x_wconf 83' lang='lat' dir='ltr'><strong>praepotentem</strong></span> <span class='ocrx_word' id='word_1_103' title='bbox 1077 1133 1230 1175; x_wconf 76' lang='lat' dir='ltr'><strong>deum?</strong></span> <span class='ocrx_word' id='word_1_104' title='bbox 1281 1132 1402 1182; x_wconf 84' lang='lat' dir='ltr'><strong>Quod</strong></span> <span class='ocrx_word' id='word_1_105' title='bbox 1434 1135 1506 1189; x_wconf 90' lang='lat' dir='ltr'><strong>qui</strong></span> <span class='ocrx_word' id='word_1_106' title='bbox 1533 1135 1604 1177; x_wconf 88' lang='lat' dir='ltr'><strong>du·</strong></span> 
     </span>
     <span class='ocr_line' id='line_1_20' title="bbox 264 1192 1656 1248; baseline -0.001 -12"><span class='ocrx_word' id='word_1_107' title='bbox 264 1195 391 1248; x_wconf 90' lang='lat' dir='ltr'><strong>bitet,</strong></span> <span class='ocrx_word' id='word_1_108' title='bbox 428 1193 543 1235; x_wconf 88' lang='lat' dir='ltr'><strong>haud</strong></span> <span class='ocrx_word' id='word_1_109' title='bbox 576 1207 677 1234; x_wconf 88' lang='lat' dir='ltr'><strong>sane</strong></span> <span class='ocrx_word' id='word_1_110' title='bbox 708 1192 932 1247; x_wconf 80' lang='lat' dir='ltr'><strong>intellego,</strong></span> <span class='ocrx_word' id='word_1_111' title='bbox 973 1207 1047 1233; x_wconf 88' lang='lat' dir='ltr'><strong>cur</strong></span> <span class='ocrx_word' id='word_1_112' title='bbox 1076 1207 1162 1233; x_wconf 87' lang='lat' dir='ltr'><strong>non</strong></span> <span class='ocrx_word' id='word_1_113' title='bbox 1194 1192 1324 1247; x_wconf 88' lang='lat' dir='ltr'><strong>idem,</strong></span> <span class='ocrx_word' id='word_1_114' title='bbox 1363 1193 1428 1235; x_wconf 91' lang='lat' dir='ltr'><strong>sol</strong></span> <span class='ocrx_word' id='word_1_115' title='bbox 1461 1194 1517 1234; x_wconf 91' lang='lat' dir='ltr'><strong>sit</strong></span> <span class='ocrx_word' id='word_1_116' title='bbox 1549 1209 1605 1235; x_wconf 89' lang='lat' dir='ltr'><strong>an</strong></span> <span class='ocrx_word' id='word_1_117' title='bbox 1624 1205 1656 1231; x_wconf 91' lang='lat'><strong>15</strong></span> 
     </span>
     <span class='ocr_line' id='line_1_21' title="bbox 263 1249 1602 1306; baseline -0.001 -11"><span class='ocrx_word' id='word_1_118' title='bbox 263 1254 407 1295; x_wconf 86' lang='lat' dir='ltr'><strong>nullus</strong></span> <span class='ocrx_word' id='word_1_119' title='bbox 451 1252 525 1306; x_wconf 90' lang='grc'>811,</span> <span class='ocrx_word' id='word_1_120' title='bbox 569 1251 765 1292; x_wconf 89' lang='lat' dir='ltr'><strong>dubitare</strong></span> <span class='ocrx_word' id='word_1_121' title='bbox 809 1250 957 1305; x_wconf 86' lang='lat' dir='ltr'><strong>possit.</strong></span> <span class='ocrx_word' id='word_1_122' title='bbox 1020 1249 1101 1298; x_wconf 83' lang='lat' dir='ltr'><strong>Qui</strong></span> <span class='ocrx_word' id='word_1_123' title='bbox 1144 1251 1256 1292; x_wconf 89' lang='lat' dir='ltr'><strong>enim</strong></span> <span class='ocrx_word' id='word_1_124' title='bbox 1300 1254 1366 1293; x_wconf 91' lang='lat' dir='ltr'><strong>est</strong></span> <span class='ocrx_word' id='word_1_125' title='bbox 1402 1252 1484 1294; x_wconf 90' lang='lat' dir='ltr'><strong>hoc</strong></span> <span class='ocrx_word' id='word_1_126' title='bbox 1525 1252 1602 1294; x_wconf 91' lang='lat' dir='ltr'><strong>illo</strong></span> 
     </span>
     <span class='ocr_line' id='line_1_22' title="bbox 265 1309 1601 1365; baseline -0.001 -11"><span class='ocrx_word' id='word_1_127' title='bbox 265 1311 530 1354; x_wconf 81' lang='lat' dir='ltr'><strong>evidentius?</strong></span> <span class='ocrx_word' id='word_1_128' title='bbox 605 1309 725 1358; x_wconf 84' lang='lat' dir='ltr'><strong>Quod</strong></span> <span class='ocrx_word' id='word_1_129' title='bbox 776 1309 860 1350; x_wconf 86' lang='lat' dir='ltr'><strong>nisi</strong></span> <span class='ocrx_word' id='word_1_130' title='bbox 909 1309 1129 1364; x_wconf 85' lang='lat' dir='ltr'><strong>cognitum</strong></span> <span class='ocrx_word' id='word_1_131' title='bbox 1179 1310 1601 1365; x_wconf 82' lang='lat' dir='ltr'><strong>conprehensumque</strong></span> 
     </span>
     <span class='ocr_line' id='line_1_23' title="bbox 264 1368 1603 1424; baseline -0.001 -12"><span class='ocrx_word' id='word_1_132' title='bbox 264 1370 417 1412; x_wconf 88' lang='lat' dir='ltr'><strong>animis</strong></span> <span class='ocrx_word' id='word_1_133' title='bbox 460 1369 732 1422; x_wconf 72' lang='lat' dir='ltr'><strong>haberemus,</strong></span> <span class='ocrx_word' id='word_1_134' title='bbox 775 1382 862 1409; x_wconf 86' lang='lat' dir='ltr'><strong>non</strong></span> <span class='ocrx_word' id='word_1_135' title='bbox 905 1370 995 1408; x_wconf 86' lang='lat' dir='ltr'><strong>tam</strong></span> <span class='ocrx_word' id='word_1_136' title='bbox 1040 1368 1209 1409; x_wconf 88' lang='lat' dir='ltr'><strong>stabilis</strong></span> <span class='ocrx_word' id='word_1_137' title='bbox 1256 1368 1399 1423; x_wconf 89' lang='lat' dir='ltr'><strong>opinio</strong></span> <span class='ocrx_word' id='word_1_138' title='bbox 1438 1384 1603 1424; x_wconf 85' lang='lat' dir='ltr'><strong>perma-</strong></span> 
     </span>
     <span class='ocr_line' id='line_1_24' title="bbox 261 1426 1602 1481; baseline -0.001 -10"><span class='ocrx_word' id='word_1_139' title='bbox 261 1431 384 1471; x_wconf 89' lang='lat' dir='ltr'><strong>neret</strong></span> <span class='ocrx_word' id='word_1_140' title='bbox 413 1443 491 1470; x_wconf 89' lang='grc'>1166</span> <span class='ocrx_word' id='word_1_141' title='bbox 523 1427 847 1469; x_wconf 88' lang='lat' dir='ltr'><strong>confirmaretur</strong></span> <span class='ocrx_word' id='word_1_142' title='bbox 875 1426 1157 1468; x_wconf 84' lang='lat' dir='ltr'><strong>diuturnitate</strong></span> <span class='ocrx_word' id='word_1_143' title='bbox 1183 1427 1390 1481; x_wconf 87' lang='lat' dir='ltr'><strong>temporis</strong></span> <span class='ocrx_word' id='word_1_144' title='bbox 1415 1442 1492 1469; x_wconf 90' lang='grc'>1166</span> <span class='ocrx_word' id='word_1_145' title='bbox 1517 1443 1602 1469; x_wconf 86' lang='lat' dir='ltr'><strong>una</strong></span> 
     </span>
     <span class='ocr_line' id='line_1_25' title="bbox 263 1485 1656 1541; baseline -0.001 -11"><span class='ocrx_word' id='word_1_146' title='bbox 263 1503 359 1530; x_wconf 88' lang='lat' dir='ltr'><strong>cum</strong></span> <span class='ocrx_word' id='word_1_147' title='bbox 386 1486 536 1529; x_wconf 85' lang='lat' dir='ltr'><strong>saeclis</strong></span> <span class='ocrx_word' id='word_1_148' title='bbox 563 1486 861 1540; x_wconf 87' lang='lat' dir='ltr'><strong>aetatibusque</strong></span> <span class='ocrx_word' id='word_1_149' title='bbox 886 1485 1108 1527; x_wconf 87' lang='lat' dir='ltr'><strong>hominum</strong></span> <span class='ocrx_word' id='word_1_150' title='bbox 1128 1485 1358 1527; x_wconf 85' lang='lat' dir='ltr'><strong>inveterari</strong></span> <span class='ocrx_word' id='word_1_151' title='bbox 1378 1487 1601 1541; x_wconf 91' lang='lat' dir='ltr'><strong>potuisset.</strong></span> <span class='ocrx_word' id='word_1_152' title='bbox 1623 1498 1656 1523; x_wconf 82' lang='lat'><strong>2⁰</strong></span> 
     </span>
     <span class='ocr_line' id='line_1_26' title="bbox 262 1543 1602 1600; baseline -0.001 -12"><span class='ocrx_word' id='word_1_153' title='bbox 262 1546 437 1589; x_wconf 86' lang='lat' dir='ltr'><strong>Etenim</strong></span> <span class='ocrx_word' id='word_1_154' title='bbox 473 1545 665 1587; x_wconf 84' lang='lat' dir='ltr'><strong>videmus</strong></span> <span class='ocrx_word' id='word_1_155' title='bbox 704 1547 866 1586; x_wconf 88' lang='lat' dir='ltr'><strong>ceteras</strong></span> <span class='ocrx_word' id='word_1_156' title='bbox 900 1543 1121 1598; x_wconf 82' lang='lat' dir='ltr'><strong>opiniones</strong></span> <span class='ocrx_word' id='word_1_157' title='bbox 1153 1544 1275 1586; x_wconf 90' lang='lat' dir='ltr'><strong>fictas</strong></span> <span class='ocrx_word' id='word_1_158' title='bbox 1308 1547 1436 1600; x_wconf 90' lang='lat' dir='ltr'><strong>atque</strong></span> <span class='ocrx_word' id='word_1_159' title='bbox 1467 1560 1602 1587; x_wconf 87' lang='lat' dir='ltr'><strong>vanas</strong></span> 
     </span>
     <span class='ocr_line' id='line_1_27' title="bbox 264 1602 1603 1658; baseline -0.001 -12"><span class='ocrx_word' id='word_1_160' title='bbox 264 1604 544 1646; x_wconf 86' lang='lat' dir='ltr'><strong>diuturnitate</strong></span> <span class='ocrx_word' id='word_1_161' title='bbox 589 1603 844 1645; x_wconf 78' lang='lat' dir='ltr'><strong>extabuisse.</strong></span> <span class='ocrx_word' id='word_1_162' title='bbox 913 1602 1015 1651; x_wconf 82' lang='lat' dir='ltr'><strong>Quis</strong></span> <span class='ocrx_word' id='word_1_163' title='bbox 1055 1603 1167 1644; x_wconf 91' lang='lat' dir='ltr'><strong>enim</strong></span> <span class='ocrx_word' id='word_1_164' title='bbox 1203 1603 1603 1658; x_wconf 87' lang='lat' dir='ltr'><strong>Hippocentaurum</strong></span> 
     </span>
     <span class='ocr_line' id='line_1_28' title="bbox 261 1661 1599 1716; baseline -0.001 -11"><span class='ocrx_word' id='word_1_165' title='bbox 261 1664 395 1706; x_wconf 87' lang='lat' dir='ltr'><strong>fuisse</strong></span> <span class='ocrx_word' id='word_1_166' title='bbox 427 1665 501 1704; x_wconf 92' lang='lat' dir='ltr'><strong>aut</strong></span> <span class='ocrx_word' id='word_1_167' title='bbox 527 1661 799 1704; x_wconf 81' lang='lat' dir='ltr'><strong>Chimaeram</strong></span> <span class='ocrx_word' id='word_1_168' title='bbox 831 1662 984 1716; x_wconf 80' lang='lat' dir='ltr'><strong>putat?</strong></span> <span class='ocrx_word' id='word_1_169' title='bbox 1018 1676 1178 1716; x_wconf 88' lang='lat' dir='ltr'><strong>quaeve</strong></span> <span class='ocrx_word' id='word_1_170' title='bbox 1205 1677 1310 1703; x_wconf 89' lang='lat' dir='ltr'><strong>anus</strong></span> <span class='ocrx_word' id='word_1_171' title='bbox 1336 1664 1426 1703; x_wconf 90' lang='lat' dir='ltr'><strong>tam</strong></span> <span class='ocrx_word' id='word_1_172' title='bbox 1454 1677 1599 1704; x_wconf 82' lang='lat' dir='ltr'><strong>excors</strong></span> 
     </span>
     <span class='ocr_line' id='line_1_29' title="bbox 263 1720 1602 1776; baseline -0.001 -12"><span class='ocrx_word' id='word_1_173' title='bbox 263 1722 446 1764; x_wconf 84' lang='lat' dir='ltr'><strong>inveniri</strong></span> <span class='ocrx_word' id='word_1_174' title='bbox 477 1724 640 1776; x_wconf 89' lang='lat' dir='ltr'><strong>potest,</strong></span> <span class='ocrx_word' id='word_1_175' title='bbox 673 1735 780 1776; x_wconf 87' lang='lat' dir='ltr'><strong>quae</strong></span> <span class='ocrx_word' id='word_1_176' title='bbox 811 1720 899 1774; x_wconf 89' lang='lat' dir='ltr'><strong>illa,</strong></span> <span class='ocrx_word' id='word_1_177' title='bbox 933 1735 1039 1774; x_wconf 90' lang='lat' dir='ltr'><strong>quae</strong></span> <span class='ocrx_word' id='word_1_178' title='bbox 1073 1721 1287 1775; x_wconf 89' lang='lat' dir='ltr'><strong>quondam</strong></span> <span class='ocrx_word' id='word_1_179' title='bbox 1319 1721 1602 1762; x_wconf 84' lang='lat' dir='ltr'><strong>credebantur</strong></span> 
     </span>
     <span class='ocr_line' id='line_1_30' title="bbox 263 1775 1671 1836; baseline -0.002 -13"><span class='ocrx_word' id='word_1_180' title='bbox 263 1781 376 1836; x_wconf 86' lang='lat' dir='ltr'><strong>apud</strong></span> <span class='ocrx_word' id='word_1_181' title='bbox 418 1780 578 1822; x_wconf 84' lang='lat' dir='ltr'><strong>inferos</strong></span> <span class='ocrx_word' id='word_1_182' title='bbox 615 1782 833 1835; x_wconf 88' lang='lat' dir='ltr'><strong>portenta,</strong></span> <span class='ocrx_word' id='word_1_183' title='bbox 878 1779 1156 1821; x_wconf 78' lang='lat' dir='ltr'><strong>extimescat?</strong></span> <span class='ocrx_word' id='word_1_184' title='bbox 1224 1779 1447 1835; x_wconf 87' lang='lat' dir='ltr'><strong>Opinionis</strong></span> <span class='ocrx_word' id='word_1_185' title='bbox 1489 1780 1601 1821; x_wconf 89' lang='lat' dir='ltr'><strong>enim</strong></span> <span class='ocrx_word' id='word_1_186' title='bbox 1621 1775 1671 1817; x_wconf 60' lang='lat'><strong>25¹</strong></span> 
     </span>
     <span class='ocr_line' id='line_1_31' title="bbox 263 1837 1601 1893; baseline -0.001 -12"><span class='ocrx_word' id='word_1_187' title='bbox 263 1842 505 1882; x_wconf 89' lang='lat' dir='ltr'><strong>commenta</strong></span> <span class='ocrx_word' id='word_1_188' title='bbox 537 1839 650 1880; x_wconf 90' lang='lat' dir='ltr'><strong>delet</strong></span> <span class='ocrx_word' id='word_1_189' title='bbox 681 1838 788 1893; x_wconf 87' lang='lat' dir='ltr'><strong>dies,</strong></span> <span class='ocrx_word' id='word_1_190' title='bbox 822 1841 1001 1880; x_wconf 88' lang='lat' dir='ltr'><strong>naturae</strong></span> <span class='ocrx_word' id='word_1_191' title='bbox 1032 1837 1189 1880; x_wconf 89' lang='lat' dir='ltr'><strong>iudicia</strong></span> <span class='ocrx_word' id='word_1_192' title='bbox 1220 1839 1455 1880; x_wconf 84' lang='lat' dir='ltr'><strong>confirmat.</strong></span> <span class='ocrx_word' id='word_1_193' title='bbox 1516 1838 1601 1880; x_wconf 85' lang='lat' dir='ltr'><strong>Ita-</strong></span> 
     </span>
     <span class='ocr_line' id='line_1_32' title="bbox 263 1897 1599 1953; baseline -0.001 -14"><span class='ocrx_word' id='word_1_194' title='bbox 263 1913 344 1953; x_wconf 90' lang='lat' dir='ltr'><strong>que</strong></span> <span class='ocrx_word' id='word_1_195' title='bbox 383 1901 426 1939; x_wconf 92' lang='lat' dir='ltr'><strong>et</strong></span> <span class='ocrx_word' id='word_1_196' title='bbox 465 1898 509 1938; x_wconf 89' lang='grc'><strong>111</strong></span> <span class='ocrx_word' id='word_1_197' title='bbox 544 1900 694 1939; x_wconf 87' lang='grc'>1108110</span> <span class='ocrx_word' id='word_1_198' title='bbox 727 1897 886 1952; x_wconf 91' lang='lat' dir='ltr'><strong>populo</strong></span> <span class='ocrx_word' id='word_1_199' title='bbox 920 1899 962 1938; x_wconf 92' lang='lat' dir='ltr'><strong>et</strong></span> <span class='ocrx_word' id='word_1_200' title='bbox 992 1897 1037 1937; x_wconf 90' lang='lat' dir='ltr'><strong>in</strong></span> <span class='ocrx_word' id='word_1_201' title='bbox 1069 1897 1219 1938; x_wconf 89' lang='lat' dir='ltr'><strong>ceteris</strong></span> <span class='ocrx_word' id='word_1_202' title='bbox 1253 1897 1426 1938; x_wconf 89' lang='lat' dir='ltr'><strong>deorum</strong></span> <span class='ocrx_word' id='word_1_203' title='bbox 1459 1897 1599 1938; x_wconf 87' lang='lat' dir='ltr'><strong>cultus</strong></span> 
     </span>
     <span class='ocr_line' id='line_1_33' title="bbox 261 1955 1599 2012; baseline -0.001 -14"><span class='ocrx_word' id='word_1_204' title='bbox 261 1957 603 2012; x_wconf 81' lang='lat' dir='ltr'><strong>religionumque</strong></span> <span class='ocrx_word' id='word_1_205' title='bbox 648 1956 899 1997; x_wconf 85' lang='lat' dir='ltr'><strong>sanctitates</strong></span> <span class='ocrx_word' id='word_1_206' title='bbox 944 1956 1156 1997; x_wconf 82' lang='lat' dir='ltr'><strong>exsistunt</strong></span> <span class='ocrx_word' id='word_1_207' title='bbox 1195 1955 1240 1996; x_wconf 91' lang='lat' dir='ltr'><strong>in</strong></span> <span class='ocrx_word' id='word_1_208' title='bbox 1285 1956 1372 1997; x_wconf 89' lang='lat' dir='ltr'><strong>dies</strong></span> <span class='ocrx_word' id='word_1_209' title='bbox 1414 1955 1599 1997; x_wconf 86' lang='lat' dir='ltr'><strong>maiores</strong></span> 
     </span>
     <span class='ocr_line' id='line_1_34' title="bbox 263 2014 1599 2070; baseline -0.001 -13"><span class='ocrx_word' id='word_1_210' title='bbox 263 2018 390 2070; x_wconf 90' lang='lat' dir='ltr'><strong>atque</strong></span> <span class='ocrx_word' id='word_1_211' title='bbox 422 2015 633 2069; x_wconf 90' lang='lat' dir='ltr'><strong>meliores,</strong></span> <span class='ocrx_word' id='word_1_212' title='bbox 664 2015 791 2069; x_wconf 89' lang='lat' dir='ltr'><strong>idque</strong></span> <span class='ocrx_word' id='word_1_213' title='bbox 818 2014 959 2056; x_wconf 83' lang='lat' dir='ltr'><strong>evenit</strong></span> <span class='ocrx_word' id='word_1_214' title='bbox 983 2028 1069 2056; x_wconf 92' lang='lat' dir='ltr'><strong>non</strong></span> <span class='ocrx_word' id='word_1_215' title='bbox 1094 2017 1254 2055; x_wconf 87' lang='lat' dir='ltr'><strong>temere</strong></span> <span class='ocrx_word' id='word_1_216' title='bbox 1278 2029 1355 2056; x_wconf 90' lang='grc'>1166</span> <span class='ocrx_word' id='word_1_217' title='bbox 1382 2029 1493 2069; x_wconf 85' lang='lat' dir='ltr'><strong>casu,</strong></span> <span class='ocrx_word' id='word_1_218' title='bbox 1526 2014 1599 2056; x_wconf 91' lang='lat' dir='ltr'><strong>sed</strong></span> 
     </span>
     <span class='ocr_line' id='line_1_35' title="bbox 263 2073 1668 2129; baseline -0.001 -14"><span class='ocrx_word' id='word_1_219' title='bbox 263 2074 375 2129; x_wconf 93' lang='lat' dir='ltr'><strong>quod</strong></span> <span class='ocrx_word' id='word_1_220' title='bbox 408 2076 450 2115; x_wconf 92' lang='lat' dir='ltr'><strong>et</strong></span> <span class='ocrx_word' id='word_1_221' title='bbox 482 2076 728 2128; x_wconf 74' lang='lat' dir='ltr'><strong>praesentes</strong></span> <span class='ocrx_word' id='word_1_222' title='bbox 761 2087 887 2128; x_wconf 89' lang='lat' dir='ltr'><strong>saepe</strong></span> <span class='ocrx_word' id='word_1_223' title='bbox 921 2073 963 2113; x_wconf 90' lang='lat' dir='ltr'><strong>di</strong></span> <span class='ocrx_word' id='word_1_224' title='bbox 998 2073 1084 2114; x_wconf 85' lang='lat' dir='ltr'><strong>vim</strong></span> <span class='ocrx_word' id='word_1_225' title='bbox 1117 2087 1238 2114; x_wconf 90' lang='lat' dir='ltr'><strong>suam</strong></span> <span class='ocrx_word' id='word_1_226' title='bbox 1271 2073 1506 2127; x_wconf 88' lang='lat' dir='ltr'><strong>declarant,</strong></span> <span class='ocrx_word' id='word_1_227' title='bbox 1552 2075 1601 2114; x_wconf 91' lang='lat' dir='ltr'><strong>ut</strong></span> <span class='ocrx_word' id='word_1_228' title='bbox 1619 2084 1668 2109; x_wconf 80' lang='lat'><strong>30</strong></span> 
     </span>
     <span class='ocr_line' id='line_1_36' title="bbox 262 2121 1672 2187; baseline -0.001 -13"><span class='ocrx_word' id='word_1_229' title='bbox 262 2135 304 2174; x_wconf 91' lang='lat' dir='ltr'><strong>et</strong></span> <span class='ocrx_word' id='word_1_230' title='bbox 336 2132 447 2187; x_wconf 87' lang='lat' dir='ltr'><strong>apud</strong></span> <span class='ocrx_word' id='word_1_231' title='bbox 473 2132 691 2187; x_wconf 81' lang='lat' dir='ltr'><strong>Regillum</strong></span> <span class='ocrx_word' id='word_1_232' title='bbox 724 2132 838 2173; x_wconf 88' lang='lat' dir='ltr'><strong>bello</strong></span> <span class='ocrx_word' id='word_1_233' title='bbox 865 2131 1128 2178; x_wconf 86' lang='lat' dir='ltr'><strong>Latinorum</strong></span> <span class='ocrx_word' id='word_1_234' title='bbox 1160 2147 1255 2173; x_wconf 88' lang='lat' dir='ltr'><strong>cum</strong></span> <span class='ocrx_word' id='word_1_235' title='bbox 1282 2131 1332 2173; x_wconf 94' lang='lat' dir='ltr'><strong>A.</strong></span> <span class='ocrx_word' id='word_1_236' title='bbox 1352 2131 1601 2173; x_wconf 87' lang='lat' dir='ltr'><strong>Postumius</strong></span> <span class='ocrx_word' id='word_1_237' title='bbox 1666 2121 1672 2139; x_wconf 69' lang='grc'>’</span> 
     </span>
     <span class='ocr_line' id='line_1_37' title="bbox 262 2189 1602 2246; baseline -0.001 -13"><span class='ocrx_word' id='word_1_238' title='bbox 262 2191 445 2233; x_wconf 86' lang='lat' dir='ltr'><strong>dictator</strong></span> <span class='ocrx_word' id='word_1_239' title='bbox 477 2205 572 2232; x_wconf 92' lang='lat' dir='ltr'><strong>cum</strong></span> <span class='ocrx_word' id='word_1_240' title='bbox 599 2190 776 2232; x_wconf 88' lang='lat' dir='ltr'><strong>Octavio</strong></span> <span class='ocrx_word' id='word_1_241' title='bbox 796 2190 988 2232; x_wconf 86' lang='lat' dir='ltr'><strong>Mamilio</strong></span> <span class='ocrx_word' id='word_1_242' title='bbox 1010 2190 1251 2232; x_wconf 87' lang='lat' dir='ltr'><strong>Tusculano</strong></span> <span class='ocrx_word' id='word_1_243' title='bbox 1283 2190 1447 2246; x_wconf 91' lang='lat' dir='ltr'><strong>proelio</strong></span> <span class='ocrx_word' id='word_1_244' title='bbox 1484 2189 1602 2232; x_wconf 86' lang='lat' dir='ltr'><strong>dimi-</strong></span> 
     </span>
     <span class='ocr_line' id='line_1_38' title="bbox 261 2248 1598 2305; baseline -0.001 -13"><span class='ocrx_word' id='word_1_245' title='bbox 261 2252 393 2305; x_wconf 85' lang='lat' dir='ltr'><strong>caret,</strong></span> <span class='ocrx_word' id='word_1_246' title='bbox 430 2249 475 2291; x_wconf 87' lang='lat' dir='ltr'><strong>in</strong></span> <span class='ocrx_word' id='word_1_247' title='bbox 511 2251 662 2290; x_wconf 86' lang='lat' dir='ltr'><strong>nostra</strong></span> <span class='ocrx_word' id='word_1_248' title='bbox 700 2249 787 2290; x_wconf 86' lang='lat' dir='ltr'><strong>acie</strong></span> <span class='ocrx_word' id='word_1_249' title='bbox 821 2248 975 2290; x_wconf 86' lang='lat' dir='ltr'><strong>Castor</strong></span> <span class='ocrx_word' id='word_1_250' title='bbox 1013 2251 1055 2290; x_wconf 89' lang='lat' dir='ltr'><strong>ct</strong></span> <span class='ocrx_word' id='word_1_251' title='bbox 1085 2248 1241 2290; x_wconf 86' lang='lat' dir='ltr'><strong>Pollux</strong></span> <span class='ocrx_word' id='word_1_252' title='bbox 1280 2264 1329 2290; x_wconf 82' lang='lat' dir='ltr'><strong>ex</strong></span> <span class='ocrx_word' id='word_1_253' title='bbox 1368 2249 1487 2303; x_wconf 91' lang='lat' dir='ltr'><strong>equis</strong></span> <span class='ocrx_word' id='word_1_254' title='bbox 1525 2264 1598 2304; x_wconf 92' lang='lat' dir='ltr'><strong>pu-</strong></span> 
     </span>
     <span class='ocr_line' id='line_1_39' title="bbox 261 2307 1597 2365; baseline -0.001 -15"><span class='ocrx_word' id='word_1_255' title='bbox 261 2323 393 2365; x_wconf 86' lang='lat' dir='ltr'><strong>gnare</strong></span> <span class='ocrx_word' id='word_1_256' title='bbox 427 2307 509 2350; x_wconf 86' lang='lat' dir='ltr'><strong>visi</strong></span> <span class='ocrx_word' id='word_1_257' title='bbox 541 2310 658 2363; x_wconf 90' lang='lat' dir='ltr'><strong>sunt,</strong></span> <span class='ocrx_word' id='word_1_258' title='bbox 696 2310 739 2349; x_wconf 84' lang='lat' dir='ltr'><strong>et</strong></span> <span class='ocrx_word' id='word_1_259' title='bbox 770 2307 1003 2349; x_wconf 86' lang='lat' dir='ltr'><strong>recentiore</strong></span> <span class='ocrx_word' id='word_1_260' title='bbox 1035 2308 1241 2349; x_wconf 86' lang='lat' dir='ltr'><strong>memoria</strong></span> <span class='ocrx_word' id='word_1_261' title='bbox 1271 2307 1400 2349; x_wconf 88' lang='lat' dir='ltr'><strong>iidem</strong></span> <span class='ocrx_word' id='word_1_262' title='bbox 1433 2307 1597 2363; x_wconf 46' lang='lat' dir='ltr'><strong>Tynda„</strong></span> 
     </span>
    </p>
   </div>
   <div class='ocr_carea' id='block_1_11' title="bbox 1668 1422 1675 2005">
    <p class='ocr_par' dir='ltr' id='par_1_11' title="bbox 1668 1422 1675 2005">
     <span class='ocr_line' id='line_1_40' title="bbox 1668 1422 1675 2005; baseline 0 0"><span class='ocrx_word' id='word_1_263' title='bbox 1668 1422 1675 2005; x_wconf 95' lang='lat' dir='ltr'><strong> </strong></span> 
     </span>
    </p>
   </div>
   <div class='ocr_carea' id='block_1_12' title="bbox 1671 2010 1674 2126">
    <p class='ocr_par' dir='ltr' id='par_1_12' title="bbox 1671 2010 1674 2126">
     <span class='ocr_line' id='line_1_41' title="bbox 1671 2010 1674 2126; baseline 0 442"><span class='ocrx_word' id='word_1_264' title='bbox 1671 2010 1674 2126; x_wconf 95' lang='lat' dir='ltr'><strong> </strong></span> 
     </span>
    </p>
   </div>
   <div class='ocr_carea' id='block_1_13' title="bbox 1657 2147 1685 2568">
    <p class='ocr_par' dir='ltr' id='par_1_13' title="bbox 1657 2147 1685 2568">
     <span class='ocr_line' id='line_1_42' title="bbox 1657 2147 1685 2568; baseline 0 0"><span class='ocrx_word' id='word_1_265' title='bbox 1657 2147 1685 2568; x_wconf 95' lang='lat' dir='ltr'><strong> </strong></span> 
     </span>
    </p>
   </div>
  </div>
 </body>
</html>
