1685 2568
179 1614 220 1645 11

250 103 333 143 276
725 102 789 137 DE
815 102 879 136 RE
903 102 1109 137 PUBLICA

250 199 476 253 audienda,
514 213 609 240 cum
640 199 703 240 ita
734 198 896 252 dicunt,
935 198 1131 239 accedere
1164 198 1217 239 ad
1248 213 1337 239 rem
1369 199 1585 253 publicam

248 257 499 312 plerumque
530 258 726 299 homines
757 257 879 298 nulla
902 271 948 297 re
974 257 1088 298 bona
1113 256 1278 312 dignos,
1310 272 1404 298 cum
1430 258 1584 311 quibus

248 334 282 366 p.
304 317 365 368 89]
400 316 640 370 comparari
672 315 902 368 sordidum,
934 315 1163 370 confligere
1191 315 1196 369 Ι
1226 317 1368 356 autem
1394 316 1587 357 multitu-

249 375 345 415 dine
381 374 636 429 praesertim
672 374 852 415 incitata
889 373 1094 414 miserum
1125 375 1168 414 et
1198 374 1485 428 periculosum
1517 374 1585 416 sit.

249 432 384 481 Quam
405 433 459 474 ob
480 447 570 473 rem
586 446 723 486 neque
738 431 943 486 sapientis
964 446 1056 472 esse
1071 431 1260 486 accipere
1274 432 1476 486 habenas,
1490 447 1585 474 cum
1622 445 1639 471 5

246 491 421 532 insanos
459 493 588 544 atque
625 490 859 531 indomitos
896 490 1082 544 impetus
1120 490 1241 545 volgi
1272 491 1469 532 cohibere
1499 505 1587 532 non

247 550 397 604 possit,
416 563 553 603 neque
573 549 698 589 liberi
718 563 814 590 cum
841 548 1006 603 inpuris
1027 551 1157 603 atque
1176 549 1420 590 inmanibus
1441 549 1586 591 adver-

248 608 371 648 sariis
393 607 680 648 decertantem
700 607 769 648 vel
789 607 1146 648 contumeliarum
1165 607 1344 648 verbera
1361 607 1504 649 subire
1516 608 1585 649 vel

247 669 469 721 expectare
499 666 683 720 sapienti
708 680 795 707 non
819 665 1016 707 ferendas
1042 665 1239 720 iniurias3
1263 666 1442 720 proinde
1463 667 1585 720 quasi

246 744 282 776 p.
308 726 370 777 90]
394 724 519 766 bonis
548 727 592 766 et
615 724 801 766 fortibus
829 726 871 765 et
896 738 1054 779 magno
1081 724 1223 765 animo
1250 724 1456 778 praeditis
1474 723 1477 780 Ι
1494 725 1586 766 ulla
1605 738 1639 763 ιο

248 783 304 824 sit
335 783 388 824 ad
419 798 510 824 rem
541 783 758 838 publicam
791 783 971 824 adeundi
1003 797 1131 824 causa
1161 782 1335 837 iustior,
1373 798 1502 838 quam
1532 797 1585 825 ne

246 844 427 897 pareant
451 841 644 896 inprobis
667 856 773 883 neve
806 842 859 882 ab
885 841 1020 882 isdem
1046 841 1227 882 lacerari
1252 856 1341 882 rem
1367 842 1586 896 publicam

246 901 479 955 patiantur,
500 915 594 942 cum
608 901 692 955 ipsi
708 900 914 941 auxilium
927 899 1049 954 ferre,
1065 900 1101 940 si
1115 900 1301 954 cupiant,
1314 915 1402 941 non
1417 903 1585 955 queant.

334 959 417 1000 Illa
461 961 603 1000 autem
647 959 838 1013 exceptio
884 958 951 1000 6111
993 959 1169 1013 probari
1211 958 1386 1000 tandem
1429 961 1586 1014 potest,

248 1017 361 1072 quod
394 1020 556 1073 negant
588 1018 828 1072 sapientem
859 1019 1157 1072 suscepturum
1188 1017 1323 1058 ullam
1354 1017 1417 1059 rei
1446 1018 1585 1072 publi·
1605 1030 1638 1057 15

247 1091 320 1118 636
351 1079 532 1131 partem,
564 1078 686 1118 extra
718 1091 847 1131 quam
879 1076 916 1117 si
948 1090 1044 1117 611111
1075 1078 1245 1131 tempus
1278 1078 1320 1117 et
1350 1077 1585 1118 necessitas

246 1135 464 1191 coegerit?
506 1135 628 1189 quasi
665 1149 766 1176 vero
804 1135 941 1176 maior
979 1134 1178 1189 cuiquam
1214 1135 1448 1176 necessitas
1481 1135 1586 1177 acci-

247 1194 344 1235 dere
381 1193 537 1249 possit,
579 1208 707 1247 quam
744 1193 899 1235 accidit
936 1193 1081 1247 nobis3
1121 1193 1167 1234 in
1199 1207 1283 1247 qua
1315 1193 1416 1247 quid
1445 1193 1585 1235 facere

245 1271 281 1304 p.
308 1254 370 1305 83]
408 1252 663 1307 potuissem,
701 1251 705 1307 Ι
741 1252 827 1293 11181
863 1255 956 1293 tum
988 1252 1136 1294 consul
1167 1251 1373 1293 fuissem?
1424 1251 1585 1294 Consul

247 1313 391 1352 autem
429 1325 520 1352 esse
553 1311 625 1365 qui
655 1311 795 1366 potui,
834 1311 919 1351 nisi
951 1325 1048 1352 eum
1079 1311 1194 1352 vitae
1226 1324 1396 1352 cursum
1427 1311 1586 1352 tenuis·
1604 1323 1639 1348 20
1678 1313 1685 1338 1

248 1384 337 1411 86111
369 1385 395 1411 3
424 1369 628 1424 pueritia,
669 1384 745 1424 per
777 1384 904 1424 quem
935 1369 1124 1424 equestri
1155 1369 1249 1411 1060
1281 1372 1410 1410 natus
1440 1384 1585 1424 perve-

245 1429 383 1469 nirem
415 1428 469 1469 ad
494 1428 700 1469 honorem
726 1428 1071 1482 amplissimum?
1108 1427 1208 1469 Non
1232 1428 1366 1483 igitur
1390 1430 1585 1483 potestas

247 1489 313 1528 est
339 1502 388 1528 ex
414 1489 619 1541 tempore,
651 1488 726 1528 aut
751 1501 847 1528 cum
873 1487 992 1540 velis,
1025 1486 1266 1541 opitulandi
1291 1486 1352 1528 rei
1377 1487 1585 1541 publicae,

248 1545 443 1600 quamvis
485 1560 534 1586 ea
571 1547 793 1600 prematur
830 1545 1049 1601 periculis,
1088 1545 1173 1586 nisi
1211 1559 1260 1587 eo
1292 1545 1387 1587 1060
1420 1545 1496 1599 818,
1537 1548 1586 1586 ut

247 1604 328 1646 tibi
373 1604 416 1645 id
458 1603 598 1645 facere
642 1604 780 1645 liceat.
845 1604 1113 1659 Maximeque
1157 1603 1239 1645 hoc
1281 1603 1326 1645 in
1362 1603 1584 1645 hominum
1604 1615 1635 1642 2⁵
1672 1608 1684 1633 ²⁵

248 1663 471 1705 doctorum
504 1663 697 1704 oratione
729 1662 836 1703 mihi
860 1663 1016 1704 mirum
1043 1663 1177 1704 videri
1203 1663 1325 1717 solet,
1357 1663 1481 1717 quod,
1514 1663 1587 1717 qui

246 1741 282 1774 p.
303 1723 365 1774 84]
391 1721 628 1776 tranquillo
647 1718 777 1776 {mari
802 1721 1042 1777 gubernare
1068 1735 1112 1762 se
1131 1723 1291 1776 negent
1309 1735 1446 1776 posse,
1474 1722 1587 1776 quod

245 1795 324 1822 1166
355 1780 580 1822 didicerint
610 1794 687 1822 nec
718 1794 922 1834 umquam
954 1780 1061 1822 scire
1093 1780 1348 1833 curaverint,
1378 1780 1507 1821 iidem
1533 1780 1586 1822 ad

248 1839 539 1895 gubernacula
571 1853 615 1880 86
647 1853 890 1880 36668811108
923 1839 1208 1893 profiteantur
1233 1838 1429 1880 excitatis
1456 1839 1586 1880 inaxi-

248 1898 328 1939 mis
373 1897 584 1939 fiuctibus.
645 1896 728 1938 Isti
771 1897 883 1938 enim
927 1898 1073 1952 palam
1114 1897 1251 1939 dicere
1289 1900 1417 1951 atque
1452 1897 1497 1939 in
1535 1912 1584 1939 eo
1604 1909 1634 1935 ³⁰
1668 1901 1680 1927 ’⁰

248 1956 433 1998 inultum
465 1956 595 1997 etiam
628 1956 806 2012 gloriari
839 1956 990 2010 solent,
1023 1970 1068 1997 se
1100 1956 1150 1997 de
1176 1955 1416 1997 rationibus
1442 1970 1585 1998 rerum

247 2015 517 2070 publicarum
550 2017 623 2056 aut
655 2014 1052 2056 constituendarum
1084 2017 1158 2056 aut
1189 2014 1445 2055 tuendarum
1476 2015 1585 2056 nihil

247 2087 325 2115 1166
368 2073 565 2114 didicisse
608 2088 811 2127 umquam
851 2088 928 2114 nec
967 2073 1133 2127 docere,
1178 2087 1406 2127 earumque
1445 2088 1586 2114 rerum

247 2151 282 2183 p.
309 2133 371 2184 85]
406 2131 629 2173 scientiam
653 2147 741 2173 non
766 2132 901 2174 doctis
927 2132 1172 2173 hominibus
1202 2131 1205 2183 Ι
1234 2146 1283 2173 36
1309 2131 1586 2186 sapientibus,

248 2190 323 2232 sed
370 2190 416 2231 in
457 2190 532 2231 illo
577 2204 730 2245 genere
775 2190 1019 2232 exercitatis
1064 2189 1375 2232 concedendam
1419 2164 1685 2245 Ρι1151]ι111.3-’1Ι1Ι

248 2248 388 2298 Quare
427 2248 499 2303 qui
536 2249 734 2290 convenit
765 2249 961 2304 polliceri
992 2263 1167 2304 operam
1199 2264 1323 2290 suam
1355 2248 1416 2289 rei
1447 2249 1585 2303 publi·
1645 2250 1647 2296 i
1682 2260 1685 2286 2

247 2322 321 2349 cae
352 2309 445 2348 tum
477 2307 674 2363 denique,
706 2307 742 2349 si
773 2307 1028 2349 necessitate
1060 2307 1302 2363 cogantur?
1334 2322 1442 2362 cum,
1474 2307 1587 2361 quod
1644 2298 1647 2334 Ι
