1685 2568
249 87 335 129 236
713 88 775 122 DE
802 87 1123 123 DIVINATIONE

248 186 415 225 autem
457 183 860 226 innumerabiles
903 183 1300 238 praesensiones
1341 198 1441 226 non
1481 184 1586 227 for-

248 241 438 284 tuitae.⁹
495 242 555 284 At
592 257 671 298 ego
711 243 803 284 dico
835 243 1000 284 nullam
1033 241 1165 297 (vide,
1206 244 1368 296 quanta
1400 242 1457 283 sit
1489 257 1584 285 con-

247 299 496 355 troversia),
535 301 621 342 iam
659 301 957 355 adsumptione
988 315 1075 342 non
1106 315 1308 342 concessa
1337 301 1459 342 nulla
1491 316 1586 343 con-

248 359 381 402 clusio
414 362 490 400 est.
539 360 599 400 At
629 359 897 414 impudentes
931 373 1094 412 sumus,
1127 359 1211 413 qui,
1243 374 1339 400 cum
1370 361 1461 400 tam
1492 374 1584 414 per-

248 418 442 472 spicuum
473 417 547 472 sit,
583 432 670 459 non
701 418 993 460 concedamus.
1048 416 1157 466 Quid
1189 419 1254 458 est
1285 418 1585 473 perspicuum?
1604 431 1621 457 5

250 476 434 518 ‘Multa
464 475 616 530 vera',
647 476 804 530 inquit,
838 475 1098 517 ‘evadere'
1149 474 1270 530 Quid,
1303 476 1416 530 quod
1447 477 1585 518 multo

248 535 374 590 plura
408 534 548 576 falsa?
598 533 752 576 Nonne
789 535 883 589 ipsa
919 534 1124 589 varietas,
1163 549 1271 589 quae
1309 537 1375 576 est
1411 535 1587 590 propria
1649 577 1652 580 ,

247 594 462 647 fortunae,
505 593 724 634 fortunam
768 607 860 634 esse
898 607 1089 647 causam,
1131 607 1219 634 non
1254 595 1454 634 naturam
1495 608 1586 635 esse

249 652 399 694 docet?
449 651 630 706 Deinde,
662 651 699 693 si
729 654 805 693 tua
835 652 920 693 ista
951 651 1186 706 conclusio,
1224 650 1448 707 Cratippe,
1484 666 1587 694 vera

248 713 315 753 est
352 710 511 766 (tecum
549 710 661 751 enim
699 709 806 751 mihi
836 725 903 751 res
936 709 1038 767 est),
1074 725 1162 751 non
1191 710 1407 766 intellegis
1439 710 1586 752 eadem
1605 723 1661 749 ιοἸ

248 769 311 811 uti
342 783 469 825 posse
501 771 544 810 et
575 768 824 823 haruspices
856 771 899 810 et
929 768 1222 825 fulguratores
1255 771 1299 810 et
1329 769 1585 824 interpretes
1651 765 1655 786 ³

248 830 517 870 ostentorum
561 830 604 869 et
645 841 828 883 augures
872 830 916 869 et
959 828 1189 883 sortilegos
1234 830 1277 868 et
1317 826 1585 870 Chaldaeos?

249 901 429 941 quorum
456 900 661 941 generum
685 886 853 927 nullum
879 888 957 939 est,
983 900 1033 927 ex
1060 901 1143 940 quo
1169 900 1256 927 non
1275 886 1449 941 aliquid,
1475 886 1586 929 sicut

246 945 513 1001 praedictum
556 945 631 999 sit,
676 945 870 986 evaserit.
931 944 1049 1000 Ergo
1095 946 1170 986 aut
1211 959 1260 986 ea
1305 959 1473 1000 quoque
1517 959 1586 1000 ge-

246 1019 351 1046 nera
382 1003 599 1045 divinandi
626 1007 736 1057 sunt,
768 1018 876 1058 quae
902 1006 950 1045 tu
975 1003 1225 1045 rectissume
1251 1003 1466 1058 inprobas,
1499 1005 1585 1057 aut,
1606 1003 1659 1041 15'

248 1064 283 1104 si
316 1077 366 1104 ea
392 1077 479 1104 non
504 1065 615 1117 sunt,
646 1077 732 1103 non
757 1062 976 1117 intellego,
1007 1077 1081 1104 cur
1106 1062 1212 1103 haec
1238 1062 1320 1104 duo
1347 1062 1446 1116 sint,
1478 1076 1586 1117 quae
1656 1061 1661 1074 ⁸

247 1121 465 1176 relinquis.
515 1120 608 1170 Qua
639 1135 742 1177 ergo
775 1121 941 1162 ratione
973 1121 1078 1162 haec
1107 1120 1290 1175 inducis,
1331 1121 1478 1162 eadem
1509 1121 1587 1162 illa

247 1182 429 1235 possunt
461 1194 565 1233 esse,
598 1195 705 1234 quae
736 1180 869 1221 tollis.

336 1237 447 1288 Quid
477 1253 577 1280 vero
604 1239 736 1280 habet
762 1238 1034 1280 auctoritatis
1058 1238 1178 1280 furor
1203 1238 1298 1291 iste,
1331 1252 1457 1293 quem
1484 1236 1587 1280 divi·
1660 1283 1662 1294 y

246 1312 350 1339 num
381 1297 562 1350 vocatiS,
600 1299 665 1351 ut,
705 1312 813 1351 quae
845 1297 1016 1352 sapiens
1046 1311 1133 1338 non
1164 1296 1324 1351 videat,
1362 1311 1412 1338 ea
1442 1296 1586 1338 videat
1606 1308 1641 1334 20

246 1357 442 1410 insanus,
480 1358 522 1397 et
553 1356 608 1411 is,
647 1356 720 1410 qui
751 1356 961 1397 humanos
994 1370 1143 1396 sensus
1176 1355 1387 1409 amiserit,
1419 1355 1585 1397 divinos

247 1415 473 1456 adsecutus
507 1414 592 1456 sit?
645 1413 835 1469 Sibyllae
867 1428 1014 1456 versus
1046 1415 1338 1468 observamus,
1370 1429 1477 1468 quos
1508 1413 1587 1455 illa

246 1473 393 1515 furens
423 1473 584 1514 fudisse
618 1473 785 1515 dicitur.
844 1472 1032 1521 Quorum
1064 1474 1275 1527 interpres
1307 1487 1444 1527 nuper
1473 1472 1587 1514 falsa

248 1533 432 1587 quadam
469 1532 692 1574 hominum
723 1531 841 1573 fama
872 1532 1060 1573 dicturus
1093 1531 1137 1572 in
1170 1534 1321 1573 senatu
1351 1531 1587 1585 putabatur
1662 1572 1663 1577 ,

248 1606 362 1645 eum,
399 1606 525 1645 quem
562 1606 608 1632 re
645 1606 746 1632 vera
783 1605 927 1646 regem
958 1590 1242 1644 habebamus,
1281 1590 1585 1645 appellandum
1605 1599 1650 1626 25-

248 1664 416 1704 quoque
454 1664 546 1691 esse
582 1664 746 1706 regem,
787 1649 824 1690 si
831 1626 971 1690 23salvi
1009 1663 1100 1690 esse
1138 1649 1358 1690 vellemus.
1418 1648 1513 1690 Hoc
1550 1648 1587 1689 si

248 1711 314 1750 est
354 1709 399 1750 in
438 1709 580 1763 libris,
620 1724 665 1750 in
702 1723 827 1773 quem
864 1707 1082 1749 hominem
1121 1709 1163 1749 et
1193 1707 1240 1748 in
1271 1707 1383 1762 quod
1414 1709 1585 1762 tempus

248 1768 342 1809 est?
387 1767 538 1808 callide
580 1767 710 1820 enim,
755 1767 827 1821 qui
866 1767 944 1807 illa
984 1766 1243 1821 composuit,
1287 1765 1483 1821 perfecit,
1526 1768 1586 1820 ut,

248 1826 543 1881 quodcumque
569 1826 804 1879 accidisset,
833 1825 1098 1880 praedictum
1124 1824 1340 1866 videretur
1364 1799 1586 1866 hominuni
1666 1864 1670 1869 ,

179 1893 243 1925 111
262 1887 304 1926 et
336 1887 577 1940 temporum
611 1884 856 1926 definitione
889 1884 1073 1925 sublata.
1122 1883 1334 1925 Adhibuit
1366 1883 1496 1925 etiam
1528 1883 1586 1924 la·
1604 1893 1638 1920 30

248 1944 416 1985 tebram
454 1943 750 1997 obscuritatis,
793 1945 841 1984 ut
878 1943 1005 1983 iidem
1042 1956 1190 1983 versus
1229 1942 1336 1983 alias
1374 1941 1419 1982 in
1456 1941 1586 1983 aliam
1669 1949 1671 1953 ⁴

248 2017 339 2043 rem
373 2016 500 2057 posse
533 2001 845 2044 accommodari
876 2001 1131 2042 viderentur.
1187 2000 1288 2042 Non
1319 2015 1410 2041 esse
1443 2003 1587 2042 autem

248 2060 356 2102 illud
388 2075 560 2102 carmen
589 2060 770 2101 furentis
803 2075 898 2102 cum
930 2061 1071 2114 ipsum
1103 2063 1256 2114 poe'ma
1288 2059 1478 2100 declarat
1502 2057 1587 2114 (est

250 2119 362 2161 enim
400 2119 540 2174 magis
578 2119 684 2160 artis
722 2121 764 2160 et
802 2119 1051 2173 diligentiae
1089 2133 1217 2172 quam
1248 2117 1512 2159 incitationis
1545 2119 1588 2159 et

250 2176 430 2232 motus),
474 2181 567 2219 tum
604 2192 704 2219 vero
744 2192 810 2231 ea,
849 2192 957 2243 quae
995 2174 1244 2231 ακροστιχίς
1282 2176 1453 2230 dicitur,
1491 2185 1668 2218 cum35

250 2237 447 2291 deinceps
486 2251 535 2277 ex
573 2236 724 2290 primis
745 2237 887 2301 'pruni
924 2236 1113 2288 cuiusque
1143 2249 1291 2277 versus
1323 2209 1482 2276 litteris
1514 2234 1587 2276 ali.-
1662 2240 1663 2243 ’

250 2295 349 2351 quid
383 2295 631 2348 conectitur,
662 2297 710 2336 ut
741 2295 785 2336 in
812 2294 1068 2348 quibusdam
1092 2293 1318 2335 Ennianis.
1351 2305 1393 2344 Q.
1418 2304 1586 2336 ENNIUS

177 1221 234 1262 54

179 1273 245 1304 110
