1685 2568
385 79 474 114 LIB.
501 79 529 114 Ι.
556 79 655 116 ΟΑΡ.
682 84 832 115 47-49,
859 84 878 123 ἐξ
907 84 1101 116 105-109.
1328 83 1411 125 185

130 174 373 217 Partibus
410 175 643 217 intonuit
680 175 812 217 caeli
842 178 992 231 pater
1022 176 1132 231 ipse
1165 177 1410 220 sinistris.

131 231 211 276 Sic
249 234 454 288 aquilae
492 234 686 276 clarum
723 233 959 276 firmavit
989 233 1226 290 Iuppiter
1258 250 1410 278 omen.

72 291 217 347 Atque
248 293 322 334 ille
348 292 523 334 Romuli
549 295 785 347 auguratus
816 293 1063 348 pastoralis,
1093 308 1181 335 non
1210 295 1399 335 urbanus
1416 281 1480 366 ἐξ

70 350 155 392 fuit
185 366 262 393 neo
292 352 417 393 fictus
451 351 503 392 ad
535 351 756 406 opiniones
788 351 1089 406 inperitorum,
1122 352 1195 393 sed
1227 367 1252 394 a
1283 353 1410 394 certis

37 421 54 447 5
73 413 272 465 acceptus
306 413 348 451 et
378 409 564 465 posteris
596 410 792 451 traditus.
841 409 995 464 Itaque
1026 410 1235 452 Romulus
1263 425 1412 466 augur,

72 471 121 510 ut
152 469 265 524 apud
297 468 485 510 Ennium
517 470 594 522 est,
626 483 722 510 cum
753 469 888 510 fratre
919 470 1024 510 item
1058 484 1219 525 augure

132 526 381 569 Curantes
413 540 597 583 magna
627 541 736 569 cum
768 542 887 570 cura
917 530 1022 570 tum
1055 529 1321 583 cupientes

132 586 295 642 Regni
349 586 469 627 dant
519 599 724 641 operam
775 587 926 628 simul
976 588 1208 642 auspicio
1258 601 1413 643 augu—

1103 660 1294 701 rloque.

131 702 237 757 †In
279 705 449 744 monte
487 702 671 745 Remus
716 704 950 759 auspicio
994 718 1044 746 se
1085 705 1302 747 devovet
1340 707 1414 746 at-

899 777 992 817 que
1024 764 1294 806 secundam

21 832 54 858 xo
132 818 283 862 Solus
320 835 459 862 avem
492 823 678 862 servat.
737 821 805 862 At
836 821 1084 864 Romulus
1116 823 1332 878 pulcher
1362 823 1414 864 in

1186 882 1294 923 alto

132 936 637 992 QuaeritAventino‚
659 941 832 980 servat
852 953 1010 995 genus
1033 940 1413 982 altivolantum.

132 995 433 1052 Certabant,
465 998 641 1038 urbem
672 997 881 1039 Romam
906 998 1243 1041 Remoramne
1268 1014 1414 1042 voca-

1168 1061 1295 1100 rent.

132 1113 375 1156 Omnibus
414 1129 534 1156 eura
564 1115 709 1170 viris,
749 1118 865 1157 uter
896 1118 1035 1157 esset
1066 1116 1414 1171 induperator.

130 1172 467 1228 Exspectant3
499 1173 684 1228 veluti,
716 1174 896 1216 consul
929 1189 1077 1229 quom
1108 1175 1317 1217 mittere
1349 1176 1414 1217 si-

792 1284 795 1285 7
1144 1248 1294 1290 gnum

21 1301 51 1329 ιε
129 1289 276 1345 Volt,
308 1305 478 1333 omnes
512 1291 649 1333 avidi
676 1294 916 1346 spectant
942 1292 1002 1334 ad
1028 1293 1252 1335 carceris
1279 1307 1412 1348 oras,

131 1348 286 1398 Quam
319 1365 430 1392 mox
462 1351 670 1392 emittat
699 1350 860 1405 pictis
893 1366 915 1392 e
939 1351 1177 1394 faucibus
1204 1361 1482 1407 currus7108

130 1407 213 1450 Sic
245 1409 586 1464 exspectabat
616 1410 839 1464 populus
872 1412 1026 1465 atque
1060 1425 1145 1452 ore
1176 1411 1412 1466 timebat,

129 1467 298 1509 Rebus
331 1468 436 1510 utri
468 1468 640 1524 magni
671 1469 898 1511 victoria
930 1470 999 1510 sit
1031 1470 1150 1512 data
1181 1471 1341 1526 regni.

129 1525 338 1568 Interea
369 1528 446 1569 sol
479 1527 628 1568 albus
660 1528 880 1569 recessit
911 1528 960 1569 in
991 1528 1159 1570 infera
1188 1530 1371 1571 noctis.

19 1595 54 1622 20
129 1584 260 1627 Exin
297 1585 511 1628 candida
549 1601 599 1628 se
637 1587 800 1628 radiis
833 1587 971 1628 dedit
1002 1588 1107 1630 icta
1136 1587 1277 1630 foras
1309 1589 1413 1643 lux,

129 1644 194 1686 Et
226 1644 376 1686 simul
408 1659 464 1686 ex
496 1645 603 1687 alto
629 1645 781 1701 longe
806 1646 1171 1701 pulcherruma
1196 1662 1411 1703 praepes

129 1702 296 1745 Laeva
315 1704 513 1745 volavit
534 1704 654 1746 avis.
681 1703 841 1747 Simul
862 1719 1044 1747 aureus
1065 1706 1297 1748 exoritur
1317 1707 1413 1761 sol,

131 1760 329 1804 Cedunt
361 1763 418 1804 de
444 1763 586 1805 caelo
612 1765 691 1805 ter
718 1766 966 1819 quattuor
991 1779 1208 1820 corpora
1234 1768 1413 1808 sancta

130 1820 331 1876 Avium,
371 1822 711 1877 praepetibus
753 1837 863 1865 sese
903 1823 1244 1879 pulchrisque
1281 1825 1412 1867 locis

1159 1883 1293 1925 dant

21 1948 55 1975 25
134 1937 394 1994 Conspicit
418 1940 534 1982 inde
562 1940 665 1982 sibi
685 1940 804 1983 data
824 1941 1070 1983 Romulus
1091 1957 1201 1984 esse
1220 1943 1413 1998 priora,

133 1997 381 2053 Auspicio
418 2000 566 2055 regni
603 2000 850 2042 stabilita
887 2015 1091 2043 scamna
1129 2002 1412 2057 solumque.

163 2054 245 2098 Sed
276 2060 336 2111 ut,
366 2059 476 2100 unde
508 2059 590 2101 huc
623 2059 817 2115 digressa
848 2062 932 2114 est,
964 2060 1112 2102 eodem
1143 2061 1292 2102 redeat
1324 2076 1413 2103 ora-

74 2114 154 2157 tio:
194 2115 231 2156 si
261 2116 368 2157 nihil
401 2132 553 2171 queam
586 2117 823 2174 disputare,
858 2134 986 2174 quam
1019 2119 1073 2160 ob
1105 2134 1196 2161 rem
1229 2120 1413 2174 quidque

73 2174 163 2228 fiat,
195 2176 238 2215 et
269 2176 440 2217 tantum
470 2177 596 2218 modo
621 2177 715 2218 fieri
741 2192 802 2232 ea,
834 2193 942 2232 quae
968 2179 1312 2231 commemoravi7
1344 2180 1414 2220 do-

22 2241 56 2268 80
75 2247 205 2286 ceam,
229 2248 437 2288 parumne
456 2234 642 2290 Epicuro
663 2235 924 2279 Carneadive
948 2238 1259 2292 respondeam?
1292 2237 1414 2292 Quid,

74 2292 112 2333 si
144 2293 275 2334 etiam
307 2293 419 2335 ratio
452 2296 593 2336 exstat
624 2295 882 2347 artificiosae
913 2296 1229 2351 praesensionis
1260 2296 1412 2346 facilis,

1426 2041 1482 2081 49

1419 2094 1483 2124 109
