1685 2568
130 187 174 218 43

129 1010 174 1041 44

132 1335 186 1377 18

132 1387 174 1419 45

201 80 288 120 422
727 80 792 115 DE
817 80 1020 115 LEGIBUS

201 179 437 218 caruerunt.
497 177 542 228 Q.
573 176 781 231 Equidem
811 176 898 217 ista
929 190 1126 231 agnosco,
1155 175 1302 229 frater,
1333 177 1377 216 et
1407 176 1529 216 meri-

200 238 268 276 tas
300 235 363 277 dis
396 236 561 291 gratias
593 250 694 291 ago3
735 235 808 276 sed
838 235 965 276 nimis
997 249 1122 288 saepe
1155 248 1273 276 secus
1307 234 1528 288 aliquanto

199 294 391 336 videmus
424 295 613 335 evadere.
667 294 729 335 M.
760 292 859 334 Non
891 293 1014 347 enim,
1046 292 1213 347 Quinte,
1244 294 1357 334 recte
1389 293 1529 333 existi-

200 367 384 407 mamus,
415 367 522 407 quae
553 367 691 407 poena
722 351 867 393 divina
898 351 971 405 sit,
1002 351 1076 393 sed
1108 351 1378 406 opinionibus
1409 350 1531 406 vulgi

199 412 391 466 rapimur
433 412 476 452 in
521 425 708 452 errorem
751 425 828 451 nec
870 425 972 451 vera
1008 410 1237 464 cernimus3
1280 412 1418 451 morte
1456 412 1531 450 aut

200 471 345 512 dolore
379 469 569 524 corporis
602 472 676 510 aut
707 469 824 510 luctu
856 469 988 510 animi
1019 471 1093 510 aut
1124 469 1355 510 offensione
1386 468 1531 510 iudicii

198 529 420 570 hominum
458 528 651 569 miserias
688 528 992 582 ponderamus3
1030 542 1137 582 quae
1172 527 1313 569 fateor
1343 526 1532 568 humana.

199 602 291 629 esse
321 590 363 629 et
388 587 536 628 multis
562 586 686 628 bonis
712 586 815 627 viris
841 586 1054 628 accidisse.
1098 584 1278 627 Sceleris
1304 587 1370 627 est
1393 600 1532 641 poena

198 647 337 688 tristis
377 648 420 687 et
450 648 620 700 praeter
651 659 723 686 eos
756 647 949 699 eventus,
989 644 1060 699 qui
1091 647 1342 699 sequuntur,
1378 659 1455 699 per
1486 658 1531 686 se

198 705 293 760 ipsa
325 704 510 746 maxima
542 706 618 745 est.
678 703 874 744 Vidimus
907 718 991 757 eos,
1024 703 1096 757 qui
1125 703 1208 744 nisi
1240 703 1429 744 odissent
1459 718 1532 758 pa-

199 764 346 817 triam,
375 777 609 817 numquam
639 762 801 804 inimici
831 762 956 804 nobis
989 761 1186 815 fuissent,
1219 762 1406 803 ardentis
1438 764 1532 803 tum

199 823 451 877 cupiditate,
483 824 576 863 tum
607 822 741 875 metu,
773 824 865 862 tum
897 820 1168 875 conscientia,
1201 820 1404 875 quidquid
1436 834 1533 876 age-

198 885 303 935 rent,
335 881 460 922 modo
493 880 697 934 timentis,
728 880 917 921 vicissim
949 879 1260 921 contemnentis
1288 879 1532 935 religiones,

198 940 354 982 iudicia
389 942 596 995 perrupta
633 939 686 980 ab
723 939 859 980 isdem
897 939 1141 993 corruptela
1171 938 1410 992 hominum,
1447 953 1534 979 non

201 1000 387 1041 deorum.
456 998 701 1053 Reprimam
751 998 838 1039 iam
888 1000 931 1039 et
975 1011 1062 1038 non
1104 997 1305 1051 insequar
1347 997 1531 1052 longius,

199 1072 333 1112 eoque
364 1057 517 1111 minus,
550 1072 633 1112 quo
664 1057 762 1111 plus
794 1071 1029 1111 poenarum
1059 1056 1196 1097 habeo
1229 1070 1356 1110 quam
1382 1056 1533 1110 petivi3

198 1120 369 1159 tantum
399 1131 557 1171 ponam
589 1116 722 1169 brevi7
753 1115 965 1169 duplicem
995 1129 1177 1169 poenam
1210 1129 1301 1155 esse
1333 1114 1533 1168 divinam,

200 1176 312 1230 quod
344 1178 510 1218 constet
542 1190 592 1216 ex
623 1174 824 1216 vexandis
856 1174 1051 1215 vivorum
1083 1173 1235 1214 animis
1267 1175 1310 1214 et
1340 1187 1390 1214 ea
1416 1173 1533 1214 fama

199 1238 483 1287 mortuorum,
520 1236 568 1275 ut
606 1248 753 1275 eorum
791 1232 966 1274 exitium
1005 1234 1047 1273 et
1077 1232 1231 1274 iudicio
1263 1231 1457 1273 vivorum
1490 1234 1533 1273 et

200 1295 355 1351 gaudio
389 1293 685 1347 conprobetur.

288 1353 398 1408 Agri
436 1354 579 1393 autem
615 1366 668 1392 ne
700 1352 1015 1404 consecrentur,
1052 1349 1225 1391 Platoni
1255 1363 1431 1404 prorsus
1463 1349 1532 1390 ad-

201 1412 379 1466 sentior,
423 1411 512 1465 qui,
556 1411 593 1452 si
631 1410 757 1452 modo
794 1409 1069 1464 interpretari
1105 1411 1302 1463 potuero,
1339 1408 1406 1449 his
1443 1407 1532 1449 fere

200 1471 342 1514 verbis
381 1470 534 1511 utitur:
573 1469 750 1510 ‘Terra
785 1468 948 1525 igitur
985 1470 1039 1509 ut
1073 1467 1216 1509 focus
1248 1466 1533 1508 domicilio-

200 1546 307 1572 rum
357 1543 502 1571 sacra
551 1528 753 1570 deorum
798 1527 1016 1569 omnium
1054 1529 1148 1579 est3
1193 1525 1432 1580 quocirca
1473 1539 1532 1567 ne

202 1590 314 1644 quis
357 1588 542 1629 iterum
585 1587 715 1629 idem
756 1588 1065 1628 consecrato.
1136 1586 1325 1625 Aurum
1365 1586 1531 1625 autem

202 1652 251 1690 et
283 1649 551 1702 argentum
583 1647 633 1687 in
664 1646 876 1687 urbibus
903 1647 950 1685 et
975 1643 1223 1699 privatim
1249 1645 1297 1684 et
1321 1643 1372 1684 in
1395 1643 1532 1684 fanis

201 1707 461 1749 invidiosa
490 1720 570 1747 res
604 1707 691 1746 est.
752 1704 873 1745 Tum
906 1704 1027 1744 ebur
1058 1717 1116 1743 ex
1147 1702 1288 1743 inani
1320 1715 1533 1757 corpore

203 1767 488 1808 extractum
518 1764 650 1805 haud
682 1763 813 1805 satis
845 1764 1039 1803 eastum
1072 1761 1253 1802 donum
1279 1760 1379 1802 deo.
1427 1759 1534 1802 Iam

204 1840 286 1867 aes
319 1827 470 1878 atque
495 1823 686 1864 ferrum
712 1821 872 1863 duelli
895 1821 1257 1873 instrumenta,
1287 1833 1387 1861 non
1410 1818 1533 1861 fani.

202 1883 448 1939 Ligneum
487 1884 670 1934 autem,
709 1880 840 1935 quod
875 1881 1066 1935 quisque
1104 1878 1346 1932 voluerit,
1382 1892 1478 1919 uno
1511 1891 1533 1919 e

202 1944 346 1999 ligno
402 1941 569 1982 dicato
625 1941 849 1994 itemque
898 1938 1155 1994 lapideum
1204 1937 1255 1978 in
1305 1936 1533 1978 delubris

204 2000 572 2054 communibus,
615 1999 800 2040 textile
842 2012 901 2038 ne
942 1997 1208 2053 operosius
1249 2010 1398 2050 quam
1434 2010 1535 2036 mu-

204 2060 350 2103 lieris
401 2073 526 2113 opus
576 2060 897 2100 menstruum.
973 2055 1126 2098 Color
1175 2057 1343 2096 autem
1386 2054 1535 2096 albus

202 2118 474 2175 praecipue
507 2117 718 2158 decorus
745 2117 833 2157 deo
861 2118 936 2156 est
962 2129 1106 2169 quom
1132 2114 1182 2155 in
1207 2116 1395 2167 cetero,
1427 2115 1535 2154 tum

203 2178 415 2220 maxime
457 2177 508 2217 in
550 2175 742 2229 textili3
786 2174 951 2216 tincta
993 2188 1110 2215 vero
1154 2172 1326 2214 absint
1367 2171 1469 2213 nisi
1509 2186 1534 2213 a

202 2236 408 2278 bellicis
452 2234 756 2290 insignibus.
818 2232 1155 2274 Divinissima
1198 2233 1364 2273 autem
1406 2230 1535 2271 dona

202 2310 320 2338 aves
359 2298 407 2336 et
444 2294 635 2335 formae
674 2293 733 2334 ab
772 2307 866 2334 uno
904 2292 1101 2346 pictore
1132 2304 1230 2331 uno
1264 2289 1535 2331 absolutae

1551 713 1584 738 10

1552 1006 1584 1031 15

1553 1299 1586 1324 20

1551 1593 1585 1619 25

1552 1888 1586 1913 30

1552 2182 1586 2208 35

1670 1015 1684 1039 15
