1685 2568
21 772 53 797 10

20 1065 53 1090 15

19 1358 54 1384 20

22 1651 55 1676 25

23 1944 57 1969 30

25 2237 58 2264 35

413 137 502 172 LIB.
528 136 590 172 III.
617 136 717 172 CAP.
747 140 849 171 6—8.
877 141 895 178 ξ
924 141 1071 171 14-20,
1326 138 1408 178 113

71 236 115 275 615
152 233 332 275 terrenis
370 248 457 275 non
493 246 719 288 possumus
759 231 914 286 dicere,
951 246 1047 274 cum
1085 246 1134 273 ea
1164 232 1287 286 fiant,
1324 248 1409 274 non

71 306 163 333 esse
205 292 387 346 multos,
429 292 501 346 qui
537 291 615 332 1116
652 292 847 332 metuant
879 293 921 332 et
953 305 978 331 a
1010 290 1074 331 dis
1106 291 1409 332 inmortalibus

70 351 163 392 fieri
202 350 478 404 existument3
516 349 589 391 sed
619 363 706 390 non
737 349 779 389 id
813 349 1049 403 quaeritur,
1089 350 1231 390 sintne
1264 350 1408 403 aliqui,
1438 360 1478 390 17

72 410 144 463 qui
177 409 276 450 deos
311 423 402 450 esse
433 410 597 463 putent,
630 407 672 448 di
704 410 848 448 utrum
879 407 966 448 sint
997 422 1128 449 necne
1155 408 1254 461 sint,
1288 422 1411 461 quae-

72 468 192 509 ritur.
255 467 368 509 Nam
406 466 594 521 reliquae
633 481 803 521 causae,
845 480 950 519 quas
989 465 1221 508 Cleanthes
1261 466 1411 520 adfert,

73 541 253 580 quarum
278 541 363 568 una
389 528 453 567 est
479 525 528 566 de
554 526 886 579 commodorum,
913 539 1020 579 quae
1047 525 1251 579 capimus,
1278 525 1412 580 copia,

73 586 210 626 altera
249 584 298 626 de
336 587 580 639 temporum
619 584 765 625 ordine
798 584 988 638 caelique
1021 584 1281 637 constantia,
1319 587 1412 625 tum

72 643 374 685 tractabuntur
400 658 425 684 a
450 643 586 695 nobis,
613 657 709 684 cum
736 642 1051 697 disputabimus
1073 643 1122 684 de
1142 642 1413 697 providentia

73 702 258 755 deorum,
285 701 334 743 de
362 716 446 756 qua
471 701 657 756 plurima
678 717 703 742 a
721 703 775 756 te,
795 700 943 756 Balbe,
968 701 1082 743 dicta
1102 703 1219 755 sunt,
1246 701 1410 743 eodem·
1440 710 1480 742 18

73 775 153 814 que
196 760 272 801 illa
316 759 446 801 etiam
490 759 752 814 differemus,
798 760 910 814 quod
948 758 1237 815 Chrysippum
1276 760 1413 802 dicere

75 819 237 873 aiebas,
270 819 472 873 quoniam
505 821 619 860 esset
651 819 813 873 aliquid
844 819 889 860 in
920 833 1063 860 rerum
1094 822 1268 873 natura,
1301 819 1414 873 quod

72 877 125 918 ab
158 877 329 919 homine
363 877 474 919 effici
504 892 591 919 non
622 880 780 932 posset,
813 891 905 919 esse
938 877 1100 932 aliquid
1131 878 1304 919 homine
1330 892 1414 919 me-

70 936 166 990 lius,
188 950 379 990 quaeque
398 936 443 977 in
464 936 589 978 domo
610 936 790 991 pulchra
810 951 904 978 cum
925 936 1242 991 pulchritudine
1268 937 1413 977 mundi

72 995 366 1049 comparabas,
398 997 441 1036 et
473 1010 568 1037 cum
593 996 733 1037 rtotius
767 995 913 1036 mundi
945 995 1287 1037 convenientiam
1319 1010 1414 1037 con-

74 1068 328 1108 sensumque
369 1053 609 1108 adferebas,
653 1054 918 1108 Zenonisque
955 1054 1098 1095 brevis
1138 1056 1181 1095 et
1219 1055 1413 1096 acutulas

74 1112 366 1154 conclusiones
410 1112 455 1153 in
498 1127 592 1154 eam
635 1115 804 1167 partem
849 1113 1075 1165 sermonis,
1121 1127 1249 1167 quam.
1287 1113 1413 1155 modo

75 1171 178 1225 dixi,
211 1171 472 1224 differemus,
511 1172 742 1225 eodemque
773 1173 967 1226 tempore
998 1171 1076 1212 illa
1108 1172 1269 1226 omnia,
1308 1186 1415 1226 quae

76 1244 101 1271 a
132 1232 186 1283 te,
218 1229 406 1284 physice,
440 1230 555 1271 dicta
586 1232 685 1271 sunt
718 1230 768 1270 de
799 1230 841 1270 vi
872 1230 1000 1285 ignea
1026 1229 1160 1284 deque
1187 1244 1235 1271 eo
1263 1231 1416 1284 calore,

75 1303 124 1329 ex
163 1302 245 1342 quo
279 1288 422 1330 omnia
454 1288 650 1344 generari
682 1288 870 1342 dicebas,
908 1289 1002 1330 loco
1036 1303 1112 1329 suo
1146 1291 1415 1343 quaerentur,

74 1347 318 1401 omniaque,
357 1361 464 1401 quae
504 1362 528 1388 a
564 1349 607 1388 te
644 1347 798 1388 nudius
830 1347 984 1388 tertius
1017 1347 1131 1389 dicta
1163 1350 1280 1402 sunt,
1320 1362 1415 1390 cum

76 1406 224 1447 docere
256 1406 389 1447 velles
424 1406 523 1447 deos
551 1420 655 1460 esse,
688 1420 818 1460 quare
845 1408 888 1447 et
913 1406 1095 1447 mundus
1122 1406 1346 1448 universus
1373 1409 1416 1448 et

76 1465 140 1506 sol
173 1467 215 1505 615
247 1464 350 1506 luna
381 1466 424 1506 et
456 1465 607 1506 stellae
634 1479 807 1506 sensum
833 1479 881 1506 ac
906 1467 1094 1507 mentem
1119 1464 1341 1519 haberent,
1372 1465 1418 1506 in

75 1523 187 1565 idem
220 1525 389 1578 tempus
421 1523 663 1566 reservabo.
713 1523 753 1564 A
779 1526 822 1564 te
849 1526 993 1565 autem
1018 1524 1131 1565 idem
1150 1524 1259 1565 illud
1285 1524 1416 1565 etiam
1444 1533 1487 1563 19

76 1584 204 1636 atque
244 1582 374 1624 etiam
414 1597 635 1637 quaeram,
675 1582 829 1636 quibus
861 1582 1101 1624 rationibus
1132 1582 1215 1624 tibi
1245 1597 1417 1638 persua-

76 1641 176 1682 deas
215 1640 315 1682 deos
348 1655 451 1683 esse.
513 1641 622 1683 Tum
654 1640 835 1683 Balbus:
876 1641 1089 1696 Equidem
1121 1641 1320 1683 attulisse
1352 1656 1417 1683 ra·
1443 1643 1468 1684 8

75 1699 214 1741 tiones
246 1699 353 1740 mihi
384 1700 542 1754 videor,
575 1700 649 1742 sed
671 1714 747 1742 -eas
772 1703 821 1742 tu
846 1700 909 1742 ita
935 1699 1109 1755 refellis,
1141 1702 1201 1754 ut,
1228 1715 1323 1742 cum
1349 1715 1416 1742 me

74 1758 419 1814 interrogaturus
459 1773 550 1800 esse
586 1759 757 1801 videare
790 1761 833 1800 et
865 1772 944 1814 ego
977 1773 1044 1800 me
1077 1759 1131 1800 ad
1161 1759 1417 1814 responden-

76 1817 174 1858 dum
210 1817 514 1872 compararim,
552 1820 728 1873 repente
762 1820 932 1859 avertas
964 1818 1204 1860 orationem
1234 1832 1312 1860 nec
1344 1818 1417 1860 des

76 1876 359 1930 respondendi
390 1877 543 1918 locum.
592 1876 745 1931 Itaque
777 1877 989 1918 maximae
1020 1891 1088 1918 res
1115 1876 1273 1918 tacitae
1298 1891 1418 1932 prae-

77 1935 301 1985 terierunt,
346 1935 396 1977 de
440 1935 720 1990 divinatione,
765 1935 814 1977 de
855 1935 965 1990 fato,
1011 1936 1164 1990 quibus
1204 1935 1254 1977 de
1294 1950 1418 1990 quae-

78 1992 287 2034 stionibus
312 1995 360 2035 tu
381 1994 551 2049 quidem
572 1994 770 2048 strictim,
796 1995 935 2036 nostri
956 1997 1099 2036 autem
1119 1994 1258 2035 multa
1278 1995 1419 2036 solent

77 2051 227 2105 dicere,
254 2052 327 2093 sed
351 2053 405 2094 ab
430 2053 511 2095 hac
537 2067 587 2095 ea
606 2053 868 2108 quaestione,
895 2068 1003 2108 quae
1022 2068 1135 2095 nunc
1154 2053 1199 2094 in
1220 2053 1417 2095 manibus

78 2112 155 2163 est,
187 2113 452 2165 separantur.
502 2111 653 2166 Quare,
685 2112 722 2153 si
746 2112 926 2167 videtur,
957 2112 1049 2153 noli
1076 2126 1204 2168 agere
1231 2112 1418 2167 confuse,

76 2170 125 2209 ut
156 2168 238 2210 hoc
269 2169 525 2224 explicemus
556 2171 638 2213 hac
670 2170 972 2226 disputatione,
1005 2171 1119 2226 quod
1151 2171 1382 2225 quaeritur.

165 2226 348 2282 Optime,
379 2228 518 2283 inquit
544 2228 684 2271 Cotta.
732 2229 884 2284 Itaque
912 2230 1114 2284 quoniam
1142 2231 1347 2284 quattuor
1372 2229 1417 2269 in
1442 2235 1487 2267 20

77 2288 222 2340 partes
260 2288 399 2328 totam
431 2288 726 2341 quaestionem
758 2288 943 2331 divisisti
975 2288 1026 2330 de
1057 2289 1282 2344 primaque
1315 2287 1416 2328 dixi-

77 2359 183 2399 mus,
214 2344 527 2388 consideremus
560 2347 805 2403 secundam3
838 2361 945 2404 quae
977 2347 1084 2388 mihi
1115 2347 1218 2388 talis
1245 2345 1417 2388 videtur

150 2419 221 2447 cm.
241 2420 295 2446 1v.
315 2421 340 2447 ε.
1110 2420 1132 2452 8
