1685 2568
515 103 793 141 ADNOTATIO
822 102 1022 139 CRITICA.
1297 102 1434 138 XXVII

100 201 296 245 finitimum
320 201 452 245 optimo
476 210 548 243 quo
573 197 684 233 modo
708 197 747 232 id
773 197 849 232 dici
873 207 989 242 genus
1014 197 1150 242 possit,
1181 196 1279 240 quod
1305 195 1354 230 sit
1377 197 1434 231 de-

100 249 302 290 terrimum,
333 258 408 283 non
438 245 627 291 intellego.
678 243 869 289 Optimum
894 243 1060 289 Scipioni
1083 243 1124 277 id
1148 243 1311 286 videtur,
1338 243 1434 286 quod

99 294 152 330 sit
181 294 381 329 conflatum
411 304 431 328 e
462 292 579 328 tribus
611 294 679 336 (35.
713 296 768 335 54,
800 296 856 327 45.
889 295 950 333 693
991 290 1035 324 ef.
1073 302 1109 335 p.
1142 294 1220 325 291.
1253 292 1299 333 9),
1337 289 1437 332 quod

100 340 257 376 maxime
289 340 446 386 probare
479 350 517 374 se
549 338 661 374 etiam
698 338 827 383 paucis
858 337 1024 372 versibus
1061 338 1148 371 ante
1187 336 1290 370 dixit.
1340 335 1437 370 Fini-

99 389 233 423 timum
263 390 386 422 autem
416 386 557 431 optimo
589 386 672 420 vult
701 396 781 421 esse
811 385 955 430 regium
987 387 1035 429 (p.
1061 388 1141 418 296.
1169 388 1188 418 9
1216 385 1317 428 ete.);
1349 393 1437 427 ergo

101 435 204 478 vide,
229 446 292 479 ne,
320 445 401 469 cum
421 433 534 468 verba
555 433 751 477 finitimum
775 434 907 478 optimo
933 443 966 466 v.
987 436 1030 466 32
1057 432 1143 475 post
1165 441 1278 476 yenus
1302 430 1439 464 omissa

100 483 241 525 essent,
266 482 310 516 ut
332 480 515 524 reliquum
535 480 633 514 esset
650 490 763 525 yenus
786 483 835 523 et,
859 479 992 524 postea
1015 477 1107 512 falso
1133 489 1168 512 v.
1189 481 1234 512 33
1260 476 1439 521 scriptum

102 529 151 564 sit
182 539 295 575 yenus
325 532 358 564 et
386 528 581 571 finitimum
611 528 754 571 optimo.
788 547 832 552 —
863 525 904 560 P.
935 529 1014 560 302.
1048 529 1089 560 16
1128 529 1307 559 auctorem
1338 522 1438 565 Zell.,

100 575 209 620 Bait,
241 586 370 611 morem
403 574 494 617 cod.,
526 573 648 608 Halm.
681 594 724 599 —
755 572 796 608 P.
829 576 908 608 302.
943 576 988 607 25
1025 573 1117 607 cedit
1153 570 1252 605 Maio
1290 571 1439 605 auctore

101 622 208 666 Bait„
240 623 359 658 evadit
387 620 437 655 M.
470 620 636 664 Seyffert.
673 620 848 655 Zeitschr.
881 618 905 654 f.
939 619 972 653 d.
1006 619 1047 654 G.
1074 618 1132 652 W.
1159 617 1224 652 XV
1250 629 1285 662 p.
1313 621 1368 652 66.
1395 637 1439 642 —

100 669 142 704 Ρ.
168 673 246 705 303.
282 674 302 704 3
338 673 524 713 tauquam
556 668 594 702 et
623 678 658 702 v.
691 672 711 703 6
743 678 916 712 uuquam
946 666 1038 709 eod.,
1063 665 1184 700 Halm.
1234 664 1332 699 Illud
1356 675 1440 698 nus-

101 727 213 761 quam
235 716 275 751 in
298 715 357 750 his
383 715 506 757 libris,
538 714 608 749 hoc
640 713 698 749 bis
731 714 834 749 terve
861 724 880 748 e
907 712 986 748 eod.
1013 712 1115 748 Leid.
1141 711 1174 746 A
1199 713 1256 756 (ut
1280 712 1441 756 numquis

101 764 141 798 et
164 764 377 808 quenquam)
402 762 573 797 notatum
596 772 655 796 me
680 760 846 795 invenire
871 759 1034 795 memini.
1061 780 1105 786 ·-
1129 758 1170 794 P.
1197 763 1276 793 303.
1305 763 1345 794 17
1363 769 1440 802 sqq.

101 810 284 845 Punctum
321 810 386 844 aut
425 809 533 843 colon
568 809 655 853 post
690 808 949 852 firmitudinem
988 818 1073 852 pon.
1116 805 1285 852 plerique
1323 805 1441 848 editt,
1481 846 1486 850 .

100 857 250 892 fuerunt
280 856 393 891 etiam
424 855 488 900 qui
516 867 604 891 nam
634 858 700 891 aut
732 856 827 890 enim
865 855 930 890 aut
965 855 1140 900 siquidem
1177 852 1286 887 initio
1322 862 1441 887 novae

102 903 249 950 periodi
274 915 296 939 a
319 904 414 950 quod
438 902 652 948 incipientis
677 903 875 947 ponerent3
900 902 939 936 in
959 912 1030 945 quo
1050 911 1125 935 non
1149 899 1330 944 intellego
1352 898 1442 943 quid

103 951 152 986 sit
182 952 286 996 quod.
336 950 415 995 Ego
448 950 500 984 sic
531 949 769 995 interpretor:
808 949 912 984 Haec
942 949 1149 984 constitutio
1178 947 1283 982 habet
1313 958 1442 991 aequa-

102 1000 276 1034 bilitatem
305 1002 338 1033 et
365 998 624 1042 firmitudinem
654 1001 862 1042 propterea,
900 997 1011 1041 quod,
1049 1006 1129 1030 cum
1165 999 1198 1029 et
1234 995 1301 1028 illa
1336 994 1444 1037 facile

103 1049 356 1081 convertantur
386 1049 419 1080 et
447 1055 578 1091 genera
611 1054 714 1089 saepe
743 1047 1019 1086 commutentur,
1049 1043 1114 1078 hoc
1143 1043 1186 1077 in
1208 1042 1277 1076 hac
1302 1041 1441 1083 coufor-

102 1094 258 1128 matioue
287 1093 364 1127 sine
393 1092 536 1145 muym's
565 1092 665 1126 vitiis
694 1102 769 1126 non
797 1091 906 1134 ferme
936 1090 1059 1125 evenit.
1090 1109 1137 1114 —
1168 1088 1208 1123 P.
1243 1092 1321 1122 304.
1349 1091 1368 1121 8
1389 1098 1432 1131 sq
1503 1100 1506 1103 ·

102 1144 204 1174 tuum
221 1140 363 1184 quidem
380 1148 493 1173 umus
510 1136 653 1179 Moser„
675 1137 775 1178 Zell.,
800 1136 939 1171 Alanus
963 1136 1120 1170 ‘obser-v.
1140 1135 1180 1169 in
1197 1135 1281 1169 loca
1301 1134 1446 1178 aliquot

104 1185 194 1220 Cic?
222 1197 257 1231 p.
286 1189 328 1220 15
346 1196 412 1229 sq.‚
444 1184 551 1226 Bait,
582 1189 683 1219 tuum
714 1184 855 1229 quidem
884 1194 1016 1218 munus
1047 1182 1140 1226 cod„
1171 1186 1273 1216 tuum
1303 1183 1444 1226 quidem

100 1234 214 1268 unius
243 1243 376 1267 munus
404 1231 604 1274 Heinrich„
636 1232 793 1266 debitum
830 1232 971 1275 quidem
1007 1240 1139 1265 munus
1175 1228 1296 1263 Halm.
1330 1249 1373 1254 —-
1404 1229 1444 1262 P.

103 1284 182 1315 304.
215 1284 258 1319 11
277 1290 330 1323 sq.
362 1279 556 1314 habeamus
584 1277 760 1323 Madvig,
792 1277 924 1319 Halm,
960 1277 1053 1311 Bait.
1093 1275 1233 1311 certiss.
1265 1275 1367 1318 fals,
1404 1275 1447 1308 ut

104 1325 197 1361 mihi
222 1325 380 1361 videtur.
424 1325 519 1360 Nam
545 1325 615 1360 etsi
644 1324 891 1371 ‘apertissime
917 1323 1149 1368 significatur
1172 1333 1270 1356 nunc
1297 1321 1446 1366 quidem

105 1373 210 1409 illum
229 1374 366 1408 statum
384 1383 459 1407 non
472 1373 581 1415 esse’,
601 1372 640 1407 id
654 1384 729 1407 non
748 1371 981 1416 significatur
992 1370 1114 1406 verbis
1128 1371 1161 1405 si
1177 1371 1358 1412 habemus,
1380 1368 1443 1404 sed

102 1422 170 1456 etsi
193 1431 239 1456 ‘ne
261 1431 361 1456 nuuc
384 1421 536 1465 quidem.
558 1440 600 1446 -
621 1420 661 1454 P.
682 1424 760 1454 304.
785 1424 826 1454 12
853 1423 929 1454 tum
952 1430 1000 1453 m.
1026 1423 1059 1459 2,
1085 1422 1172 1453 tunc
1189 1429 1237 1451 m.
1261 1421 1291 1458 1,
1311 1416 1444 1459 Halm,

105 1467 217 1510 Bait.;
245 1466 289 1502 cf.
315 1478 351 1512 p.
375 1471 453 1502 188.
474 1471 530 1502 29.
557 1474 601 1493 ‘—
626 1466 667 1502 P.
687 1471 766 1502 304.
787 1471 830 1501 21
857 1465 1010 1500 Frustra
1034 1464 1195 1508 laboret,
1222 1463 1285 1507 qui
1309 1463 1349 1497 in
1373 1463 1445 1498 hoc

106 1526 214 1550 versu
240 1513 470 1549 emendando
496 1524 647 1559 operam
673 1514 876 1549 consumat.
925 1512 1135 1547 Admodum
1163 1511 1259 1545 nihil
1283 1510 1446 1545 tribuen-

105 1562 192 1596 dum
217 1561 366 1596 videtur
390 1560 504 1595 Plinii
528 1560 760 1605 auctoritati,
785 1561 958 1604 recteque
986 1558 1199 1594 Ciceronem
1223 1557 1349 1603 potius
1375 1557 1444 1591 Lu—

105 1608 184 1643 cilii
215 1619 363 1643 versum
392 1607 592 1643 tradidisse
624 1608 670 1643 de
703 1619 754 1642 or.
785 1608 820 1642 II
853 1612 883 1643 6.
917 1611 960 1641 25
994 1617 1063 1651 ego
1095 1616 1239 1650 quoque
1270 1604 1446 1639 arbitror:

108 1656 272 1691 Persium
301 1666 377 1691 ‘non
409 1666 495 1691 euro
530 1656 657 1701 legere,
689 1655 859 1690 Laelium
890 1653 1091 1689 Decumum
1121 1653 1209 1688 volo.
1234 1651 1279 1687 V.
1328 1651 1444 1686 Lucil.

107 1703 254 1737 Lachm.
287 1706 367 1746 859,
402 1701 487 1737 Luc.
520 1701 646 1737 Muell.
677 1702 797 1737 XXVI
829 1706 849 1736 2
882 1702 921 1736 et
950 1700 1069 1735 XXIX
1095 1704 1150 1735 99.
1178 1719 1222 1725 —
1252 1698 1293 1733 Ρ.
1320 1703 1398 1733 305.
1426 1702 1446 1733 6

102 1751 290 1785 sermonis
315 1749 437 1794 codd„
457 1760 716 1794 sermonemque
734 1749 834 1794 vulg.
861 1769 905 1774 —
931 1748 970 1782 P.
991 1751 1069 1783 307.
1091 1751 1111 1782 5
1131 1747 1264 1792 populi
1288 1746 1449 1781 Romani

105 1796 164 1832 Du
183 1796 288 1840 Rieu,
308 1796 442 1841 Halm„
467 1796 562 1837 Bait.
583 1807 659 1831 non
683 1798 794 1840 reete,
820 1795 862 1829 ut
885 1794 1051 1830 ostendit
1070 1794 1228 1829 StrelitZ.
1247 1805 1284 1839 p.
1307 1797 1362 1836 10,
1382 1804 1447 1838 po—

102 1845 373 1891 puliririyiuem
391 1855 438 1878 m.
462 1849 492 1878 1.
513 1864 557 1869 —
578 1843 618 1878 Ρ.
638 1847 717 1879 307.
738 1848 783 1878 24
803 1843 942 1878 adulev.
961 1842 1076 1885 Bait.;
1096 1853 1130 1876 v.
1144 1841 1193 1876 ad
1211 1852 1248 1886 p.
1263 1844 1318 1875 36.
1334 1844 1390 1875 23.
1404 1861 1447 1865 —

108 1891 147 1926 Ρ.
190 1894 268 1926 308.
310 1895 328 1926 1
369 1891 664 1937 Aboriqinumve
701 1890 800 1934 vulg.
840 1889 939 1923 haud
977 1888 1053 1924 seio
1091 1899 1139 1922 an
1179 1886 1301 1922 verius
1339 1897 1448 1931 quam

107 1938 226 1973 Halm.
265 1940 302 1974 et
331 1937 427 1972 Bait.
455 1958 498 1964 ——
529 1949 604 1983 que.
655 1936 747 1971 Cum
776 1936 835 1972 bis
868 1936 1008 1982 scripta
1038 1935 1115 1971 sint
1143 1935 1236 1970 haec
1266 1934 1380 1969 verba
1409 1933 1449 1968 in

109 1985 201 2029 eod.,
225 1985 345 2020 Halm.
365 1984 526 2030 primum
549 1996 572 2030 q
592 1995 769 2030 supersor.
795 1995 854 2028 ue,
880 1983 1016 2018 iterum
1034 1995 1072 2029 q,
1098 1981 1184 2016 Mai.
1208 1981 1344 2028 ‘priore
1364 1981 1447 2016 loco

108 2032 188 2077 que’
217 2032 396 2077 scriptum
421 2043 500 2067 esse
525 2032 702 2074 testatur,
728 2031 845 2066 altero
871 2030 988 2076 igitur
1010 2042 1051 2066 ve
1069 2028 1222 2065 invenit.
1244 2049 1288 2055 —
1307 2029 1346 2063 P.
1367 2031 1446 2063 308.

112 2083 154 2114 17
186 2080 266 2124 quis
296 2080 342 2114 sit
372 2090 420 2114 m.
449 2084 480 2123 1,
505 2078 638 2122 Halm,
664 2078 759 2114 Bait.
787 2099 830 2105 —
861 2078 900 2113 P.
927 2081 1007 2113 308.
1033 2082 1078 2113 35
1104 2078 1211 2112 etiam
1236 2075 1348 2120 vulg,
1374 2076 1448 2110 iam

110 2125 202 2168 cod,
221 2125 353 2169 Halm„
372 2125 468 2161 Bait.
490 2146 534 2152 —
554 2127 592 2160 P.
614 2129 693 2161 309.
715 2130 798 2170 6sq.
819 2127 1024 2161 civitatum
1040 2136 1089 2159 m.
1111 2129 1142 2167 2,
1162 2122 1270 2166 Bait,
1290 2124 1449 2158 civitatis

108 2184 156 2207 m.
185 2177 215 2216 1,
242 2173 442 2208 civitatium
466 2172 566 2218 vulg.
593 2193 637 2199 —-
662 2172 703 2208 P.
731 2177 809 2208 309.
833 2177 875 2208 19
900 2174 1060 2218 yenitum
1083 2183 1131 2206 m.
1158 2175 1190 2214 2,
1216 2171 1375 2216 qentzssum
1398 2181 1446 2203 m.

112 2225 142 2261 1,
169 2219 268 2264 vulg.
296 2239 340 2245 —
365 2220 404 2254 P.
430 2224 508 2255 309.
535 2225 580 2255 26
595 2231 648 2264 sq.
675 2232 698 2255 a
722 2221 818 2255 mom-i
841 2231 888 2254 m.
916 2224 948 2262 2,
974 2231 1018 2255 ex
1042 2220 1202 2254 marim.
1224 2222 1256 2260 1,
1281 2216 1380 2260 vulg.
1403 2237 1446 2241 —

109 2265 150 2301 P.
178 2271 256 2301 309.
283 2270 327 2301 28
351 2270 394 2301 ut
416 2278 464 2301 m.
490 2271 523 2310 2,
554 2267 639 2301 incl.
665 2267 786 2301 Halm.
819 2267 858 2302 et
880 2266 975 2301 Bait.
1003 2287 1046 2292 —
1077 2266 1117 2300 P.
1145 2268 1222 2300 309.
1250 2268 1294 2299 29
1327 2265 1447 2298 absor-

110 2315 203 2350 beret
221 2314 369 2348 Baitero
395 2312 648 2359 incorruptum
673 2314 830 2358 videtur,
856 2313 922 2348 alii
940 2313 1049 2348 multi
1062 2312 1182 2348 multa
1199 2311 1447 2356 temptarunt:
