1685 2568
127 642 168 673 43

197 67 283 108 396
716 67 779 102 DE
806 67 1011 102 LEGIBUS

195 162 469 217 prohibendi3
501 178 630 229 quam
656 163 729 218 qui
753 164 938 219 ignorat,
969 164 1007 205 is
1033 166 1099 205 est
1123 163 1322 217 iniustus,
1352 163 1442 206 sive
1468 165 1534 205 est

195 221 273 263 illa
316 222 478 276 scripta
520 222 689 277 uspiam
739 223 827 264 sive
873 237 1098 276 nusquam.
1163 197 1324 270 Quodsi
1365 222 1534 264 iustitia

195 282 262 321 est
293 280 607 336 obtemperatio
640 281 812 335 scriptis
841 281 1010 336 legibus
1036 280 1332 335 institutisque
1358 281 1534 335 populo-

190 353 301 393 rum,
334 342 377 381 et
408 340 457 393 si,
487 342 536 381 ut
567 339 704 381 eidem
736 340 893 393 dicunt,
923 339 1114 380 utilitate
1146 339 1290 381 omnia
1320 339 1535 381 metienda

195 400 312 452 sunt,
345 399 549 454 negleget
580 399 698 454 leges
730 412 886 452 easque
916 400 1183 453 perrumpet,
1215 398 1252 439 si
1282 398 1454 453 poterit,
1485 398 1534 451 is,

194 457 268 511 qui
299 456 382 498 sibi
415 472 509 498 eam
541 471 631 498 rem
661 456 929 498 fructuosam
954 457 1127 511 putabit
1151 456 1255 498 fore.
1304 456 1373 498 Ita
1397 457 1459 510 fit,
1487 459 1536 497 ut

193 515 315 556 nulla
350 516 408 556 sit
433 516 606 557 omnino
632 515 811 569 iustitia,
838 515 874 557 si
899 530 1036 570 neque
1059 518 1217 557 natura
1242 517 1319 569 est,
1352 530 1402 556 ea
1428 529 1535 569 quae

192 576 372 628 propter
413 575 649 615 utilitatem
688 574 983 628 constituitur,
1024 577 1062 615 eb
1105 574 1295 615 utilitate
1330 574 1408 615 illa
1440 588 1534 615 con-

194 633 381 674 vellitur.
437 633 598 687 Atque,
634 632 671 674 si
701 635 858 674 natura
889 633 1197 675 confirmatura
1226 633 1293 674 ius
1323 647 1411 674 non
1443 632 1536 687 erit,

192 693 359 733 virtutes
389 705 524 733 omnes
554 692 781 746 tollentur3
817 691 893 733 ubi
924 691 1037 733 enim
1069 692 1328 746 liberalitas,
1358 691 1433 733 ubi
1464 706 1535 746 pa-

193 750 303 791 triae
346 750 523 803 caritas,
566 750 640 791 ubi
684 750 841 805 pietas,
884 750 959 792 ubi
1000 753 1074 792 aut
1112 751 1219 792 bene
1257 750 1448 792 merendi
1485 750 1536 791 de

195 809 332 851 altero
359 811 434 850 aut
459 809 704 850 referendae
731 810 897 864 gratiae
922 809 1123 851 voluntas
1144 809 1305 864 poterit
1325 809 1535 851 existere?

194 883 296 909 nam
327 868 433 909 haec
463 871 699 909 nascuntur
731 883 780 909 ex
812 883 880 922 eo,
919 868 1020 922 quia
1049 871 1207 909 natura
1237 868 1440 923 propensi
1471 882 1537 909 su-

196 941 291 968 mus
324 927 378 967 ad
410 926 651 983 diligendos
683 927 896 981 homines,
929 927 1043 981 quod
1072 927 1399 968 fundamentum
1430 926 1535 968 iuris

196 988 273 1027 est.
328 984 479 1040 Neque
511 986 652 1027 solum
683 986 729 1027 in
759 986 953 1027 homines
987 986 1204 1040 obsequia,
1237 987 1310 1027 sed
1336 986 1467 1027 etiam
1492 985 1537 1026 in

197 1044 297 1086 deos
341 1044 625 1086 caerimoniae
670 1045 987 1100 religionesque
1029 1045 1261 1099 tolluntur,
1305 1059 1410 1099 quas
1450 1058 1537 1086 non

196 1106 325 1157 metu,
358 1103 432 1144 sed
463 1118 514 1145 ea
545 1103 853 1158 coniunctione,
886 1118 995 1158 quae
1027 1106 1093 1145 est
1123 1103 1288 1146 homini
1319 1118 1415 1145 cum
1446 1103 1536 1157 deo,

129 1164 180 1204 16
196 1162 509 1204 conservandas
541 1165 660 1217 puto.
710 1161 871 1211 Quodsi
901 1163 1161 1217 populorum
1188 1163 1329 1216 iussis,
1362 1163 1398 1203 si
1422 1162 1536 1216 prin-

126 1407 169 1438 44

126 2053 168 2086 45

195 1221 338 1276 cipum
364 1221 558 1276 decretis,
584 1222 622 1263 si
648 1222 873 1263 sententiis
898 1222 1083 1263 iudicum
1110 1222 1205 1263 iura
1230 1221 1536 1263 constitueren-

195 1283 284 1334 tur,
324 1280 390 1321 ius
433 1282 546 1322 esset
586 1281 855 1334 latrocinari,
894 1280 961 1322 ius
1003 1281 1263 1334 adulterare,
1303 1280 1368 1321 ius
1406 1282 1535 1321 testa-

195 1341 342 1380 menta
380 1338 491 1380 falsa
532 1354 791 1394 supponere,
832 1339 869 1380 si
906 1339 1010 1381 haec
1049 1339 1265 1395 suffragiis
1305 1341 1379 1380 aut
1416 1338 1534 1380 scitis

196 1398 484 1439 multitudinis
516 1399 814 1453 probarentur.
871 1397 988 1446 Quae
1020 1398 1058 1439 si
1089 1401 1213 1440 tanta
1243 1400 1438 1453 potestas
1470 1400 1537 1438 est

195 1457 429 1498 stultorum
461 1457 686 1499 sententiis
719 1460 849 1512 atque
880 1457 1029 1512 iussis,
1059 1459 1109 1498 ut
1140 1471 1288 1498 eorum
1319 1456 1535 1511 suffragiis

194 1531 337 1557 rerum
377 1518 534 1557 natura
571 1518 783 1570 vertatur,
824 1531 898 1558 cur
934 1530 1021 1558 non
1062 1516 1276 1570 sanciunt,
1318 1518 1384 1570 ut,
1428 1529 1535 1570 quae

195 1575 312 1616 mala
348 1575 672 1630 perniciosaque
705 1577 823 1630 sunt,
859 1575 1100 1616 habeantur
1130 1590 1208 1629 pro
1241 1574 1365 1616 bonis
1398 1576 1441 1615 et
1472 1588 1535 1615 sa-

195 1634 438 1675 lutaribus?
483 1636 557 1675 aut
587 1648 693 1685 quor
715 1634 780 1675 ius
819 1648 869 1675 ex
905 1634 1062 1674 iniuria
1102 1634 1171 1675 lex
1207 1633 1347 1675 facere
1384 1633 1536 1688 possit,

194 1693 355 1734 bonum
387 1692 535 1734 eadem
566 1692 705 1734 facere
737 1707 823 1734 non
854 1692 993 1746 possit
1025 1707 1074 1733 ex
1107 1692 1252 1734 malo?
1290 1692 1426 1746 Atqui
1455 1706 1535 1733 nos

195 1752 336 1807 legem
373 1751 533 1793 bonam
571 1767 596 1793 a
633 1752 748 1793 mala
784 1751 905 1792 nulla
943 1750 1029 1792 alia
1059 1751 1143 1792 nisi
1174 1753 1354 1792 naturae
1384 1765 1536 1792 norma

195 1811 382 1852 dividere
420 1825 667 1865 possumus3
710 1824 787 1852 nec
824 1811 965 1851 solum
1002 1810 1069 1851 ius
1108 1812 1151 1851 et
1187 1810 1345 1851 iniuria
1379 1811 1536 1851 natura

195 1869 463 1923 diiudicatur,
496 1869 570 1911 sed
597 1869 770 1911 omnino
797 1869 941 1910 omnia
965 1869 1148 1910 honesta
1174 1871 1217 1910 et
1242 1868 1403 1923 turpia,
1433 1882 1535 1909 nam

195 1931 244 1970 ut
275 1928 513 1970 communis
544 1928 844 1983 intellegentia
874 1928 1000 1969 nobis
1032 1930 1158 1969 notas
1189 1942 1256 1969 res
1290 1927 1422 1969 efficit
1448 1941 1536 1968 eas-

197 2002 278 2042 que
318 1987 364 2028 in
404 1987 557 2028 animis
599 1987 759 2028 nostris
797 1987 1035 2041 inchoavit,
1077 1986 1258 2028 honesta
1294 1986 1340 2027 in
1375 1985 1535 2028 virtute

194 2048 432 2101 ponuntur,
468 2046 513 2086 in
550 2046 668 2087 vitiis
705 2046 866 2101 turpia3
905 2060 955 2087 ea
986 2048 1130 2087 autem
1160 2045 1206 2086 in
1237 2045 1436 2100 opinione
1467 2058 1535 2086 ex-

194 2105 407 2159 istimare,
449 2119 537 2146 non
579 2105 624 2146 in
660 2107 817 2146 natura
853 2105 997 2160 posita
1035 2104 1244 2146 dementis
1283 2106 1360 2145 est.
1420 2102 1535 2145 Nam

193 2178 271 2206 nec
303 2163 470 2206 arboris
502 2178 579 2205 nec
611 2164 709 2218 equi
740 2163 890 2217 virtus,
923 2178 1031 2217 quae
1058 2163 1223 2217 dicitur,
1254 2163 1300 2204 in
1325 2177 1409 2217 quo
1435 2162 1535 2204 abu-

194 2223 327 2264 timur
369 2222 560 2276 nomine,
603 2222 648 2263 in
687 2222 885 2277 opinione
923 2222 1008 2263 sita
1044 2225 1126 2276 est,
1171 2221 1246 2263 sed
1281 2221 1327 2263 in
1361 2223 1536 2275 natura3

195 2281 309 2337 quod
352 2281 389 2322 si
432 2281 494 2322 ita
537 2283 620 2335 est,
664 2281 847 2322 honesta
891 2295 1059 2335 quoque
1103 2283 1147 2322 et
1191 2280 1338 2336 turpia
1379 2281 1535 2321 natura

1554 409 1569 435 5

1556 702 1589 728 10

1556 996 1590 1022 15

1555 1290 1589 1316 2Ε

1554 1583 1588 1610 25

1554 1879 1587 1904 30

1555 2172 1587 2198 35
