1685 2568
491 116 774 153 ADNOTATIO
803 115 1006 152 CRITICA.
1285 117 1419 152 XLVII

75 213 201 255 Vahl.;
230 212 273 248 cf.
293 225 329 258 p.
351 216 430 250 398.
452 216 507 248 25.
528 232 572 238 —-
591 211 630 245 P.
646 215 725 246 442.
740 214 784 246 29
801 222 853 254 sq.
875 211 932 246 leo:
950 214 1030 253 est,
1050 211 1111 246 sed
1129 210 1174 256 [†
1187 215 1219 245 et
1240 211 1368 246 latet-at
1388 215 1420 245 et

74 265 115 296 ut
133 262 222 296 vitio
242 265 363 295 eareat
381 261 468 295 ordo
487 259 540 305 et]
558 270 734 294 censorem
753 259 906 303 quaerit
925 257 1058 300 Halm,
1079 259 1136 292 Iex
1148 262 1210 300 est,
1230 258 1291 292 sed
1304 262 1336 292 et
1350 259 1421 292 late

69 312 173 354 patet
201 311 243 342 ut
273 308 361 343 vitio
393 311 515 342 careat
538 307 625 341 ordo
650 310 682 340 et
707 316 798 340 cens.
825 306 967 350 quaerit
991 304 1118 347 Tum,
1144 303 1260 347 Bait„
1285 315 1353 338 nos
1379 306 1421 338 uf,

76 354 203 397 Vahl.‚
229 354 304 388 nisi
329 353 429 398 quod
454 353 485 387 is
510 357 673 398 quaerat
698 352 806 387 codd.
834 353 981 386 secutus
1008 350 1175 396 scripsit3
1201 351 1301 385 idem
1326 363 1418 385 mus.

75 401 192 436 Rhen.
214 401 298 435 XXI
316 413 354 447 p.
376 404 442 435 158
469 399 563 435 coni.
592 400 660 442 leoe,
685 404 727 434 ut
750 400 839 434 vitio
865 403 986 434 careat
1011 400 1111 441 ordo,
1136 399 1198 433 sed
1221 403 1254 433 et
1274 399 1343 433 late
1363 419 1420 442 -,

77 459 151 493 quo
176 459 252 483 non
277 458 370 494 opus
395 447 559 489 videtum
587 448 656 482 late
675 450 790 491 patet,
816 450 857 481 ut
881 447 940 480 esb
966 445 1058 480 ‘late
1083 447 1191 490 patet
1215 445 1420 490 praescrip-

74 497 156 530 tum
180 495 288 540 legis,
313 496 356 529 ub
380 495 454 537 -'‚
479 493 519 528 in
545 504 617 537 quo
643 493 733 537 quid
759 493 809 528 sifi
833 492 1013 538 ineptum,
1039 493 1082 526 ut
1106 492 1160 526 ait
1184 492 1318 536 Halm,
1346 503 1421 527 non

75 542 273 588 perspicio.
323 541 423 576 Duas
453 552 511 575 res
536 540 778 586 reprehendit
802 540 842 574 in
868 539 1102 585 ‘praeclara’
1130 539 1231 584 lege,
1265 550 1420 583 quarum

76 589 196 624 altera
220 589 379 624 alteram
403 587 581 632 sequitur,
608 587 708 631 quod
728 588 766 622 el:
783 587 894 621 nimis
914 587 990 621 late
1011 587 1140 632 pateat
1160 588 1198 621 eh
1217 586 1316 630 quod
1340 597 1421 622 cen-

76 647 197 672 sorem
229 637 383 680 quaerab
411 634 664 680 interpretem.
692 655 736 660 -—
761 634 800 669 P.
827 639 906 669 442.
933 639 976 669 35
1010 635 1057 669 iis
1087 633 1208 668 Halm.
1242 634 1281 668 et,
1310 633 1421 677 Bait„

74 685 131 719 his
157 682 237 717 cod.
264 683 305 726 B,
331 684 364 717 is
389 693 568 727 superscr.
595 683 610 716 i
633 684 674 716 A.
702 702 746 707 -—
772 681 810 716 P.
831 686 910 716 443.
932 686 976 716 24
1003 682 1267 726 cupiditatibus
1291 682 1422 716 eisdem

76 730 216 773 Lamb.,
242 729 377 774 Halm.,
402 728 499 763 Bait.
527 749 571 755 —
596 728 635 764 P.
662 733 742 763 443.
769 734 813 764 32
840 730 955 774 quue
980 729 1136 764 Platoni
1160 733 1281 763 nostro
1301 730 1423 773 placet

75 782 108 813 et
130 778 230 812 haud
248 777 364 821 paulo
389 781 440 812 est
463 777 584 811 verius
607 788 715 821 quam
733 778 828 821 qnod
846 777 970 810 music.
990 775 1155 811 Huschk.
1176 796 1220 801 ——
1239 775 1278 809 P.
1299 780 1379 810 444.
1401 779 1421 810 9

75 825 288 860 Proximum
311 828 362 859 est
386 827 506 859 autem
535 823 577 857 R.
612 823 806 868 Stephan.,
840 823 979 866 Halm.,
999 823 1204 868 proximus
1230 827 1348 858 autem
1373 826 1423 857 est

76 871 182 907 codd.
216 891 260 897 -—
290 870 330 905 P.
357 875 436 905 444.
473 875 515 905 13
544 882 621 915 sqq.
656 872 720 916 [in
753 872 972 916 nzayistratu
1005 891 1050 896 —
1080 870 1287 916 royatione]
1317 869 1421 913 Bak„

75 918 190 962 Bait„
224 919 425 953 iudicando
456 923 561 963 atque
591 919 633 952 in
666 919 782 964 leyum
809 919 996 963 royatione
1019 917 1159 961 Halm.,
1193 917 1307 961 Bait„
1344 917 1423 951 sine

81 970 188 1011 atque
211 965 354 1009 Madv„
386 966 586 1000 iudicando
616 967 680 1010 qui
709 967 751 1000 in
785 965 856 1011 {eye
887 969 953 1000 aut
981 966 1168 1011 royatione
1198 964 1322 1007 codd,
1354 975 1422 998 nos

77 1012 288 1048 Vahlenum
308 1012 429 1047 secuti
449 1024 585 1055 sumus,
605 1014 831 1057 iubendaque
844 1013 885 1046 in
899 1013 970 1058 leye
983 1017 1047 1047 aut
1058 1013 1245 1058 rogatione
1256 1011 1421 1046 Huschk.

78 1081 121 1085 -
140 1059 180 1095 P.
202 1064 281 1094 444.
305 1064 346 1094 19
363 1071 416 1103 sq.
443 1061 597 1094 obtineri
620 1071 665 1094 ne
689 1071 731 1094 ea
755 1071 830 1094 non
849 1061 994 1104 possint
1019 1071 1099 1102 scin,
1125 1060 1282 1104 optineri
1308 1061 1366 1103 (-
1386 1070 1425 1094 re

78 1118 169 1142 corr.
197 1107 285 1151 ——rj
307 1106 352 1151 B)
386 1118 437 1141 an
461 1110 618 1151 possunt
649 1106 773 1148 codd..
807 1107 1006 1141 obtinerine
1036 1107 1112 1141 iam
1137 1107 1256 1150 possit
1287 1106 1423 1149 Madv,

75 1153 190 1197 Bait„
223 1155 428 1198 optinerene
452 1155 527 1188 iam
546 1155 729 1197 possimus
753 1152 892 1195 Halm,
919 1155 1076 1197 optineri
1101 1165 1150 1188 an
1169 1155 1287 1198 possit
1315 1153 1422 1186 Vahl.

76 1222 120 1227 -
139 1200 179 1235 P.
199 1205 278 1235 444.
299 1204 344 1235 35
368 1201 551 1246 rogationi
575 1199 702 1236 Lamb.
730 1199 852 1243 (Vahl.
878 1211 969 1234 mus.
996 1200 1112 1234 Rhen.
1133 1200 1217 1233 XXI
1240 1202 1338 1245 158),
1364 1212 1423 1235 ra-

75 1249 169 1283 tioni
205 1247 311 1282 codd.
345 1248 506 1293 (ratione
530 1247 574 1289 B)
607 1248 646 1282 et
677 1246 760 1282 edd.
787 1267 831 1272 —-
861 1246 901 1281 P.
929 1251 1008 1282 445.
1036 1252 1055 1281 5
1085 1248 1281 1292 popularis
1311 1259 1425 1282 (turrae

75 1294 179 1338 Bak„
204 1294 338 1338 Halm.,
363 1294 460 1329 Bait.
482 1315 526 1320 —
551 1294 591 1329 P.
612 1298 692 1329 445.
714 1299 754 1328 11
785 1293 953 1337 Coelius,
979 1305 1054 1329 non
1081 1294 1234 1336 Caelius,
1260 1295 1302 1328 ut
1321 1294 1422 1339 vulg.

77 1342 202 1386 scrib.,
234 1352 315 1376 esse
346 1341 386 1375 in
418 1341 524 1376 codd.
556 1341 625 1375 AB
657 1341 818 1375 testatur
848 1341 987 1384 Hahn„
1020 1341 1059 1375 in
1083 1342 1117 1375 A
1141 1341 1269 1385 Vahl.;
1309 1354 1343 1376 v.
1376 1341 1421 1376 ad

75 1401 111 1434 p.
139 1393 195 1424 49.
222 1393 278 1424 32.
307 1409 351 1414 —
376 1387 415 1424 Ρ.
442 1393 521 1424 445.
551 1393 593 1424 17
619 1389 813 1435 [Marius]
835 1388 970 1432 Halm„
998 1399 1069 1423 om.
1097 1389 1178 1423 cod.
1203 1390 1237 1423 A
1262 1390 1301 1424 et
1325 1388 1421 1423 Bait.

77 1457 121 1462 —-
148 1436 187 1471 P.
208 1440 287 1471 445.
310 1440 353 1471 18
379 1447 458 1471 avo
477 1447 558 1471 eum
574 1447 631 1471 res
649 1435 790 1479 Lamb.,
815 1435 949 1479 Halm,
975 1435 1085 1478 Bait„
1110 1447 1133 1471 *
1147 1447 1169 1471 *
1189 1437 1251 1471 cui
1269 1448 1349 1471 cum
1368 1447 1424 1471 res

80 1483 184 1519 Vahl.
212 1482 437 1518 sententiam
457 1482 509 1518 sic
530 1483 643 1528 expl:
670 1494 713 1518 ac
731 1487 853 1518 nostro
873 1485 1015 1528 quidem
1034 1494 1100 1518 avo
1118 1495 1289 1529 magnam
1308 1495 1350 1519 ea
1369 1495 1425 1518 res

76 1532 200 1566 attulit
237 1531 380 1565 laudem
400 1559 407 1565 .
435 1532 495 1565 cui
525 1542 615 1565 eum.
649 1551 693 1555 —
723 1530 762 1564 P.
795 1534 875 1565 445.
908 1535 952 1565 35
990 1531 1055 1565 ita
1087 1532 1287 1566 libertatem
1317 1533 1424 1566 istam

76 1577 207 1622 Klotz„
232 1577 366 1619 Halm.‚
392 1577 501 1620 Bait,
526 1579 599 1613 ista
625 1577 755 1622 (etiam
780 1576 821 1620 B,
847 1578 890 1611 ui:
913 1578 998 1613 test.
1025 1577 1149 1622 Vahl.)
1177 1579 1289 1613 libert.
1316 1580 1424 1613 istam

78 1625 196 1669 codd„
221 1626 329 1660 istam
355 1626 551 1660 libertatem
575 1625 725 1671 [istam]
743 1624 864 1668 Vahl„
889 1626 1024 1660 iustam
1049 1626 1110 1660 lib.
1131 1627 1238 1660 istam
1257 1625 1422 1659 Huschk.

77 1693 122 1698 -
145 1671 185 1707 P.
205 1676 284 1709 446.
307 1677 327 1707 6
352 1673 413 1707 sin
436 1673 619 1707 valuerint
642 1676 786 1708 tantum
811 1673 912 1718 leyes,
937 1677 979 1707 ut
1003 1673 1146 1707 desinat
1171 1674 1263 1708 amb.
1288 1672 1423 1715 Halm„

76 1719 185 1763 Bait„
210 1720 270 1755 sin
293 1730 369 1755 non
391 1721 462 1755 val.
488 1724 608 1754 tamen
633 1720 735 1766 leyes,
759 1723 801 1754 ut
824 1731 870 1755 ne
893 1721 941 1754 sit
960 1721 1052 1755 amb.
1073 1719 1180 1754 Vahl.
1203 1721 1241 1754 eb
1260 1731 1329 1755 om.
1351 1731 1425 1755 non

76 1766 240 1802 Huschk.
261 1787 306 1792 —
324 1766 364 1801 P.
384 1771 464 1802 446.
486 1771 529 1802 27
559 1766 663 1811 Quod
687 1771 738 1802 est
762 1768 804 1801 in
821 1771 950 1802 senatu
967 1778 1043 1802 non
1061 1768 1138 1811 diff.
1159 1766 1294 1811 Halm,
1313 1767 1423 1810 Bait„

77 1815 170 1859 quod
189 1815 222 1849 si
239 1815 282 1849 in
299 1818 428 1849 senatu
444 1825 520 1850 non
538 1815 616 1858 diff.
638 1814 757 1857 codd„
784 1813 887 1858 Quod
907 1816 941 1849 si
958 1815 1000 1849 in
1018 1814 1158 1859 populo
1179 1814 1334 1848 arduum
1356 1816 1423 1858 est,

77 1862 116 1895 in
139 1865 268 1897 senatu
290 1872 365 1896 non
389 1863 467 1905 diff.
494 1861 589 1896 coni.
616 1861 723 1896 Vahl.
750 1861 923 1895 lacunam
949 1861 1092 1906 signifi,
1118 1863 1215 1906 itque
1240 1866 1291 1897 est
1313 1864 1356 1897 in
1373 1873 1423 1897 se-

77 1913 169 1943 natu
197 1920 272 1944 non
303 1910 380 1953 diff.
406 1908 569 1944 Huschk.
596 1929 641 1934 —
666 1908 705 1943 P.
732 1913 812 1943 446.
839 1912 884 1943 28
916 1913 1072 1944 actorem
1096 1909 1224 1953 Tum,
1256 1909 1422 1944 Huschk.

78 1955 229 2000 probab.
259 1976 302 1981 ——
327 1955 367 1990 P.
395 1960 474 1991 446.
501 1960 544 1991 33
576 1956 641 2002 [in
670 1956 869 2001 sententia]
894 1955 1033 1991 Orellio
1059 1957 1210 1991 auctore
1235 1956 1357 1991 Halm.
1386 1957 1425 1991 et

78 2001 175 2036 Bait.
195 2023 239 2028 —
263 2002 302 2037 P.
323 2007 402 2038 447.
423 2007 444 2038 5
469 2004 547 2050 [res
564 2004 740 2049 publiea]
763 2003 916 2046 Manui„
941 2003 1076 2047 Halm.,
1101 2003 1197 2038 Bait.
1219 2024 1263 2029 —-
1282 2003 1321 2038 P.
1342 2008 1422 2039 447.

79 2053 99 2084 8
126 2060 226 2084 omne
249 2060 352 2092 esse,
379 2050 478 2095 quod
497 2050 538 2085 in
556 2050 636 2085 cod.
657 2052 690 2085 A
710 2051 768 2085 est
787 2050 871 2093 oviis,
899 2050 1020 2085 Halm.
1043 2052 1081 2085 et
1099 2051 1195 2085 Bait.
1217 2072 1261 2076 —
1280 2050 1319 2086 P.
1341 2056 1421 2086 447.

80 2101 122 2131 13
150 2107 194 2131 ae
225 2096 304 2131 cod.
330 2097 363 2130 A
394 2097 434 2131 in
457 2108 546 2142 ras,
572 2097 712 2142 Halm,
738 2097 847 2141 Bait„
874 2102 906 2133 et
930 2097 1044 2143 vulg„
1070 2098 1178 2132 Vahl.
1206 2119 1250 2123 —
1275 2098 1314 2133 P.
1341 2103 1421 2133 447.

80 2148 123 2178 14
148 2148 181 2179 et
206 2145 271 2196 civ.
297 2148 330 2179 et
353 2145 447 2179 huin.
473 2144 553 2188 all„
579 2144 720 2188 Feldh.,
745 2145 923 2189 Huschk.‚
948 2156 971 2180 21<
986 2147 1051 2180 eiv.
1078 2149 1129 2181 est
1153 2147 1347 2190 (superscr.
1374 2148 1420 2189 et)

76 2191 272 2234 humanans
303 2191 381 2227 cod.
407 2192 457 2235 A,
489 2193 592 2227 civile
616 2196 649 2228 et
672 2192 768 2227 hum.
793 2192 935 2236 Halm,
961 2192 1076 2236 Bait„
1101 2193 1196 2227 Itum.
1223 2197 1256 2228 et
1281 2194 1345 2229 civ.
1373 2197 1423 2227 est

77 2237 171 2273 coni.
192 2237 300 2272 Vahl.
343 2237 448 2272 Nihil
472 2238 605 2273 horum
631 2239 822 2284 scripsisse
839 2239 1052 2274 Ciceronem
1070 2239 1207 2274 iudico.
1223 2260 1266 2265 —-
1280 2239 1319 2274 P.
1340 2244 1420 2275 447.

78 2289 121 2320 32
148 2287 284 2331 auyicri
302 2296 341 2329 1⁹·
370 2286 546 2330 (publico)
575 2286 647 2331 Or.‚
672 2286 769 2321 Bait.
796 2308 840 2312 ——
865 2286 905 2322 P.
932 2291 1010 2322 447.
1038 2291 1082 2322 33
1109 2298 1145 2322 se
1169 2287 1253 2322 add.
1280 2286 1420 2330 Lamb.‚

75 2331 214 2376 Halm„
250 2331 366 2376 Bait„
396 2332 560 2368 Huschk.
592 2353 637 2359 —
667 2333 706 2368 P.
733 2338 813 2370 447.
846 2338 890 2369 35
917 2344 970 2378 sq.
1002 2345 1155 2379 quorum
1184 2335 1228 2369 in
1257 2335 1421 2379 auspicio
