1685 2568
449 82 537 118 LlB.
562 82 626 118 111.
654 81 753 118 CAP.
781 86 883 118 4-7.
910 86 930 125 ἓ
957 87 1082 119 7-11.
1345 84 1430 126 335

179 177 424 229 Carneades,
462 179 730 221 Academicae
766 181 891 220 sectae
920 177 1202 231 philosophus,
1239 180 1354 221 cuius
1384 182 1430 221 in
1455 183 1483 225 6

89 239 316 280 disserendo
346 252 448 291 quae
477 239 539 279 vis
561 238 699 290 fuerit,
729 250 831 290 quae
854 237 1090 289 eloquentia,
1120 237 1227 289 quod
1249 251 1429 287 acumen,

89 297 160 350 qui
189 298 325 347 nescit,
356 299 492 350 ipsum
515 310 564 339 ex
580 297 885 350 praedicatione
910 295 1114 337 Ciceronis
1138 295 1335 348 intelleqet
1358 300 1432 337 aut

89 355 256 405 Lucilii,
287 357 400 409 apud
428 369 544 408 quem
575 356 772 397 disserens
797 354 1012 406 Neptunus
1043 354 1090 395 de
1112 367 1156 394 re
1180 354 1431 406 difficillima

55 415 262 456 5ostendit
295 428 377 456 non
406 427 525 467 posse
560 414 605 455 id
639 414 853 466 explicari,
892 411 1001 454 enee
1039 412 1081 453 si
1119 410 1430 454 Carneadem

88 472 253 528 ipsum
285 472 442 514 Orcus
480 471 731 513 remittat?
764 496 818 502 —
853 473 888 513 is
920 485 1011 513 cum
1043 472 1195 524 leqatus
1225 471 1275 512 ab
1306 471 1430 513 Athe-

88 531 297 573 niensibus
327 531 505 573 Romam
535 532 685 572 missus
715 535 822 584 esset,
854 531 1077 583 disputavit
1105 530 1152 571 de
1181 531 1343 571 iustitia
1371 544 1432 572 co-

81 591 198 644 piose
236 591 424 632 audiente
456 589 591 631 Galba
622 593 659 631 et
691 588 841 631 Catone
872 589 1078 639 Censorio,
1108 589 1306 630 maximis
1336 592 1433 630 tunc

90 649 329 691 oratoribus.
379 648 460 690 Sed
488 649 594 690 idem
625 649 937 701 disputationem
967 661 1087 689 suam
1109 648 1309 700 postridie
1339 661 1430 689 con-

40 722 71 746 10
90 709 224 749 traria
266 708 539 760 disputatione
573 707 766 749 subvertit
803 710 839 748 et
876 708 1094 756 iustitiam,
1140 719 1265 759 quam
1292 708 1433 759 pridie

90 767 343 820 laudaverat,
392 767 558 808 sustulit
608 779 691 807 non
740 766 900 818 quidem
940 765 1173 819 philosophi
1217 766 1430 819 qravitate,

89 827 203 868 cuius
245 826 369 878 firma
411 828 450 867 et
482 825 640 867 stabilis
683 825 792 866 debet
836 837 917 866 esse
952 825 1166 874 sententia,
1208 825 1278 865 sed
1312 825 1432 877 quasi

89 885 266 927 oratorio
303 885 482 926 exercitii
508 897 649 937 qeiiere
679 885 725 924 in
755 886 968 936 utramque
991 886 1154 936 partem
1185 883 1429 933 disserendi;

87 944 195 997 quod
222 943 291 984 ille
319 944 451 995 facere
485 942 645 996 solebat,
675 945 722 983 ut
751 943 855 984 alios
879 942 1072 995 quidlibet
1094 942 1319 983 adserentes
1336 956 1430 995 pos—

39 1015 70 1041 15
88 1005 148 1044 set
175 1002 364 1054 refutare.
418 1002 530 1043 Eam
560 1002 890 1054 disputationem,
927 1015 1010 1054 qua
1039 1002 1200 1043 iustitia
1231 1003 1431 1052 evertitur,

89 1062 201 1114 apud
231 1060 460 1103 Ciceronem
497 1060 546 1102 L.
577 1061 736 1102 Furius
772 1061 1024 1110 recordatur,
1065 1061 1197 1110 credo,
1236 1061 1431 1113 quoniam

89 1121 136 1162 de
171 1133 216 1161 re
238 1120 404 1173 publica
435 1120 667 1169 disserebat,
704 1122 751 1160 ut
781 1120 1049 1170 defensionem
1081 1119 1432 1172 laudationemque

89 1180 176 1221 eius
205 1179 420 1228 induceret,
451 1180 538 1220 sine
568 1192 650 1231 qua
671 1178 849 1230 putabat
877 1178 962 1230 reqi
990 1191 1074 1218 non
1097 1190 1214 1230 posse
1243 1191 1330 1218 rem
1352 1192 1431 1231 pu-

89 1238 246 1280 blicam.
308 1237 537 1279 Carneades
576 1241 728 1287 autem,
768 1240 814 1278 ut
853 1237 1111 1278 Aristotelem
1150 1237 1347 1288 refelleret
1383 1251 1432 1278 ac

39 1309 72 1335 20
89 1296 318 1347 Platonem,
348 1297 529 1338 iustitiae
553 1300 761 1349 patronos,
784 1296 928 1348 prima
958 1296 1034 1336 illa
1058 1296 1330 1348 disputatione
1353 1296 1431 1337 col-

91 1356 185 1409 leqit
219 1369 267 1397 ea
302 1356 460 1408 omnia,
496 1369 599 1408 quae
631 1368 707 1408 pro
744 1355 905 1396 iustitia
935 1354 1186 1404 dicebantur,
1226 1357 1274 1395 ut
1295 1358 1431 1407 posset

90 1415 176 1465 illa,
200 1415 305 1456 sicut
323 1415 428 1466 fecit,
454 1418 632 1455 evertere.
663 1413 925 1465 (Lactantius
944 1414 1036 1454 inst.
1057 1414 1134 1454 div.
1155 1413 1268 1454 V14.
1285 1413 1432 1467 3—5.)

178 1473 363 1515 Plurimi
393 1474 553 1526 quidem
576 1472 922 1526 philosophorum,
953 1473 1023 1514 sed
1045 1472 1222 1513 maxime
1246 1472 1370 1514 Plato
1396 1475 1434 1514 et

89 1533 326 1575 Aristoteles
364 1533 411 1573 de
446 1533 607 1574 iustitia
643 1532 775 1572 multa
811 1533 1003 1573 dixerunt
1037 1532 1262 1573 adserentes
1298 1535 1337 1572 et
1364 1545 1429 1573 ex-

39 1604 73 1630 25
92 1592 271 1633 tollentes
301 1605 390 1633 eam
419 1604 582 1633 summa
613 1591 732 1632 laude
760 1591 966 1641 virtutem,
1006 1591 1114 1643 quod
1141 1603 1261 1631 suum
1292 1591 1433 1643 cuique

92 1651 255 1703 tribuat,
286 1651 393 1703 quod
421 1651 662 1703 aequitatem
692 1650 739 1691 in
770 1650 954 1691 omnibus
984 1652 1128 1698 seruet;
1161 1652 1313 1691 etcum
1337 1653 1429 1691 cete-

91 1723 162 1751 rae
200 1710 367 1751 virtutcs
403 1710 522 1761 quasi
559 1710 704 1750 tacitae
738 1709 823 1750 sint
860 1712 898 1750 et
926 1709 1040 1749 intus
1069 1708 1266 1763 inclusae,
1302 1709 1432 1750 solam

91 1781 172 1810 esse
210 1770 430 1817 iustitiam,
470 1782 572 1821 quae
608 1781 678 1809 nec
714 1767 792 1809 sibi
828 1770 989 1808 tantum
1027 1767 1244 1808 conciliata
1279 1768 1335 1808 sit
1363 1781 1434 1809 nec

92 1827 262 1878 occulta,
300 1828 369 1869 sed
404 1827 520 1879 foras
558 1830 641 1868 tota
662 1827 901 1879 promineat
928 1830 967 1868 et
994 1827 1051 1868 ad
1080 1826 1172 1867 bene
1198 1826 1433 1878 faciendum

42 1898 75 1924 30
88 1900 224 1940 prona
254 1887 319 1939 sit,
348 1889 395 1927 ut
423 1900 548 1938 quam
571 1886 769 1938 plurimis
796 1886 936 1938 prosit.
988 1885 1117 1937 Quasi
1140 1898 1230 1926 vero
1255 1885 1302 1926 in
1326 1886 1432 1926 iudi-

93 1945 203 1987 cibus
239 1946 336 1987 solis
373 1949 490 1998 atque
526 1946 572 1985 in
605 1947 796 1997 potestate
832 1945 974 1997 aliqua
1010 1944 1236 1985 constitutis
1272 1944 1433 1986 iustitia

93 2017 174 2046 esse
203 2005 340 2046 debeat
368 2007 406 2045 et
432 2017 516 2045 non
545 2005 592 2045 in
622 2004 831 2045 omnibus!
867 2004 1027 2056 Atquin
1056 2003 1197 2045 nullus
1227 2006 1285 2044 est
1307 2003 1433 2044 homi-

93 2077 194 2105 num
235 2077 286 2104 ne
328 2064 566 2116 infimorum
608 2063 768 2115 quidem
811 2076 859 2104 ac
895 2063 1186 2112 mendicorum,
1231 2062 1277 2103 in
1317 2076 1433 2115 quem

97 2123 253 2164 iustitia
278 2123 416 2164 cadere
439 2136 522 2163 non
538 2122 680 2174 possit.
718 2121 800 2163 Sed
815 2121 914 2174 quia
930 2121 1185 2175 iqnombant,
1210 2122 1310 2174 quid
1327 2124 1434 2171 esset,

44 2192 77 2218 35
95 2182 202 2223 unde
225 2181 454 2235 proflueret,
484 2181 584 2233 quid
613 2181 744 2233 operis
774 2180 942 2230 liaberet,
972 2193 1176 2222 summam
1206 2180 1324 2221 illam
1353 2180 1433 2220 vir-

96 2243 230 2290 tutem,
259 2241 305 2281 id
333 2243 390 2282 est
413 2253 621 2281 commune
645 2240 828 2281 omnium
853 2239 1011 2289 bonum,
1035 2240 1183 2292 paucis
1208 2239 1435 2279 tribuerunt

95 2313 260 2352 eamque
295 2299 432 2341 nullas
468 2299 664 2340 utilitates
694 2298 890 2352 proprias
926 2299 1144 2352 aucupari,
1181 2298 1251 2340 sed
1285 2296 1434 2338 alienis

1460 2011 1499 2043 11
