1685 2568
200 274 243 305 20
270 266 420 307 civitas
453 264 701 307 constituta.
747 264 791 315 Q.
818 263 1094 305 Commodius
1119 278 1221 305 vero
1249 266 1291 304 et
1316 264 1369 304 ad
1394 264 1606 305 rationem

217 1014 240 1054 7

197 1065 239 1096 21

197 1742 240 1773 22

199 2329 242 2360 23

270 110 353 151 388
797 109 861 143 DE
886 109 1089 144 LEGIBUS

269 209 367 248 ante
398 208 502 248 nata
533 207 599 247 est
625 220 753 259 quam
779 205 941 260 scripta
965 205 1035 246 lex
1059 205 1151 246 ulla
1177 207 1252 246 aut
1278 220 1405 259 quam
1431 205 1604 247 omnino

269 324 459 365 instituti
503 323 710 364 sermonis
750 323 997 377 sapientius.
1057 322 1120 364 M
1156 321 1290 363 Visne
1328 336 1431 377 ergo
1469 323 1605 377 ipsius

267 383 372 425 iuris
405 385 547 424 ortum
580 397 604 423 a
634 381 753 422 fonte
784 381 1059 435 repetamus?
1092 395 1174 435 quo
1206 381 1381 422 invento
1412 396 1499 422 non
1525 381 1607 422 erit

269 441 464 495 dubium,
509 455 592 495 quo
637 440 723 480 sint
766 439 872 481 haec
914 439 1154 494 referenda,
1198 454 1305 494 quae
1350 439 1605 494 quaerimus.
1624 450 1640 477 5

269 501 314 553 Q.
342 500 436 555 Ego
468 514 569 541 vero
595 499 657 539 ita
684 512 776 539 esse
800 497 1042 539 faciendum
1067 512 1230 540 censeo.
1279 498 1379 540 Am
1409 498 1479 540 Me
1506 513 1607 553 quo—

269 573 349 613 que
394 558 587 600 adscribe
624 556 773 598 fratris
812 557 1062 598 sententiae.
1123 558 1186 599 M.
1224 555 1434 605 Quoniam
1471 557 1607 612 igitur

268 618 357 659 eius
389 617 451 658 rei
482 616 692 671 publicae,
726 630 854 669 quam
886 618 1110 670 optumam
1142 630 1234 657 esse
1267 616 1411 657 docuit
1441 616 1487 657 in
1516 615 1606 657 illis

269 691 342 718 sex
372 675 496 717 libris
517 674 671 729 Scipio,
703 674 910 715 tenendus
944 677 1009 715 est
1039 674 1166 716 nobis
1193 676 1235 716 et
1262 674 1495 716 servandus
1521 677 1607 716 sta-

267 738 338 777 tus
377 747 608 788 omnesque
646 733 764 788 leges
803 733 1193 775 adcommodandae
1226 733 1279 774 ad
1309 733 1418 775 illud
1461 732 1607 775 civita·
1626 745 1651 771 1‹

268 795 325 835 tis
364 807 517 849 genus,
558 791 726 833 serendi
775 792 906 833 etiam
950 806 1090 833 mores
1133 806 1211 834 nec
1253 791 1426 847 scriptis
1464 791 1608 834 omnia

269 851 513 906 sancienda,
550 853 743 905 repetam
780 850 960 905 stirpem
989 851 1095 892 iuris
1128 866 1153 892 a
1183 853 1357 905 natura,
1389 866 1473 905 qua
1504 851 1607 893 duce

267 911 391 953 nobis
414 909 552 952 omnis
574 912 641 951 est
661 910 896 964 disputatio
917 909 1179 965 explicanda.
1221 911 1321 952 ATT.
1341 909 1608 965 Rectissime,

269 973 312 1012 et
344 969 515 1024 quidem
546 968 633 1010 ista
664 968 767 1010 duce
799 969 933 1010 errari
964 969 1083 1010 nullo
1114 971 1241 1023 pacto
1273 971 1429 1024 potest.

355 1029 419 1070 M.
450 1028 595 1069 Dasne
625 1027 761 1083 igitur
786 1027 868 1069 hoc
891 1027 1028 1081 nobis,
1059 1026 1283 1082 Pomponi,
1314 1026 1434 1083 (nam
1460 1026 1609 1076 Quinti
1627 1039 1649 1065 12

267 1088 369 1129 novi
401 1086 679 1142 sententiam)
713 1086 888 1128 deorum
919 1086 1216 1128 inmortalium
1246 1086 1308 1140 vi,
1339 1089 1512 1140 natura,
1543 1101 1608 1128 ra-

267 1147 401 1200 tione,
438 1148 674 1201 potestate,
706 1148 866 1199 mente,
897 1145 1090 1200 numine,
1129 1145 1218 1187 sive
1251 1145 1363 1199 quod
1395 1147 1461 1186 est
1492 1145 1609 1186 aliud

269 1206 465 1259 verbum,
504 1219 587 1259 quo
619 1204 790 1259 planius
823 1204 1078 1259 significem,
1117 1204 1229 1259 quod
1259 1204 1377 1258 volo,
1407 1206 1608 1246 naturam

268 1278 438 1306 omnem
476 1263 598 1318 regi?
641 1277 743 1304 nam
781 1263 819 1304 31
854 1263 935 1304 1106
972 1277 1058 1304 11011
1094 1263 1272 1318 probaS,
1309 1263 1363 1304 ab
1402 1277 1450 1304 eo
1482 1263 1608 1304 nobis

268 1337 397 1365 causa
428 1322 632 1364 ordienda
663 1324 730 1363 est
761 1322 1047 1376 potissimum.
1096 1322 1196 1364 Aw.
1227 1321 1294 1363 Do
1328 1335 1440 1376 sane,
1473 1321 1510 1362 si
1534 1336 1607 1376 po·
1627 1332 1649 1357 2·

269 1382 425 1436 stulas3
457 1381 616 1422 etenim
647 1383 826 1436 propter
856 1380 970 1422 hunc
1000 1383 1251 1423 concentum
1282 1380 1425 1422 avium
1457 1381 1610 1435 strepi-

267 1444 445 1494 tumque
472 1440 695 1481 fiuminum
720 1454 807 1481 non
831 1453 992 1494 vereor,
1021 1439 1408 1494 condiscipulorum
1433 1453 1487 1480 ne
1513 1439 1607 1494 quis

267 1500 479 1541 exaudiat.
540 1499 603 1540 M
641 1497 777 1553 Atqui
815 1498 1046 1540 cavendum
1084 1500 1169 1553 est·
1213 1498 1354 1539 solent
1391 1497 1522 1552 enim,
1564 1497 1609 1540 id

269 1558 382 1613 quod
413 1558 604 1599 virorum
633 1557 846 1599 bonorum
872 1559 949 1611 est,
981 1557 1245 1599 admodum
1234 1556 1374 1611 1rasci,
1404 1571 1482 1598 nec
1506 1571 1607 1599 vero
1676 1601 1681 1607 ³

266 1617 418 1671 ferent,
451 1617 488 1658 31
520 1616 734 1658 audierint
763 1618 807 1657 te
838 1616 1024 1671 primum
1051 1618 1181 1671 caput
1206 1615 1308 1657 libri
1334 1615 1488 1671 optimi
1511 1630 1607 1671 pro·
1625 1625 1647 1651 2
1675 1607 1683 1619 a

269 1676 437 1730 didisse,
468 1675 514 1716 in
539 1690 622 1729 quo
656 1674 829 1730 scripsit
859 1675 967 1716 nihil
998 1689 1147 1716 curare
1180 1675 1304 1716 deum
1334 1689 1412 1716 nec
1441 1674 1507 1716 sui
1531 1689 1609 1717 1166

269 1734 408 1776 6116111.
451 1734 551 1777 Am.
571 1734 720 1789 Perge,
747 1747 923 1788 quaeso,
954 1749 1055 1775 nam
1079 1734 1135 1787 id,
1161 1733 1275 1788 quod
1299 1733 1381 1775 tibi
1407 1732 1608 1788 concessi,

269 1807 451 1848 quorsus
489 1793 720 1848 pertineat,
758 1794 946 1847 expecto.
1005 1792 1067 1834 M
1099 1791 1199 1834 Non
1228 1792 1385 1834 faciam
1417 1792 1608 1848 longius3

267 1852 350 1894 huc
382 1851 496 1893 enim
527 1852 727 1906 pertinet,
760 1851 919 1892 animal
948 1851 1030 1893 hoc
1053 1851 1292 1906 providum,
1324 1865 1470 1907 sagax,
1501 1851 1608 1892 mul-

266 1911 420 1965 tipleX,
464 1913 655 1965 acutum,
698 1924 880 1964 memor,
916 1910 1090 1964 plenum
1127 1910 1308 1952 rationis
1346 1912 1390 1951 et
1426 1909 1606 1964 consilii,
1625 1920 1646 1945 ³

268 1983 394 2024 quem
419 1983 621 2011 vocamus
647 1968 877 2022 hominem,
906 1969 1128 2023 praeclara
1153 1969 1338 2024 quadam
1362 1968 1608 2011 condicione

268 2030 521 2083 generatum
559 2042 650 2069 esse
689 2042 715 2069 a
751 2042 950 2082 supremo
989 2027 1084 2082 deo,
1127 2027 1267 2069 solum
1305 2030 1371 2069 est
1408 2027 1521 2068 enim
1558 2041 1609 2068 ex

267 2089 335 2129 tot
367 2086 652 2128 animantium
684 2087 911 2142 generibus
944 2089 1072 2141 atque
1102 2086 1270 2128 naturis
1302 2086 1517 2141 particeps
1543 2100 1608 2127 ra-

267 2144 398 2187 tionis
425 2147 468 2186 et
494 2145 785 2200 cogitationis,
811 2160 940 2199 quom
966 2147 1109 2187 cetera
1134 2145 1221 2186 sint
1241 2145 1385 2187 omnia
1404 2145 1607 2200 expertia.
1645 2155 1649 2167 ·

269 2203 379 2253 Quid
416 2205 482 2246 est
519 2206 664 2245 autem
700 2218 788 2245 non
825 2204 963 2246 dicam
998 2204 1044 2245 in
1079 2204 1272 2259 homine,
1309 2203 1384 2245 sed
1414 2203 1459 2245 in
1491 2203 1643 2245 omni³

269 2263 386 2304 caelo
413 2265 542 2317 atque
567 2265 685 2304 terra
710 2263 876 2304 ratione
903 2263 1116 2304 divinius?
1143 2277 1251 2318 quae
1271 2277 1400 2317 quom
1420 2261 1609 2304 adolevit

271 2324 399 2376 atque
429 2321 621 2377 perfecta
652 2324 729 2376 est,
759 2322 1007 2363 nominatur
1037 2322 1120 2363 rite
1152 2321 1375 2377 sapientia.
1425 2320 1506 2363 Est
1531 2320 1609 2375 igi-
