1685 2568
143 184 188 215 54

142 392 200 433 22

143 444 187 475 55

140 1299 184 1331 56

138 1829 182 1860 57

213 80 300 120 426
733 79 797 114 DE
822 78 1023 114 LEGIBUS

215 175 386 216 doctum
434 175 652 217 hominem
695 190 816 229 sane,
864 176 982 218 cuius
1023 175 1106 216 fuit
1149 175 1304 217 Accius
1346 175 1544 231 perfami-

214 234 351 288 liaris,
384 234 458 275 sed
489 249 689 288 mensem,
721 235 858 288 credo,
889 237 1125 275 extremum
1157 234 1268 288 anni,
1300 237 1348 275 ut
1378 238 1543 276 veteres

212 291 505 347 Februarium,
529 293 589 335 sic
613 293 682 334 hic
702 292 981 334 Decembrem
1001 292 1269 347 sequebatur.
1299 291 1456 334 Hostia
1475 308 1544 334 au-

213 354 301 392 tem
326 352 513 393 maxima
536 354 763 406 parentare
788 351 962 405 pietatis
980 365 1071 392 esse
1089 351 1334 392 adiunctum
1350 352 1543 405 putabat.

300 409 394 451 Iam
424 413 546 451 tanta
571 410 724 465 religio
751 412 816 451 est
842 409 1175 464 sepulchrorum,
1206 414 1254 451 ut
1279 413 1399 451 extra
1424 424 1544 451 sacra

213 472 257 511 et
288 473 459 524 gentem
490 468 639 509 inferri
662 468 729 509 fas
754 471 913 524 negent
939 483 1041 522 esse,
1072 468 1197 522 idque
1223 469 1336 523 apud
1361 469 1543 510 maiores

211 531 383 569 nostros
409 527 460 568 A.
486 527 729 581 Torquatus
761 527 805 567 in
832 529 958 582 gente
982 526 1170 581 Popillia
1194 527 1409 569 iudicavit.
1454 526 1545 569 Nec

212 601 312 628 vero
344 588 436 627 tam
468 586 692 640 denicales,
724 600 831 640 quae
858 601 883 627 a
906 600 1007 627 nece
1033 586 1275 640 appellatae
1302 589 1413 640 sunt,
1445 586 1546 640 quia

212 645 453 686 residentur
484 645 678 698 mortuis,
709 659 838 699 quam
868 647 1106 686 ceterorum
1138 645 1385 686 caelestium
1412 645 1545 699 quieti

212 704 301 745 dies
327 703 488 744 feriae
516 703 851 757 nominarentur,
875 703 959 744 nisi
984 703 1166 745 maiores
1194 718 1278 758 eos,
1304 703 1376 758 qui
1396 719 1445 745 ex
1464 703 1545 745 hac

211 763 302 804 vita
322 762 592 817 migrassent,
612 762 656 803 111
677 762 850 803 deorum
869 776 1046 804 numero
1067 776 1159 803 esse
1179 762 1426 804 voluissent.
1457 762 1544 804 Eas

210 822 256 862 in
287 836 358 863 eos
391 821 478 862 dies
511 821 702 862 conferre
733 821 811 875 ius,
842 823 890 862 ut
920 836 996 862 nec
1026 821 1161 876 ipsius
1185 835 1323 876 neque
1348 821 1544 876 publicae

210 880 342 921 feriae
374 880 478 933 sint,
515 882 691 934 totaque
721 879 847 921 huius
878 879 983 921 iuris
1015 880 1254 934 conpositio
1286 880 1544 935 pontificalis

211 953 414 994 magnam
445 938 697 994 religionem
729 938 1115 993 caerimoniamque
1148 939 1347 980 declarat.
1395 937 1544 993 Neque

210 1012 381 1039 necesse
414 1000 480 1039 est
511 997 686 1038 edisseri
718 1013 743 1039 a
772 997 910 1050 nobis,
943 1012 1050 1051 quae
1080 998 1177 1038 finis
1202 997 1398 1039 funestae
1421 997 1543 1038 fami-

211 1057 311 1110 liae,
346 1052 459 1110 quoil
491 1070 624 1112 genus
656 1056 852 1098 sacrificii
883 1055 983 1097 Lari
1014 1056 1261 1098 vervecibus
1292 1057 1387 1110 fiat,
1419 1071 1544 1110 quem

211 1116 264 1157 ad
301 1115 474 1156 modum
512 1129 559 1157 os
597 1117 808 1156 resectum
843 1118 960 1156 terra
992 1115 1239 1170 obtegatur,
1277 1130 1468 1169 quaeque
1500 1116 1546 1156 in

211 1189 342 1229 porca
382 1176 602 1215 contracta
641 1174 736 1215 iura
773 1174 876 1227 sint,
919 1188 1001 1228 quo
1040 1177 1232 1229 tempore
1269 1174 1447 1229 incipiat
1484 1188 1544 1215 se-

210 1233 436 1288 pulchrum
469 1247 561 1274 esse
593 1235 635 1273 et
666 1233 872 1288 religione
903 1235 1111 1274 teneatur.

300 1293 360 1332 At
397 1291 504 1332 mihi
542 1292 711 1346 quidem
748 1292 1095 1345 antiquissimum
1133 1292 1377 1346 sepulturae
1410 1306 1543 1347 genus

209 1350 316 1391 illud
340 1350 473 1391 fuisse
502 1351 679 1404 videtur,
705 1365 788 1404 quo
818 1351 931 1405 apud
952 1350 1280 1405 Xenophontem
1304 1349 1440 1404 Cyrus
1465 1350 1544 1392 uti-

209 1412 298 1463 tur,
329 1409 519 1450 redditur
551 1410 663 1450 enim
694 1412 832 1451 terrae
864 1424 1017 1464 corpus
1050 1412 1093 1450 et
1117 1409 1180 1450 ita
1204 1409 1393 1450 locatum
1418 1424 1467 1451 ac
1492 1409 1544 1450 si-

209 1471 303 1509 tum
323 1468 445 1522 quasi
466 1468 729 1523 operimento
750 1468 900 1509 matris
922 1468 1156 1509 obducitur.
1192 1467 1439 1522 Eodemque
1457 1468 1545 1510 ritu

208 1528 255 1568 in
278 1541 326 1568 eo
343 1527 581 1582 sepulchro,
603 1528 714 1581 quod
728 1527 839 1569 haud
849 1527 998 1582 procul
1012 1526 1199 1568 aFontis
1214 1542 1288 1568 ara
1302 1529 1378 1581 est,
1397 1541 1543 1582 regem

207 1588 403 1627 nostrum
418 1585 605 1627 Numam
626 1586 842 1627 conditum
863 1586 1101 1640 accepimus
1122 1588 1376 1641 gentemque
1391 1584 1543 1628 Corne-

208 1645 311 1686 liam
337 1659 470 1699 usque
492 1645 544 1686 ad
564 1645 815 1686 memoriam
834 1647 1026 1686 nostram
1046 1644 1126 1686 hac
1146 1645 1367 1698 sepultura
1387 1644 1543 1686 scimus

209 1718 301 1744 esse
326 1718 460 1745 usam.
510 1702 553 1745 C.
579 1703 705 1745 Marii
730 1704 836 1744 sitas
862 1703 1065 1757 reliquias
1092 1703 1205 1758 apud
1227 1703 1438 1744 Anienem
1463 1703 1544 1744 dis·

209 1762 341 1817 sipari
365 1762 494 1803 iussit
514 1760 632 1804 Sulla
657 1763 795 1804 victor
820 1762 1035 1804 acerbiore
1057 1762 1153 1803 odio
1173 1762 1388 1817 incitatus,
1415 1777 1543 1816 quam

209 1822 245 1863 si
289 1825 373 1862 tam
417 1821 586 1876 sapiens
623 1821 792 1874 fuisset,
837 1836 965 1875 quam
1000 1820 1084 1862 fuit
1121 1821 1360 1862 vehemens.
1422 1820 1543 1869 Quod

209 1879 322 1920 haud
360 1880 446 1921 scio
486 1895 541 1921 an
577 1880 733 1921 timens
769 1894 819 1920 we
856 1894 932 1921 suo
972 1879 1141 1934 corpori
1177 1883 1324 1934 posset
1355 1879 1542 1921 accidere

208 1939 372 1993 primus
406 1954 428 1979 e
459 1939 651 1993 patriciis
685 1937 893 1980 Corneliis
926 1938 1016 1993 igni
1047 1938 1185 1980 voluit
1217 1938 1407 1980 cremari.
1461 1937 1543 1979 De-

209 1997 345 2039 clarat
383 1997 495 2038 enim
532 1998 694 2039 Ennius
733 1997 782 2038 de
820 1997 1042 2039 Africano:
1084 1996 1198 2038 ‘Hie
1235 2000 1312 2038 est
1347 1997 1438 2038 ille
1478 1996 1543 2038 si-

208 2056 324 2097 tus';
384 2055 512 2110 Vere,
555 2071 657 2098 nam
694 2056 785 2097 siti
822 2056 1019 2098 dicuntur
1048 2055 1096 2110 ii,
1138 2056 1210 2110 qui
1241 2055 1401 2097 conditi
1432 2058 1542 2098 sunt.

209 2113 300 2156 Nec
337 2117 482 2156 tamen
519 2129 665 2156 eorum
703 2117 801 2156 ante
834 2115 1107 2170 sepulchrum
1145 2117 1227 2168 est,
1269 2129 1396 2169 quam
1427 2114 1542 2156 iusta

1563 423 1580 448 5

1565 717 1596 741 10

1564 1011 1596 1035 15

1563 1304 1597 1329 20

1562 1598 1596 1623 25

1562 1891 1595 1917 30

208 2173 325 2215 facta
360 2176 403 2214 et
433 2188 586 2228 porcus
618 2188 765 2215 caesus
799 2177 874 2214 est.
936 2174 994 2214 Et
1026 2173 1139 2228 quod
1169 2188 1281 2215 nunc
1311 2173 1542 2215 communi-
1560 2184 1595 2210 35

208 2234 276 2272 ter
308 2232 353 2273 in
378 2233 575 2274 omnibus
603 2232 781 2288 sepultis
806 2232 925 2274 venit
949 2246 1040 2286 usu,
1067 2236 1115 2273 ut
1138 2232 1303 2273 humati
1335 2232 1541 2286 dicantur,

209 2290 253 2331 id
285 2293 377 2332 erat
407 2293 628 2347 proprium
659 2294 752 2333 tum
782 2291 827 2332 in
857 2291 922 2346 iis,
955 2305 1060 2345 quos
1085 2291 1240 2332 humus
1266 2291 1422 2332 iniecta
1447 2305 1542 2332 con-

1671 418 1679 443 5

1667 714 1682 739 10

1669 1008 1684 1033 15
