<?xml version="1.0" encoding="UTF-8"?>
<!DOCTYPE html PUBLIC "-//W3C//DTD XHTML 1.0 Transitional//EN"
    "http://www.w3.org/TR/xhtml1/DTD/xhtml1-transitional.dtd">
<html xmlns="http://www.w3.org/1999/xhtml" xml:lang="en" lang="en">
 <head>
  <title>
</title>
<meta http-equiv="Content-Type" content="text/html;charset=utf-8" />
  <meta name='ocr-system' content='tesseract 3.04.00' />
  <meta name='ocr-capabilities' content='ocr_page ocr_carea ocr_par ocr_line ocrx_word'/>
</head>
<body>
  <div class='ocr_page' id='page_1' title='image "./p2scriptaquaemanse04ciceuoft_0097.png"; bbox 0 0 1685 2568; ppageno 0'>
   <div class='ocr_carea' id='block_1_1' title="bbox 244 94 1420 141">
    <p class='ocr_par' dir='ltr' id='par_1_1' title="bbox 244 94 1420 141">
     <span class='ocr_line' id='line_1_1' title="bbox 244 94 1420 141; baseline 0.003 -11"><span class='ocrx_word' id='word_1_1' title='bbox 244 95 334 131; x_wconf 90' lang='lat' dir='ltr'>LIB.</span> <span class='ocrx_word' id='word_1_2' title='bbox 361 95 388 130; x_wconf 95' lang='lat' dir='ltr'>I.</span> <span class='ocrx_word' id='word_1_3' title='bbox 416 94 516 131; x_wconf 88' lang='lat' dir='ltr'><strong>CAP.</strong></span> <span class='ocrx_word' id='word_1_4' title='bbox 542 99 598 130; x_wconf 83' lang='lat'>44.</span> <span class='ocrx_word' id='word_1_5' title='bbox 624 99 644 138; x_wconf 67' lang='grc' dir='ltr'>ξ</span> <span class='ocrx_word' id='word_1_6' title='bbox 671 99 865 131; x_wconf 81' lang='lat'>122—124.</span> <span class='ocrx_word' id='word_1_7' title='bbox 891 95 981 130; x_wconf 84' lang='lat' dir='ltr'>LIB.</span> <span class='ocrx_word' id='word_1_8' title='bbox 1007 96 1052 131; x_wconf 91' lang='grc' dir='ltr'>Π.</span> <span class='ocrx_word' id='word_1_9' title='bbox 1078 96 1260 133; x_wconf 84' lang='lat' dir='ltr'><strong>ARGUM.</strong></span> <span class='ocrx_word' id='word_1_10' title='bbox 1363 100 1420 141; x_wconf 88' lang='lat'>45</span> 
     </span>
    </p>
   </div>
   <div class='ocr_carea' id='block_1_2' title="bbox 237 224 1268 468">
    <p class='ocr_par' dir='ltr' id='par_1_2' title="bbox 237 224 1268 468">
     <span class='ocr_line' id='line_1_2' title="bbox 415 224 1091 335; baseline -0.001 -1"><span class='ocrx_word' id='word_1_11' title='bbox 415 224 475 335; x_wconf 79' lang='grc' dir='ltr'>Μ.</span> <span class='ocrx_word' id='word_1_12' title='bbox 515 284 726 333; x_wconf 82' lang='lat' dir='ltr'>TULLII</span> <span class='ocrx_word' id='word_1_13' title='bbox 763 285 1091 333; x_wconf 77' lang='lat' dir='ltr'>CICERONIS</span> 
     </span>
     <span class='ocr_line' id='line_1_3' title="bbox 237 401 1268 468; baseline 0.002 -2"><span class='ocrx_word' id='word_1_14' title='bbox 237 402 362 466; x_wconf 92' lang='lat' dir='ltr'>DE</span> <span class='ocrx_word' id='word_1_15' title='bbox 407 401 816 466; x_wconf 82' lang='lat' dir='ltr'><strong>NATURA</strong></span> <span class='ocrx_word' id='word_1_16' title='bbox 859 401 1268 468; x_wconf 85' lang='lat' dir='ltr'>DEORUM</span> 
     </span>
    </p>
   </div>
   <div class='ocr_carea' id='block_1_3' title="bbox 479 525 1026 666">
    <p class='ocr_par' dir='ltr' id='par_1_3' title="bbox 479 525 1026 666">
     <span class='ocr_line' id='line_1_4' title="bbox 571 525 931 562; baseline 0.006 -1"><span class='ocrx_word' id='word_1_17' title='bbox 571 525 637 561; x_wconf 90' lang='lat' dir='ltr'>AD</span> <span class='ocrx_word' id='word_1_18' title='bbox 657 525 706 560; x_wconf 90' lang='lat' dir='ltr'>M.</span> <span class='ocrx_word' id='word_1_19' title='bbox 727 526 931 562; x_wconf 86' lang='lat' dir='ltr'>BRUTUM</span> 
     </span>
     <span class='ocr_line' id='line_1_5' title="bbox 479 625 1026 666; baseline 0.004 -2"><span class='ocrx_word' id='word_1_20' title='bbox 479 625 664 664; x_wconf 88' lang='lat' dir='ltr'>LIBER</span> <span class='ocrx_word' id='word_1_21' title='bbox 696 625 1026 666; x_wconf 87' lang='lat' dir='ltr'>SECUNDUS.</span> 
     </span>
    </p>
   </div>
   <div class='ocr_carea' id='block_1_4' title="bbox 557 812 947 854">
    <p class='ocr_par' dir='ltr' id='par_1_4' title="bbox 557 812 947 854">
     <span class='ocr_line' id='line_1_6' title="bbox 557 812 947 854; baseline 0.005 -2"><span class='ocrx_word' id='word_1_22' title='bbox 557 812 947 854; x_wconf 85' lang='lat' dir='ltr'><strong>ARGUMENTUM.</strong></span> 
     </span>
    </p>
   </div>
   <div class='ocr_carea' id='block_1_5' title="bbox 74 900 1420 2359">
    <p class='ocr_par' dir='ltr' id='par_1_5' title="bbox 74 900 1420 2359">
     <span class='ocr_line' id='line_1_7' title="bbox 175 900 1420 947; baseline 0.002 -11"><span class='ocrx_word' id='word_1_23' title='bbox 175 901 246 936; x_wconf 88' lang='lat' dir='ltr'>Hic</span> <span class='ocrx_word' id='word_1_24' title='bbox 264 901 360 937; x_wconf 89' lang='lat' dir='ltr'>liber</span> <span class='ocrx_word' id='word_1_25' title='bbox 379 900 484 936; x_wconf 85' lang='lat' dir='ltr'>brevi</span> <span class='ocrx_word' id='word_1_26' title='bbox 498 901 701 947; x_wconf 88' lang='lat' dir='ltr'>praemisso</span> <span class='ocrx_word' id='word_1_27' title='bbox 716 901 907 947; x_wconf 86' lang='lat' dir='ltr'>prooemio</span> <span class='ocrx_word' id='word_1_28' title='bbox 923 902 1088 938; x_wconf 90' lang='lat' dir='ltr'>continet</span> <span class='ocrx_word' id='word_1_29' title='bbox 1100 902 1210 938; x_wconf 86' lang='lat' dir='ltr'>Balbi</span> <span class='ocrx_word' id='word_1_30' title='bbox 1224 903 1269 939; x_wconf 89' lang='lat' dir='ltr'>de</span> <span class='ocrx_word' id='word_1_31' title='bbox 1288 905 1420 940; x_wconf 84' lang='lat' dir='ltr'>natura</span> 
     </span>
     <span class='ocr_line' id='line_1_8' title="bbox 82 948 1419 994; baseline 0.001 -10"><span class='ocrx_word' id='word_1_32' title='bbox 82 950 234 985; x_wconf 87' lang='lat' dir='ltr'>deorum</span> <span class='ocrx_word' id='word_1_33' title='bbox 254 948 545 994; x_wconf 83' lang='lat' dir='ltr'>disputationem</span> <span class='ocrx_word' id='word_1_34' title='bbox 564 959 608 983; x_wconf 84' lang='lat' dir='ltr'>ex</span> <span class='ocrx_word' id='word_1_35' title='bbox 626 951 749 984; x_wconf 91' lang='lat' dir='ltr'>mente</span> <span class='ocrx_word' id='word_1_36' title='bbox 771 949 989 994; x_wconf 87' lang='lat' dir='ltr'>Stoicorum,</span> <span class='ocrx_word' id='word_1_37' title='bbox 1017 949 1080 994; x_wconf 88' lang='lat' dir='ltr'>qui</span> <span class='ocrx_word' id='word_1_38' title='bbox 1099 952 1220 985; x_wconf 88' lang='lat' dir='ltr'>totum</span> <span class='ocrx_word' id='word_1_39' title='bbox 1239 950 1361 986; x_wconf 91' lang='lat' dir='ltr'>locum</span> <span class='ocrx_word' id='word_1_40' title='bbox 1380 952 1419 986; x_wconf 90' lang='lat' dir='ltr'>in</span> 
     </span>
     <span class='ocr_line' id='line_1_9' title="bbox 81 995 1419 1043; baseline 0.001 -12"><span class='ocrx_word' id='word_1_41' title='bbox 81 997 206 1042; x_wconf 87' lang='lat' dir='ltr'>partes</span> <span class='ocrx_word' id='word_1_42' title='bbox 233 997 407 1040; x_wconf 88' lang='lat' dir='ltr'>quattuor</span> <span class='ocrx_word' id='word_1_43' title='bbox 432 995 659 1031; x_wconf 72' lang='lat' dir='ltr'>dividebant.</span> <span class='ocrx_word' id='word_1_44' title='bbox 703 996 867 1031; x_wconf 89' lang='lat' dir='ltr'>Primum</span> <span class='ocrx_word' id='word_1_45' title='bbox 893 996 991 1031; x_wconf 90' lang='lat' dir='ltr'>enim</span> <span class='ocrx_word' id='word_1_46' title='bbox 1016 997 1201 1032; x_wconf 74' lang='lat' dir='ltr'>docebant</span> <span class='ocrx_word' id='word_1_47' title='bbox 1220 1009 1298 1033; x_wconf 87' lang='lat' dir='ltr'>esse</span> <span class='ocrx_word' id='word_1_48' title='bbox 1319 999 1419 1043; x_wconf 88' lang='lat' dir='ltr'>deos,</span> 
     </span>
     <span class='ocr_line' id='line_1_10' title="bbox 82 1043 1415 1090; baseline 0.002 -13"><span class='ocrx_word' id='word_1_49' title='bbox 82 1043 215 1078; x_wconf 90' lang='lat' dir='ltr'>deinde</span> <span class='ocrx_word' id='word_1_50' title='bbox 247 1043 374 1088; x_wconf 87' lang='lat' dir='ltr'>quales</span> <span class='ocrx_word' id='word_1_51' title='bbox 407 1044 544 1086; x_wconf 84' lang='lat' dir='ltr'>essent,</span> <span class='ocrx_word' id='word_1_52' title='bbox 576 1045 656 1077; x_wconf 89' lang='lat' dir='ltr'>tum</span> <span class='ocrx_word' id='word_1_53' title='bbox 686 1043 864 1077; x_wconf 89' lang='lat' dir='ltr'>mundum</span> <span class='ocrx_word' id='word_1_54' title='bbox 895 1044 941 1077; x_wconf 89' lang='lat' dir='ltr'>ab</span> <span class='ocrx_word' id='word_1_55' title='bbox 973 1043 1026 1078; x_wconf 88' lang='lat' dir='ltr'>eis</span> <span class='ocrx_word' id='word_1_56' title='bbox 1052 1044 1318 1088; x_wconf 82' lang='lat' dir='ltr'>administrari,</span> <span class='ocrx_word' id='word_1_57' title='bbox 1349 1057 1415 1090; x_wconf 93' lang='lat' dir='ltr'>po-</span> 
     </span>
     <span class='ocr_line' id='line_1_11' title="bbox 81 1089 1419 1136; baseline 0.001 -11"><span class='ocrx_word' id='word_1_58' title='bbox 81 1092 219 1125; x_wconf 88' lang='lat' dir='ltr'>stremo</span> <span class='ocrx_word' id='word_1_59' title='bbox 245 1089 434 1125; x_wconf 84' lang='lat' dir='ltr'>consulere</span> <span class='ocrx_word' id='word_1_60' title='bbox 461 1100 523 1124; x_wconf 89' lang='lat' dir='ltr'>eos</span> <span class='ocrx_word' id='word_1_61' title='bbox 548 1090 656 1124; x_wconf 90' lang='lat' dir='ltr'>rebus</span> <span class='ocrx_word' id='word_1_62' title='bbox 681 1090 862 1125; x_wconf 87' lang='lat' dir='ltr'>humanis.</span> <span class='ocrx_word' id='word_1_63' title='bbox 906 1090 974 1124; x_wconf 89' lang='lat' dir='ltr'>His</span> <span class='ocrx_word' id='word_1_64' title='bbox 999 1090 1115 1135; x_wconf 88' lang='lat' dir='ltr'>igitur</span> <span class='ocrx_word' id='word_1_65' title='bbox 1134 1093 1309 1136; x_wconf 88' lang='lat' dir='ltr'>quattuor</span> <span class='ocrx_word' id='word_1_66' title='bbox 1327 1094 1419 1127; x_wconf 84' lang='lat' dir='ltr'>tam·</span> 
     </span>
     <span class='ocr_line' id='line_1_12' title="bbox 81 1136 1420 1184; baseline 0.001 -12"><span class='ocrx_word' id='word_1_67' title='bbox 81 1148 192 1182; x_wconf 88' lang='lat' dir='ltr'>quam</span> <span class='ocrx_word' id='word_1_68' title='bbox 229 1136 413 1182; x_wconf 75' lang='lat' dir='ltr'>capitibus</span> <span class='ocrx_word' id='word_1_69' title='bbox 450 1137 532 1171; x_wconf 89' lang='lat' dir='ltr'>tota</span> <span class='ocrx_word' id='word_1_70' title='bbox 566 1136 674 1171; x_wconf 83' lang='lat' dir='ltr'>Balbi</span> <span class='ocrx_word' id='word_1_71' title='bbox 706 1136 911 1182; x_wconf 87' lang='lat' dir='ltr'>disputatio</span> <span class='ocrx_word' id='word_1_72' title='bbox 943 1137 1163 1173; x_wconf 81' lang='lat' dir='ltr'>continetur.</span> <span class='ocrx_word' id='word_1_73' title='bbox 1220 1138 1268 1173; x_wconf 93' lang='lat' dir='ltr'>Et</span> <span class='ocrx_word' id='word_1_74' title='bbox 1300 1140 1420 1184; x_wconf 89' lang='lat' dir='ltr'>prima</span> 
     </span>
     <span class='ocr_line' id='line_1_13' title="bbox 82 1183 1418 1232; baseline 0.002 -14"><span class='ocrx_word' id='word_1_75' title='bbox 82 1184 232 1228; x_wconf 90' lang='lat' dir='ltr'>quidem</span> <span class='ocrx_word' id='word_1_76' title='bbox 262 1194 347 1228; x_wconf 86' lang='lat' dir='ltr'>pars</span> <span class='ocrx_word' id='word_1_77' title='bbox 379 1193 600 1227; x_wconf 90' lang='lat' dir='ltr'>quamquam</span> <span class='ocrx_word' id='word_1_78' title='bbox 630 1194 675 1218; x_wconf 89' lang='lat' dir='ltr'>ne</span> <span class='ocrx_word' id='word_1_79' title='bbox 709 1194 816 1228; x_wconf 87' lang='lat' dir='ltr'>egere</span> <span class='ocrx_word' id='word_1_80' title='bbox 843 1183 993 1228; x_wconf 85' lang='lat' dir='ltr'>quidem</span> <span class='ocrx_word' id='word_1_81' title='bbox 1018 1184 1185 1220; x_wconf 88' lang='lat' dir='ltr'>oratione</span> <span class='ocrx_word' id='word_1_82' title='bbox 1210 1185 1330 1220; x_wconf 86' lang='lat' dir='ltr'>videri</span> <span class='ocrx_word' id='word_1_83' title='bbox 1354 1198 1418 1232; x_wconf 91' lang='lat' dir='ltr'>po-</span> 
     </span>
     <span class='ocr_line' id='line_1_14' title="bbox 80 1229 1419 1277; baseline 0.001 -11"><span class='ocrx_word' id='word_1_84' title='bbox 80 1232 195 1273; x_wconf 81' lang='lat' dir='ltr'>terat,</span> <span class='ocrx_word' id='word_1_85' title='bbox 220 1231 346 1265; x_wconf 87' lang='lat' dir='ltr'>tamen</span> <span class='ocrx_word' id='word_1_86' title='bbox 370 1229 428 1264; x_wconf 90' lang='lat' dir='ltr'>his</span> <span class='ocrx_word' id='word_1_87' title='bbox 454 1229 681 1275; x_wconf 82' lang='lat' dir='ltr'>argumentis</span> <span class='ocrx_word' id='word_1_88' title='bbox 709 1230 952 1265; x_wconf 88' lang='lat' dir='ltr'>confirmatur.</span> <span class='ocrx_word' id='word_1_89' title='bbox 1001 1230 1098 1265; x_wconf 90' lang='lat' dir='ltr'>Nam</span> <span class='ocrx_word' id='word_1_90' title='bbox 1121 1231 1293 1276; x_wconf 87' lang='lat' dir='ltr'>primum,</span> <span class='ocrx_word' id='word_1_91' title='bbox 1320 1233 1419 1277; x_wconf 88' lang='lat' dir='ltr'>quod</span> 
     </span>
     <span class='ocr_line' id='line_1_15' title="bbox 81 1276 1418 1323; baseline 0.001 -10"><span class='ocrx_word' id='word_1_92' title='bbox 81 1278 245 1313; x_wconf 90' lang='lat' dir='ltr'>omnium</span> <span class='ocrx_word' id='word_1_93' title='bbox 270 1276 504 1312; x_wconf 86' lang='lat' dir='ltr'>consentiens</span> <span class='ocrx_word' id='word_1_94' title='bbox 531 1277 581 1312; x_wconf 90' lang='lat' dir='ltr'>sit</span> <span class='ocrx_word' id='word_1_95' title='bbox 605 1277 651 1312; x_wconf 89' lang='lat' dir='ltr'>de</span> <span class='ocrx_word' id='word_1_96' title='bbox 677 1277 733 1312; x_wconf 92' lang='lat' dir='ltr'>dis</span> <span class='ocrx_word' id='word_1_97' title='bbox 760 1277 898 1323; x_wconf 88' lang='lat' dir='ltr'>opinio,</span> <span class='ocrx_word' id='word_1_98' title='bbox 924 1278 1057 1312; x_wconf 85' lang='lat' dir='ltr'>natura</span> <span class='ocrx_word' id='word_1_99' title='bbox 1081 1279 1233 1314; x_wconf 85' lang='lat' dir='ltr'>evidens</span> <span class='ocrx_word' id='word_1_100' title='bbox 1258 1290 1336 1315; x_wconf 87' lang='lat' dir='ltr'>esse</span> <span class='ocrx_word' id='word_1_101' title='bbox 1355 1291 1418 1315; x_wconf 90' lang='lat' dir='ltr'>ne-</span> 
     </span>
     <span class='ocr_line' id='line_1_16' title="bbox 80 1324 1417 1370; baseline 0.001 -10"><span class='ocrx_word' id='word_1_102' title='bbox 80 1335 182 1360; x_wconf 85' lang='lat' dir='ltr'>cesse</span> <span class='ocrx_word' id='word_1_103' title='bbox 215 1335 310 1366; x_wconf 88' lang='lat' dir='ltr'>esse,</span> <span class='ocrx_word' id='word_1_104' title='bbox 344 1324 477 1359; x_wconf 91' lang='lat' dir='ltr'>deinde</span> <span class='ocrx_word' id='word_1_105' title='bbox 509 1324 597 1359; x_wconf 90' lang='lat' dir='ltr'>deos</span> <span class='ocrx_word' id='word_1_106' title='bbox 628 1324 730 1369; x_wconf 89' lang='lat' dir='ltr'>ipsos</span> <span class='ocrx_word' id='word_1_107' title='bbox 760 1324 972 1370; x_wconf 89' lang='lat' dir='ltr'>praesentia</span> <span class='ocrx_word' id='word_1_108' title='bbox 996 1336 1063 1359; x_wconf 92' lang='lat' dir='ltr'>sua</span> <span class='ocrx_word' id='word_1_109' title='bbox 1087 1327 1126 1360; x_wconf 90' lang='lat' dir='ltr'>et</span> <span class='ocrx_word' id='word_1_110' title='bbox 1149 1326 1312 1361; x_wconf 85' lang='lat' dir='ltr'>adventu</span> <span class='ocrx_word' id='word_1_111' title='bbox 1337 1338 1417 1362; x_wconf 88' lang='lat' dir='ltr'>eam</span> 
     </span>
     <span class='ocr_line' id='line_1_17' title="bbox 77 1370 1418 1417; baseline 0.001 -10"><span class='ocrx_word' id='word_1_112' title='bbox 77 1383 157 1407; x_wconf 89' lang='lat' dir='ltr'>rem</span> <span class='ocrx_word' id='word_1_113' title='bbox 194 1371 442 1414; x_wconf 86' lang='lat' dir='ltr'>confirmasse,</span> <span class='ocrx_word' id='word_1_114' title='bbox 479 1370 753 1416; x_wconf 78' lang='lat' dir='ltr'>praedictiones</span> <span class='ocrx_word' id='word_1_115' title='bbox 791 1371 882 1407; x_wconf 90' lang='lat' dir='ltr'>item</span> <span class='ocrx_word' id='word_1_116' title='bbox 916 1373 955 1406; x_wconf 95' lang='lat' dir='ltr'>et</span> <span class='ocrx_word' id='word_1_117' title='bbox 983 1372 1264 1417; x_wconf 83' lang='lat' dir='ltr'>praesensiones</span> <span class='ocrx_word' id='word_1_118' title='bbox 1296 1385 1418 1408; x_wconf 88' lang='lat' dir='ltr'>rerum</span> 
     </span>
     <span class='ocr_line' id='line_1_18' title="bbox 77 1418 1417 1460; baseline 0.002 -7"><span class='ocrx_word' id='word_1_119' title='bbox 77 1419 283 1453; x_wconf 82' lang='lat' dir='ltr'>futurarum</span> <span class='ocrx_word' id='word_1_120' title='bbox 309 1429 387 1453; x_wconf 89' lang='lat' dir='ltr'>esse</span> <span class='ocrx_word' id='word_1_121' title='bbox 413 1418 503 1453; x_wconf 87' lang='lat' dir='ltr'>deos</span> <span class='ocrx_word' id='word_1_122' title='bbox 529 1418 698 1460; x_wconf 86' lang='lat' dir='ltr'>clamare,</span> <span class='ocrx_word' id='word_1_123' title='bbox 725 1418 887 1453; x_wconf 89' lang='lat' dir='ltr'>omnium</span> <span class='ocrx_word' id='word_1_124' title='bbox 912 1430 999 1453; x_wconf 90' lang='lat' dir='ltr'>vero</span> <span class='ocrx_word' id='word_1_125' title='bbox 1024 1419 1181 1455; x_wconf 84' lang='lat' dir='ltr'>maxime</span> <span class='ocrx_word' id='word_1_126' title='bbox 1207 1420 1338 1455; x_wconf 88' lang='lat' dir='ltr'>miram</span> <span class='ocrx_word' id='word_1_127' title='bbox 1361 1422 1417 1456; x_wconf 88' lang='lat' dir='ltr'>to-</span> 
     </span>
     <span class='ocr_line' id='line_1_19' title="bbox 77 1464 1418 1512; baseline 0.001 -11"><span class='ocrx_word' id='word_1_128' title='bbox 77 1466 153 1501; x_wconf 84' lang='lat' dir='ltr'>tius</span> <span class='ocrx_word' id='word_1_129' title='bbox 195 1465 324 1500; x_wconf 90' lang='lat' dir='ltr'>mundi</span> <span class='ocrx_word' id='word_1_130' title='bbox 365 1464 603 1508; x_wconf 87' lang='lat' dir='ltr'>varietatem,</span> <span class='ocrx_word' id='word_1_131' title='bbox 646 1465 979 1511; x_wconf 87' lang='lat' dir='ltr'>pulchritudinem,</span> <span class='ocrx_word' id='word_1_132' title='bbox 1023 1467 1189 1501; x_wconf 87' lang='lat' dir='ltr'>ordinem</span> <span class='ocrx_word' id='word_1_133' title='bbox 1224 1479 1418 1512; x_wconf 85' lang='lat' dir='ltr'>rerumque</span> 
     </span>
     <span class='ocr_line' id='line_1_20' title="bbox 79 1512 1418 1559; baseline 0.001 -11"><span class='ocrx_word' id='word_1_134' title='bbox 79 1512 244 1548; x_wconf 85' lang='lat' dir='ltr'>omnium</span> <span class='ocrx_word' id='word_1_135' title='bbox 268 1512 316 1547; x_wconf 92' lang='lat' dir='ltr'>ad</span> <span class='ocrx_word' id='word_1_136' title='bbox 340 1512 542 1547; x_wconf 79' lang='lat' dir='ltr'>utilitatem</span> <span class='ocrx_word' id='word_1_137' title='bbox 568 1512 889 1558; x_wconf 84' lang='lat' dir='ltr'>conspirationem.</span> <span class='ocrx_word' id='word_1_138' title='bbox 936 1512 1030 1554; x_wconf 72' lang='lat' dir='ltr'>Quin</span> <span class='ocrx_word' id='word_1_139' title='bbox 1057 1525 1101 1548; x_wconf 84' lang='lat' dir='ltr'>ex</span> <span class='ocrx_word' id='word_1_140' title='bbox 1125 1514 1208 1559; x_wconf 89' lang='lat' dir='ltr'>ipsa</span> <span class='ocrx_word' id='word_1_141' title='bbox 1226 1515 1418 1549; x_wconf 82' lang='lat' dir='ltr'>hominum</span> 
     </span>
     <span class='ocr_line' id='line_1_21' title="bbox 78 1559 1416 1605; baseline 0.001 -10"><span class='ocrx_word' id='word_1_142' title='bbox 78 1560 246 1595; x_wconf 89' lang='lat' dir='ltr'>sollertia</span> <span class='ocrx_word' id='word_1_143' title='bbox 271 1559 400 1605; x_wconf 88' lang='lat' dir='ltr'>colligi</span> <span class='ocrx_word' id='word_1_144' title='bbox 424 1570 534 1604; x_wconf 88' lang='lat' dir='ltr'>posse</span> <span class='ocrx_word' id='word_1_145' title='bbox 560 1571 639 1595; x_wconf 84' lang='lat' dir='ltr'>esse</span> <span class='ocrx_word' id='word_1_146' title='bbox 664 1560 827 1604; x_wconf 85' lang='lat' dir='ltr'>aliquam</span> <span class='ocrx_word' id='word_1_147' title='bbox 850 1561 1013 1595; x_wconf 87' lang='lat' dir='ltr'>mentem</span> <span class='ocrx_word' id='word_1_148' title='bbox 1039 1560 1212 1596; x_wconf 83' lang='lat' dir='ltr'>divinam.</span> <span class='ocrx_word' id='word_1_149' title='bbox 1262 1561 1358 1596; x_wconf 87' lang='lat' dir='ltr'>Nam</span> <span class='ocrx_word' id='word_1_150' title='bbox 1384 1562 1416 1597; x_wconf 88' lang='lat' dir='ltr'>si</span> 
     </span>
     <span class='ocr_line' id='line_1_22' title="bbox 78 1606 1413 1652; baseline 0.001 -10"><span class='ocrx_word' id='word_1_151' title='bbox 78 1608 218 1650; x_wconf 89' lang='lat' dir='ltr'>cetera,</span> <span class='ocrx_word' id='word_1_152' title='bbox 243 1617 337 1651; x_wconf 91' lang='lat' dir='ltr'>quae</span> <span class='ocrx_word' id='word_1_153' title='bbox 361 1606 402 1641; x_wconf 86' lang='lat' dir='ltr'>in</span> <span class='ocrx_word' id='word_1_154' title='bbox 427 1617 580 1652; x_wconf 89' lang='lat' dir='ltr'>corpore</span> <span class='ocrx_word' id='word_1_155' title='bbox 606 1606 696 1651; x_wconf 88' lang='lat' dir='ltr'>sint,</span> <span class='ocrx_word' id='word_1_156' title='bbox 722 1607 871 1642; x_wconf 88' lang='lat' dir='ltr'>aliunde</span> <span class='ocrx_word' id='word_1_157' title='bbox 898 1608 1105 1650; x_wconf 83' lang='lat' dir='ltr'>sumantur,</span> <span class='ocrx_word' id='word_1_158' title='bbox 1131 1607 1233 1642; x_wconf 88' lang='lat' dir='ltr'>aliud</span> <span class='ocrx_word' id='word_1_159' title='bbox 1259 1619 1281 1643; x_wconf 88' lang='lat' dir='ltr'>a</span> <span class='ocrx_word' id='word_1_160' title='bbox 1304 1610 1413 1652; x_wconf 88' lang='lat' dir='ltr'>terra,</span> 
     </span>
     <span class='ocr_line' id='line_1_23' title="bbox 78 1653 1415 1699; baseline 0.001 -11"><span class='ocrx_word' id='word_1_161' title='bbox 78 1653 180 1689; x_wconf 90' lang='lat' dir='ltr'>aliud</span> <span class='ocrx_word' id='word_1_162' title='bbox 206 1653 252 1688; x_wconf 93' lang='lat' dir='ltr'>ab</span> <span class='ocrx_word' id='word_1_163' title='bbox 277 1664 415 1697; x_wconf 89' lang='lat' dir='ltr'>umore,</span> <span class='ocrx_word' id='word_1_164' title='bbox 441 1653 542 1688; x_wconf 88' lang='lat' dir='ltr'>aliud</span> <span class='ocrx_word' id='word_1_165' title='bbox 567 1653 614 1688; x_wconf 88' lang='lat' dir='ltr'>ab</span> <span class='ocrx_word' id='word_1_166' title='bbox 639 1657 740 1698; x_wconf 83' lang='lat' dir='ltr'>a&#39;ere,</span> <span class='ocrx_word' id='word_1_167' title='bbox 765 1654 867 1688; x_wconf 91' lang='lat' dir='ltr'>aliud</span> <span class='ocrx_word' id='word_1_168' title='bbox 892 1654 938 1689; x_wconf 90' lang='lat' dir='ltr'>ab</span> <span class='ocrx_word' id='word_1_169' title='bbox 964 1654 1060 1699; x_wconf 83' lang='lat' dir='ltr'>igni,</span> <span class='ocrx_word' id='word_1_170' title='bbox 1092 1654 1276 1690; x_wconf 87' lang='lat' dir='ltr'>rationem</span> <span class='ocrx_word' id='word_1_171' title='bbox 1302 1656 1415 1690; x_wconf 83' lang='lat' dir='ltr'>etiam</span> 
     </span>
     <span class='ocr_line' id='line_1_24' title="bbox 77 1700 1414 1746; baseline 0.001 -11"><span class='ocrx_word' id='word_1_172' title='bbox 77 1700 226 1736; x_wconf 88' lang='lat' dir='ltr'>aliunde</span> <span class='ocrx_word' id='word_1_173' title='bbox 249 1701 386 1735; x_wconf 90' lang='lat' dir='ltr'>habere</span> <span class='ocrx_word' id='word_1_174' title='bbox 410 1711 478 1735; x_wconf 89' lang='lat' dir='ltr'>nos</span> <span class='ocrx_word' id='word_1_175' title='bbox 503 1711 652 1736; x_wconf 90' lang='lat' dir='ltr'>neeesse</span> <span class='ocrx_word' id='word_1_176' title='bbox 679 1712 768 1744; x_wconf 90' lang='lat' dir='ltr'>esse,</span> <span class='ocrx_word' id='word_1_177' title='bbox 795 1702 843 1746; x_wconf 89' lang='lat' dir='ltr'>et,</span> <span class='ocrx_word' id='word_1_178' title='bbox 870 1712 953 1736; x_wconf 91' lang='lat' dir='ltr'>cum</span> <span class='ocrx_word' id='word_1_179' title='bbox 973 1702 1096 1736; x_wconf 89' lang='lat' dir='ltr'>cetera</span> <span class='ocrx_word' id='word_1_180' title='bbox 1115 1702 1239 1737; x_wconf 89' lang='lat' dir='ltr'>omnia</span> <span class='ocrx_word' id='word_1_181' title='bbox 1256 1703 1414 1737; x_wconf 89' lang='lat' dir='ltr'>mundus</span> 
     </span>
     <span class='ocr_line' id='line_1_25' title="bbox 75 1747 1414 1793; baseline 0.001 -11"><span class='ocrx_word' id='word_1_182' title='bbox 75 1748 229 1792; x_wconf 90' lang='lat' dir='ltr'>habeat,</span> <span class='ocrx_word' id='word_1_183' title='bbox 256 1748 354 1792; x_wconf 91' lang='lat' dir='ltr'>quod</span> <span class='ocrx_word' id='word_1_184' title='bbox 380 1747 430 1782; x_wconf 87' lang='lat' dir='ltr'>sit</span> <span class='ocrx_word' id='word_1_185' title='bbox 454 1747 617 1782; x_wconf 89' lang='lat' dir='ltr'>omnium</span> <span class='ocrx_word' id='word_1_186' title='bbox 643 1748 842 1793; x_wconf 87' lang='lat' dir='ltr'>optimum,</span> <span class='ocrx_word' id='word_1_187' title='bbox 867 1747 908 1782; x_wconf 92' lang='lat' dir='ltr'>id</span> <span class='ocrx_word' id='word_1_188' title='bbox 932 1748 1054 1793; x_wconf 90' lang='lat' dir='ltr'>ipsum</span> <span class='ocrx_word' id='word_1_189' title='bbox 1079 1760 1143 1783; x_wconf 89' lang='lat' dir='ltr'>cur</span> <span class='ocrx_word' id='word_1_190' title='bbox 1166 1760 1243 1784; x_wconf 90' lang='lat' dir='ltr'>non</span> <span class='ocrx_word' id='word_1_191' title='bbox 1266 1750 1414 1793; x_wconf 89' lang='lat' dir='ltr'>habeat,</span> 
     </span>
     <span class='ocr_line' id='line_1_26' title="bbox 75 1794 1413 1840; baseline 0.002 -11"><span class='ocrx_word' id='word_1_192' title='bbox 75 1794 219 1830; x_wconf 85' lang='lat' dir='ltr'>nullam</span> <span class='ocrx_word' id='word_1_193' title='bbox 244 1806 323 1830; x_wconf 88' lang='lat' dir='ltr'>esse</span> <span class='ocrx_word' id='word_1_194' title='bbox 347 1794 540 1829; x_wconf 88' lang='lat' dir='ltr'>rationem.</span> <span class='ocrx_word' id='word_1_195' title='bbox 585 1794 719 1830; x_wconf 82' lang='lat' dir='ltr'>Omnes</span> <span class='ocrx_word' id='word_1_196' title='bbox 745 1806 854 1840; x_wconf 89' lang='lat' dir='ltr'>porro</span> <span class='ocrx_word' id='word_1_197' title='bbox 875 1795 1075 1830; x_wconf 90' lang='lat' dir='ltr'>concedere</span> <span class='ocrx_word' id='word_1_198' title='bbox 1094 1796 1190 1830; x_wconf 88' lang='lat' dir='ltr'>nihil</span> <span class='ocrx_word' id='word_1_199' title='bbox 1209 1807 1284 1831; x_wconf 89' lang='lat' dir='ltr'>non</span> <span class='ocrx_word' id='word_1_200' title='bbox 1302 1797 1413 1832; x_wconf 92' lang='lat' dir='ltr'>modo</span> 
     </span>
     <span class='ocr_line' id='line_1_27' title="bbox 77 1841 1415 1888; baseline 0.001 -12"><span class='ocrx_word' id='word_1_201' title='bbox 77 1853 157 1877; x_wconf 88' lang='lat' dir='ltr'>esse</span> <span class='ocrx_word' id='word_1_202' title='bbox 181 1842 318 1877; x_wconf 86' lang='lat' dir='ltr'>mundo</span> <span class='ocrx_word' id='word_1_203' title='bbox 344 1841 487 1885; x_wconf 85' lang='lat' dir='ltr'>melius,</span> <span class='ocrx_word' id='word_1_204' title='bbox 514 1841 580 1877; x_wconf 88' lang='lat' dir='ltr'>sed</span> <span class='ocrx_word' id='word_1_205' title='bbox 603 1853 649 1877; x_wconf 90' lang='lat' dir='ltr'>ne</span> <span class='ocrx_word' id='word_1_206' title='bbox 676 1842 835 1887; x_wconf 87' lang='lat' dir='ltr'>cogitari</span> <span class='ocrx_word' id='word_1_207' title='bbox 860 1842 1009 1887; x_wconf 90' lang='lat' dir='ltr'>quidem</span> <span class='ocrx_word' id='word_1_208' title='bbox 1027 1853 1153 1888; x_wconf 80' lang='lat' dir='ltr'>posse3</span> <span class='ocrx_word' id='word_1_209' title='bbox 1180 1854 1304 1887; x_wconf 88' lang='lat' dir='ltr'>quare,</span> <span class='ocrx_word' id='word_1_210' title='bbox 1332 1855 1415 1878; x_wconf 87' lang='lat' dir='ltr'>eum</span> 
     </span>
     <span class='ocr_line' id='line_1_28' title="bbox 76 1888 1415 1934; baseline 0.001 -11"><span class='ocrx_word' id='word_1_211' title='bbox 76 1888 219 1924; x_wconf 88' lang='lat' dir='ltr'>ratione</span> <span class='ocrx_word' id='word_1_212' title='bbox 249 1888 345 1923; x_wconf 90' lang='lat' dir='ltr'>nihil</span> <span class='ocrx_word' id='word_1_213' title='bbox 377 1888 426 1924; x_wconf 90' lang='lat' dir='ltr'>sit</span> <span class='ocrx_word' id='word_1_214' title='bbox 455 1888 604 1931; x_wconf 90' lang='lat' dir='ltr'>melius,</span> <span class='ocrx_word' id='word_1_215' title='bbox 624 1898 704 1922; x_wconf 81' lang='lat' dir='ltr'>eam</span> <span class='ocrx_word' id='word_1_216' title='bbox 721 1900 865 1934; x_wconf 88' lang='lat' dir='ltr'>quoque</span> <span class='ocrx_word' id='word_1_217' title='bbox 890 1889 929 1923; x_wconf 90' lang='lat' dir='ltr'>in</span> <span class='ocrx_word' id='word_1_218' title='bbox 954 1889 1091 1924; x_wconf 90' lang='lat' dir='ltr'>mundo</span> <span class='ocrx_word' id='word_1_219' title='bbox 1117 1889 1238 1925; x_wconf 89' lang='lat' dir='ltr'>inesse</span> <span class='ocrx_word' id='word_1_220' title='bbox 1262 1901 1415 1926; x_wconf 88' lang='lat' dir='ltr'>necesse</span> 
     </span>
     <span class='ocr_line' id='line_1_29' title="bbox 78 1935 1416 1982; baseline 0.002 -12"><span class='ocrx_word' id='word_1_221' title='bbox 78 1946 170 1980; x_wconf 86' lang='lat' dir='ltr'>esse,</span> <span class='ocrx_word' id='word_1_222' title='bbox 195 1935 256 1980; x_wconf 88' lang='lat' dir='ltr'>qui</span> <span class='ocrx_word' id='word_1_223' title='bbox 281 1935 449 1982; x_wconf 89' lang='lat' dir='ltr'>profecto</span> <span class='ocrx_word' id='word_1_224' title='bbox 474 1947 549 1971; x_wconf 90' lang='lat' dir='ltr'>non</span> <span class='ocrx_word' id='word_1_225' title='bbox 573 1938 703 1980; x_wconf 86' lang='lat' dir='ltr'>posset</span> <span class='ocrx_word' id='word_1_226' title='bbox 726 1937 780 1971; x_wconf 85' lang='lat' dir='ltr'>ita</span> <span class='ocrx_word' id='word_1_227' title='bbox 806 1935 974 1971; x_wconf 87' lang='lat' dir='ltr'>omnibus</span> <span class='ocrx_word' id='word_1_228' title='bbox 999 1936 1168 1981; x_wconf 87' lang='lat' dir='ltr'>partibus</span> <span class='ocrx_word' id='word_1_229' title='bbox 1195 1938 1416 1980; x_wconf 87' lang='lat' dir='ltr'>consentire,</span> 
     </span>
     <span class='ocr_line' id='line_1_30' title="bbox 76 1981 1415 2030; baseline 0.002 -14"><span class='ocrx_word' id='word_1_230' title='bbox 76 1981 150 2016; x_wconf 88' lang='lat' dir='ltr'>nisi</span> <span class='ocrx_word' id='word_1_231' title='bbox 178 1993 251 2017; x_wconf 87' lang='lat' dir='ltr'>uno</span> <span class='ocrx_word' id='word_1_232' title='bbox 283 1982 409 2018; x_wconf 87' lang='lat' dir='ltr'>divino</span> <span class='ocrx_word' id='word_1_233' title='bbox 436 1983 474 2018; x_wconf 90' lang='lat' dir='ltr'>et</span> <span class='ocrx_word' id='word_1_234' title='bbox 499 1983 713 2018; x_wconf 88' lang='lat' dir='ltr'>continuato</span> <span class='ocrx_word' id='word_1_235' title='bbox 739 1983 873 2029; x_wconf 88' lang='lat' dir='ltr'>spiritu</span> <span class='ocrx_word' id='word_1_236' title='bbox 898 1983 1150 2019; x_wconf 88' lang='lat' dir='ltr'>contineretur</span> <span class='ocrx_word' id='word_1_237' title='bbox 1175 1986 1267 2030; x_wconf 88' lang='lat' dir='ltr'>(cap.</span> <span class='ocrx_word' id='word_1_238' title='bbox 1297 1987 1415 2030; x_wconf 84' lang='lat'><strong>2—8).</strong></span> 
     </span>
     <span class='ocr_line' id='line_1_31' title="bbox 76 2028 1417 2076; baseline 0.002 -13"><span class='ocrx_word' id='word_1_239' title='bbox 76 2028 144 2063; x_wconf 85' lang='lat' dir='ltr'>His</span> <span class='ocrx_word' id='word_1_240' title='bbox 179 2029 384 2064; x_wconf 87' lang='lat' dir='ltr'>rationibus</span> <span class='ocrx_word' id='word_1_241' title='bbox 423 2029 655 2065; x_wconf 85' lang='lat' dir='ltr'>subiciuntur</span> <span class='ocrx_word' id='word_1_242' title='bbox 688 2030 1022 2066; x_wconf 85' lang='lat' dir='ltr'>demonstrationes</span> <span class='ocrx_word' id='word_1_243' title='bbox 1053 2030 1242 2076; x_wconf 80' lang='lat' dir='ltr'>physicae.</span> <span class='ocrx_word' id='word_1_244' title='bbox 1291 2031 1417 2066; x_wconf 90' lang='lat' dir='ltr'>Prima</span> 
     </span>
     <span class='ocr_line' id='line_1_32' title="bbox 76 2075 1415 2124; baseline 0.003 -15"><span class='ocrx_word' id='word_1_245' title='bbox 76 2075 185 2110; x_wconf 87' lang='lat' dir='ltr'>huius</span> <span class='ocrx_word' id='word_1_246' title='bbox 209 2076 312 2111; x_wconf 90' lang='lat' dir='ltr'>modi</span> <span class='ocrx_word' id='word_1_247' title='bbox 337 2078 410 2112; x_wconf 84' lang='lat' dir='ltr'>est:</span> <span class='ocrx_word' id='word_1_248' title='bbox 437 2076 578 2120; x_wconf 88' lang='lat' dir='ltr'>Omnia,</span> <span class='ocrx_word' id='word_1_249' title='bbox 606 2088 698 2122; x_wconf 90' lang='lat' dir='ltr'>quae</span> <span class='ocrx_word' id='word_1_250' title='bbox 724 2078 871 2112; x_wconf 88' lang='lat' dir='ltr'>alantur</span> <span class='ocrx_word' id='word_1_251' title='bbox 895 2078 934 2112; x_wconf 85' lang='lat' dir='ltr'>et</span> <span class='ocrx_word' id='word_1_252' title='bbox 959 2079 1139 2121; x_wconf 89' lang='lat' dir='ltr'>crescant,</span> <span class='ocrx_word' id='word_1_253' title='bbox 1166 2089 1210 2113; x_wconf 89' lang='lat' dir='ltr'>ea</span> <span class='ocrx_word' id='word_1_254' title='bbox 1235 2079 1415 2124; x_wconf 86' lang='lat' dir='ltr'>tempera-</span> 
     </span>
     <span class='ocr_line' id='line_1_33' title="bbox 75 2122 1415 2170; baseline 0.002 -14"><span class='ocrx_word' id='word_1_255' title='bbox 75 2122 180 2157; x_wconf 89' lang='lat' dir='ltr'>tione</span> <span class='ocrx_word' id='word_1_256' title='bbox 212 2122 344 2158; x_wconf 87' lang='lat' dir='ltr'>caloris</span> <span class='ocrx_word' id='word_1_257' title='bbox 376 2123 462 2159; x_wconf 79' lang='lat' dir='ltr'>oriri</span> <span class='ocrx_word' id='word_1_258' title='bbox 495 2125 534 2159; x_wconf 92' lang='lat' dir='ltr'>et</span> <span class='ocrx_word' id='word_1_259' title='bbox 564 2124 708 2170; x_wconf 87' lang='lat' dir='ltr'>augeri,</span> <span class='ocrx_word' id='word_1_260' title='bbox 747 2135 946 2169; x_wconf 88' lang='lat' dir='ltr'>omnesque</span> <span class='ocrx_word' id='word_1_261' title='bbox 976 2125 1102 2170; x_wconf 87' lang='lat' dir='ltr'>partes</span> <span class='ocrx_word' id='word_1_262' title='bbox 1132 2124 1262 2159; x_wconf 91' lang='lat' dir='ltr'>mundi</span> <span class='ocrx_word' id='word_1_263' title='bbox 1294 2125 1415 2160; x_wconf 87' lang='lat' dir='ltr'>calore</span> 
     </span>
     <span class='ocr_line' id='line_1_34' title="bbox 76 2168 1418 2217; baseline 0.002 -14"><span class='ocrx_word' id='word_1_264' title='bbox 76 2168 190 2204; x_wconf 86' lang='lat' dir='ltr'>fultas</span> <span class='ocrx_word' id='word_1_265' title='bbox 225 2169 416 2214; x_wconf 84' lang='lat' dir='ltr'>sustineri,</span> <span class='ocrx_word' id='word_1_266' title='bbox 452 2170 578 2216; x_wconf 89' lang='lat' dir='ltr'>itaque</span> <span class='ocrx_word' id='word_1_267' title='bbox 610 2170 723 2206; x_wconf 89' lang='lat' dir='ltr'>etiam</span> <span class='ocrx_word' id='word_1_268' title='bbox 752 2171 932 2206; x_wconf 89' lang='lat' dir='ltr'>mundum</span> <span class='ocrx_word' id='word_1_269' title='bbox 962 2171 1076 2207; x_wconf 79' lang='lat' dir='ltr'>simili</span> <span class='ocrx_word' id='word_1_270' title='bbox 1106 2171 1260 2217; x_wconf 88' lang='lat' dir='ltr'>parique</span> <span class='ocrx_word' id='word_1_271' title='bbox 1285 2174 1418 2206; x_wconf 87' lang='lat' dir='ltr'>natura</span> 
     </span>
     <span class='ocr_line' id='line_1_35' title="bbox 77 2216 1416 2263; baseline 0.001 -13"><span class='ocrx_word' id='word_1_272' title='bbox 77 2216 226 2251; x_wconf 86' lang='lat' dir='ltr'>servari.</span> <span class='ocrx_word' id='word_1_273' title='bbox 277 2217 368 2252; x_wconf 88' lang='lat' dir='ltr'>Esse</span> <span class='ocrx_word' id='word_1_274' title='bbox 392 2216 508 2262; x_wconf 88' lang='lat' dir='ltr'>igitur</span> <span class='ocrx_word' id='word_1_275' title='bbox 530 2218 711 2261; x_wconf 88' lang='lat' dir='ltr'>naturam,</span> <span class='ocrx_word' id='word_1_276' title='bbox 738 2229 831 2263; x_wconf 91' lang='lat' dir='ltr'>quae</span> <span class='ocrx_word' id='word_1_277' title='bbox 857 2229 1004 2253; x_wconf 87' lang='lat' dir='ltr'>omnem</span> <span class='ocrx_word' id='word_1_278' title='bbox 1027 2219 1207 2254; x_wconf 89' lang='lat' dir='ltr'>mundum</span> <span class='ocrx_word' id='word_1_279' title='bbox 1227 2219 1416 2254; x_wconf 76' lang='lat' dir='ltr'>contineat</span> 
     </span>
     <span class='ocr_line' id='line_1_36' title="bbox 77 2263 1415 2311; baseline 0.003 -14"><span class='ocrx_word' id='word_1_280' title='bbox 77 2273 234 2307; x_wconf 89' lang='lat' dir='ltr'>eumque</span> <span class='ocrx_word' id='word_1_281' title='bbox 260 2264 425 2307; x_wconf 87' lang='lat' dir='ltr'>tueatur,</span> <span class='ocrx_word' id='word_1_282' title='bbox 452 2275 544 2308; x_wconf 85' lang='lat' dir='ltr'>quae</span> <span class='ocrx_word' id='word_1_283' title='bbox 571 2264 745 2309; x_wconf 86' lang='lat' dir='ltr'>quoniam</span> <span class='ocrx_word' id='word_1_284' title='bbox 768 2265 898 2299; x_wconf 90' lang='lat' dir='ltr'>mundi</span> <span class='ocrx_word' id='word_1_285' title='bbox 922 2265 1174 2311; x_wconf 87' lang='lat' dir='ltr'>principatum</span> <span class='ocrx_word' id='word_1_286' title='bbox 1201 2263 1256 2311; x_wconf 81' lang='grc' dir='ltr'>(τὸ</span> <span class='ocrx_word' id='word_1_287' title='bbox 1283 2263 1415 2310; x_wconf 78' lang='grc' dir='ltr'>ἡγεμο-</span> 
     </span>
     <span class='ocr_line' id='line_1_37' title="bbox 74 2308 1414 2359; baseline 0.001 -14"><span class='ocrx_word' id='word_1_288' title='bbox 74 2308 210 2356; x_wconf 79' lang='grc' dir='ltr'><strong><em>νικόν),</em></strong></span> <span class='ocrx_word' id='word_1_289' title='bbox 235 2311 278 2345; x_wconf 86' lang='lat' dir='ltr'>ut</span> <span class='ocrx_word' id='word_1_290' title='bbox 301 2309 341 2345; x_wconf 89' lang='lat' dir='ltr'>in</span> <span class='ocrx_word' id='word_1_291' title='bbox 365 2310 514 2347; x_wconf 86' lang='lat' dir='ltr'>homine</span> <span class='ocrx_word' id='word_1_292' title='bbox 538 2322 652 2356; x_wconf 91' lang='lat' dir='ltr'>mens,</span> <span class='ocrx_word' id='word_1_293' title='bbox 680 2311 847 2348; x_wconf 89' lang='lat' dir='ltr'>obtineat</span> <span class='ocrx_word' id='word_1_294' title='bbox 872 2313 910 2348; x_wconf 89' lang='lat' dir='ltr'>et</span> <span class='ocrx_word' id='word_1_295' title='bbox 929 2311 980 2347; x_wconf 87' lang='lat' dir='ltr'>sit</span> <span class='ocrx_word' id='word_1_296' title='bbox 997 2313 1059 2348; x_wconf 85' lang='lat' dir='ltr'>vel</span> <span class='ocrx_word' id='word_1_297' title='bbox 1079 2312 1221 2359; x_wconf 86' lang='lat' dir='ltr'>optima</span> <span class='ocrx_word' id='word_1_298' title='bbox 1240 2312 1414 2358; x_wconf 89' lang='lat' dir='ltr'>omnium,</span> 
     </span>
    </p>
   </div>
  </div>
 </body>
</html>
