1685 2568
254 113 341 154 352
735 114 800 149 DE
825 114 888 150 RE
912 115 1119 150 PUBLICA

517 268 686 321 LIBRI
721 268 794 321 ΠΙ
830 268 908 321 DE
945 267 1024 320 RE
1061 267 1325 321 PUBLIGA

445 377 821 416 FRAGMENTA
858 376 1168 416 INCERTAE
1207 378 1392 417 sums.

343 480 380 521 1.
411 480 576 522 Nonius
600 494 642 533 p.
674 483 767 521 301.
799 482 825 520 6
856 479 919 520 M.
950 480 1112 521 Tullius
1141 480 1188 521 de
1217 494 1261 521 re
1283 481 1473 533 publiea:
1504 480 1587 522 Est

250 538 386 593 igitur
429 539 630 593 quiddam
674 537 970 578 turbulentum
1013 537 1059 578 in
1101 538 1346 580 hominibus
1392 539 1586 595 singulis,

253 597 365 651 quod
396 598 465 639 vel
497 597 662 638 exultat
693 597 916 651 voluptate
948 596 1016 637 vel
1049 597 1249 638 molestia
1278 597 1507 653 frangitur.

340 657 379 697 2.
411 656 518 697 Non.
541 669 586 708 p.
617 658 712 697 364.
744 658 772 697 8
807 655 871 696 M.
906 655 1067 697 Tullius
1097 656 1144 696 de
1173 669 1217 696 re
1243 656 1353 709 publ.
1386 657 1450 698 lib.
1481 656 1585 698 III:

251 712 333 755 Sed
352 716 400 755 ut
419 714 503 768 ipsi
522 713 552 767 ’ξ-
566 728 640 755 seu
661 713 849 754 animum
869 713 1167 768 periclitentur
1187 728 1281 755 sum
1301 714 1459 770 vident,
1486 715 1587 770 quid
1605 728 1622 753 5

251 787 296 814 se
327 775 480 828 putent
512 787 603 813 esse
635 772 836 814 facturos.

339 832 377 873 3.
410 831 518 873 Non.
543 845 586 884 p.
618 835 712 872 431.
737 833 790 872 15
820 831 883 872 M.
912 831 1074 872 Tullius
1103 832 1150 872 de
1178 845 1222 873 re
1244 832 1357 884 publ.
1390 832 1454 874 lib.
1482 832 1586 874 III:

251 889 383 931 Poeni
414 889 542 944 primi
574 889 825 931 mercaturis
859 891 902 930 et
934 889 1144 931 mercibus
1177 890 1265 931 suis
1292 890 1517 932 avaritiam
1544 893 1586 932 et

250 948 616 1003 magnificentiam
647 951 690 990 et
720 948 998 1002 inexplebiles
1027 948 1282 1003 cupiditates
1310 949 1499 991 omnium
1525 964 1586 991 re-

250 1022 345 1048 rum
376 1007 704 1061 inportaverunt
734 1007 779 1048 in
812 1006 1047 1048 Graeciam.
1606 1022 1639 1046 ιο

337 1067 377 1107 4.
409 1067 652 1108 Seleoliastes
682 1066 893 1107 Iuvenalis
922 1067 979 1107 acl
1005 1069 1081 1107 sat.
1113 1065 1160 1107 X
1186 1069 1273 1108 362
1303 1066 1586 1120 Sardanapal-

250 1125 323 1175 lus,
354 1138 427 1167 rex
452 1126 719 1178 Assyriorum
751 1125 997 1174 luxuriosus,
1028 1126 1075 1166 de
1104 1139 1181 1177 quo
1209 1126 1372 1167 Tullius
1401 1127 1447 1167 in
1473 1127 1586 1167 tertio

249 1185 297 1225 de
331 1197 375 1225 re
402 1184 570 1237 publiea
606 1185 664 1226 sie
699 1185 782 1225 ait:
821 1182 1155 1238 Sardanapallus
1193 1184 1267 1225 ille
1299 1184 1415 1225 vitiis
1449 1184 1585 1226 multo

176 1292 180 1300 Ι
249 1257 379 1296 quam
409 1243 582 1284 nomine
613 1243 708 1297 ipso
742 1242 982 1283 deformior.

338 1301 375 1343 5.
407 1301 649 1343 Priseifflucs
680 1302 745 1343 lib.
773 1301 839 1343 VI
858 1305 922 1343 13.
944 1305 998 1342 70
1018 1316 1060 1354 p.
1084 1303 1178 1343 255.
1198 1306 1224 1343 9
1256 1302 1395 1343 Hertz.
1429 1301 1586 1352 ‘Atlios,
1606 1314 1639 1341 15

249 1359 445 1401 Atleonis'
476 1361 654 1413 protulit
682 1360 817 1402 Cicero
853 1361 900 1401 in
929 1358 1015 1401 III
1049 1361 1095 1402 cle
1130 1374 1174 1402 re
1196 1361 1384 1413 publiea:
1428 1360 1511 1401 nisi
1550 1360 1587 1402 si

250 1418 344 1472 quis
376 1418 595 1460 Athonem
631 1433 709 1473 pro
748 1421 1023 1460 monumento
1061 1419 1155 1460 vult
1184 1419 1376 1460 funditus
1409 1419 1586 1461 efficere.

250 1476 352 1525 Quis
385 1478 498 1518 enim
531 1480 596 1518 est
627 1478 769 1518 Athos
802 1480 876 1518 aut
908 1477 1115 1532 Olympus
1148 1478 1324 1519 tantus?

339 1537 377 1577 6.
408 1537 666 1590 Auqustinus
696 1537 743 1578 de
773 1538 844 1578 eiv.
875 1537 939 1577 (lei
963 1537 1023 1577 [Ι
1042 1539 1098 1578 ,21
1128 1537 1285 1578 Enitar
1313 1550 1386 1578 suo
1418 1537 1510 1587 loeo,
1540 1540 1588 1579 ut

249 1596 455 1636 ostendam
484 1597 702 1637 seeundum
732 1596 981 1648 definitiones
1011 1596 1142 1647 ipsius
1173 1595 1393 1646 Ciceronis,
1430 1596 1585 1648 quibus,
1605 1608 1639 1634 20

247 1655 348 1706 quid
369 1655 425 1696 sit
447 1667 510 1696 res
527 1655 705 1708 publiea,
730 1657 768 1695 et
789 1654 890 1706 quid
910 1654 967 1695 sit
983 1654 1172 1706 populus,
1197 1655 1376 1707 loquente
1398 1654 1587 1708 Scipione

249 1713 416 1754 breviter
433 1714 583 1766 posuit,
614 1712 905 1755 adtestantibus
934 1713 1058 1753 etiam
1082 1713 1222 1755 multis
1245 1714 1327 1755 sive
1350 1714 1480 1768 ipsius
1503 1714 1586 1756 sive

248 1784 403 1823 eorum,
435 1785 532 1824 quos
564 1772 673 1824 loqui
700 1772 796 1824 feeit
824 1772 870 1812 in
900 1772 1036 1812 eademst
1068 1772 1348 1824 disputatione,
1379 1773 1586 1814 sententiis

249 1843 475 1882 numquam
504 1831 622 1872 illam
650 1831 777 1882 fuisse
805 1843 890 1870 reni
912 1830 1134 1883 publicani,
1164 1831 1263 1883 quia
1291 1844 1515 1883 numquam
1538 1832 1585 1872 in

249 1902 296 1929 ea
325 1888 408 1939 fuit
436 1903 531 1930 vera
553 1890 724 1931 iustitia.
779 1888 1007 1930 Secundum
1034 1890 1324 1941 probabiliores
1354 1892 1490 1930 autem
1519 1890 1583 1931 de·
1602 1899 1637 1926 25

249 1948 452 2000 finitiones
481 1962 561 2001 pro
591 1961 663 1989 suo
695 1948 809 1989 modo
839 1948 1014 2000 quodum
1044 1961 1108 1989 res
1134 1949 1299 2000 publiea
1325 1948 1411 2000 fuit
1438 1951 1476 1990 et
1504 1961 1583 1989 me-

250 2006 331 2047 tius
361 2006 411 2047 ab
442 2006 739 2059 antiquioribus
768 2005 970 2047 Romanis
1000 2020 1124 2058 quam
1154 2019 1180 2047 α
1200 2007 1491 2061 'posterioribus
1514 2008 1584 2049 ad-

251 2065 486 2107 ministrata
516 2068 583 2108 est.
