<?xml version="1.0" encoding="UTF-8"?>
<!DOCTYPE html PUBLIC "-//W3C//DTD XHTML 1.0 Transitional//EN"
    "http://www.w3.org/TR/xhtml1/DTD/xhtml1-transitional.dtd">
<html xmlns="http://www.w3.org/1999/xhtml" xml:lang="en" lang="en">
 <head>
  <title>
</title>
<meta http-equiv="Content-Type" content="text/html;charset=utf-8" />
  <meta name='ocr-system' content='tesseract 3.04.00' />
  <meta name='ocr-capabilities' content='ocr_page ocr_carea ocr_par ocr_line ocrx_word'/>
</head>
<body>
  <div class='ocr_page' id='page_1' title='image "./p2scriptaquaemanse04ciceuoft_0342.png"; bbox 0 0 1685 2568; ppageno 0'>
   <div class='ocr_carea' id='block_1_1' title="bbox 247 98 1110 139">
    <p class='ocr_par' dir='ltr' id='par_1_1' title="bbox 247 98 1110 139">
     <span class='ocr_line' id='line_1_1' title="bbox 247 98 1110 139; baseline -0.008 0"><span class='ocrx_word' id='word_1_1' title='bbox 247 98 333 139; x_wconf 82' lang='lat'><em>290</em></span> <span class='ocrx_word' id='word_1_2' title='bbox 725 98 788 133; x_wconf 90' lang='lat' dir='ltr'><em>DE</em></span> <span class='ocrx_word' id='word_1_3' title='bbox 814 98 878 133; x_wconf 82' lang='lat' dir='ltr'><em>RE</em></span> <span class='ocrx_word' id='word_1_4' title='bbox 902 98 1110 133; x_wconf 89' lang='lat' dir='ltr'>PUBLICA</span> 
     </span>
    </p>
   </div>
   <div class='ocr_carea' id='block_1_2' title="bbox 180 194 1668 2365">
    <p class='ocr_par' dir='ltr' id='par_1_2' title="bbox 246 194 1641 1480">
     <span class='ocr_line' id='line_1_2' title="bbox 345 194 1587 248; baseline 0 -11"><span class='ocrx_word' id='word_1_5' title='bbox 345 194 465 237; x_wconf 89' lang='lat' dir='ltr'><em>Urbis</em></span> <span class='ocrx_word' id='word_1_6' title='bbox 502 196 727 237; x_wconf 87' lang='lat' dir='ltr'><em>condendae</em></span> <span class='ocrx_word' id='word_1_7' title='bbox 763 195 959 248; x_wconf 71' lang='lat' dir='ltr'><em>oriyinem</em></span> <span class='ocrx_word' id='word_1_8' title='bbox 996 197 1115 247; x_wconf 80' lang='lat' dir='ltr'><em>atque</em></span> <span class='ocrx_word' id='word_1_9' title='bbox 1149 207 1316 236; x_wconf 87' lang='lat' dir='ltr'><em>causam</em></span> <span class='ocrx_word' id='word_1_10' title='bbox 1345 209 1429 236; x_wconf 92' lang='lat' dir='ltr'><em>non</em></span> <span class='ocrx_word' id='word_1_11' title='bbox 1457 209 1587 237; x_wconf 88' lang='lat' dir='ltr'><em>unam</em></span> 
     </span>
     <span class='ocr_line' id='line_1_3' title="bbox 247 253 1585 307; baseline 0.001 -13"><span class='ocrx_word' id='word_1_12' title='bbox 247 253 483 305; x_wconf 88' lang='lat' dir='ltr'><em>intulerunt,</em></span> <span class='ocrx_word' id='word_1_13' title='bbox 513 255 582 296; x_wconf 80' lang='lat' dir='ltr'><em>secl</em></span> <span class='ocrx_word' id='word_1_14' title='bbox 611 255 688 295; x_wconf 89' lang='lat' dir='ltr'><em>alii</em></span> <span class='ocrx_word' id='word_1_15' title='bbox 717 267 781 295; x_wconf 88' lang='lat' dir='ltr'><em>eos</em></span> <span class='ocrx_word' id='word_1_16' title='bbox 810 253 1000 303; x_wconf 77' lang='lat' dir='ltr'><em>homines,</em></span> <span class='ocrx_word' id='word_1_17' title='bbox 1031 254 1103 306; x_wconf 78' lang='lat' dir='ltr'><em>qui</em></span> <span class='ocrx_word' id='word_1_18' title='bbox 1132 254 1218 295; x_wconf 87' lang='lat' dir='ltr'><em>sint</em></span> <span class='ocrx_word' id='word_1_19' title='bbox 1239 267 1288 294; x_wconf 73' lang='lat' dir='ltr'><em>ea·</em></span> <span class='ocrx_word' id='word_1_20' title='bbox 1311 257 1420 295; x_wconf 88' lang='lat' dir='ltr'><em>terra</em></span> <span class='ocrx_word' id='word_1_21' title='bbox 1438 255 1585 307; x_wconf 87' lang='lat' dir='ltr'><em>primi-</em></span> 
     </span>
     <span class='ocr_line' id='line_1_4' title="bbox 249 312 1590 366; baseline 0.001 -13"><span class='ocrx_word' id='word_1_22' title='bbox 249 316 312 353; x_wconf 91' lang='lat' dir='ltr'><em>tus</em></span> <span class='ocrx_word' id='word_1_23' title='bbox 350 313 458 363; x_wconf 87' lang='lat' dir='ltr'><em>nati,</em></span> <span class='ocrx_word' id='word_1_24' title='bbox 498 326 590 354; x_wconf 90' lang='lat' dir='ltr'><em>cum</em></span> <span class='ocrx_word' id='word_1_25' title='bbox 622 326 700 366; x_wconf 85' lang='lat' dir='ltr'><em>per</em></span> <span class='ocrx_word' id='word_1_26' title='bbox 734 312 860 354; x_wconf 78' lang='lat' dir='ltr'><em>silvas</em></span> <span class='ocrx_word' id='word_1_27' title='bbox 896 315 934 353; x_wconf 83' lang='lat' dir='ltr'><em>et</em></span> <span class='ocrx_word' id='word_1_28' title='bbox 967 325 1129 364; x_wconf 88' lang='lat' dir='ltr'><em>campos</em></span> <span class='ocrx_word' id='word_1_29' title='bbox 1159 313 1377 353; x_wconf 72' lang='lat' dir='ltr'><em>erraticam</em></span> <span class='ocrx_word' id='word_1_30' title='bbox 1406 314 1590 366; x_wconf 69' lang='lat' dir='ltr'><em>deyerent</em></span> 
     </span>
     <span class='ocr_line' id='line_1_5' title="bbox 246 371 1586 413; baseline 0.001 -2"><span class='ocrx_word' id='word_1_31' title='bbox 246 372 373 412; x_wconf 81' lang='lat' dir='ltr'><em>vitam</em></span> <span class='ocrx_word' id='word_1_32' title='bbox 409 384 480 412; x_wconf 89' lang='lat' dir='ltr'><em>nec</em></span> <span class='ocrx_word' id='word_1_33' title='bbox 516 371 600 413; x_wconf 89' lang='lat' dir='ltr'><em>ullo</em></span> <span class='ocrx_word' id='word_1_34' title='bbox 640 372 746 412; x_wconf 90' lang='lat' dir='ltr'><em>inter</em></span> <span class='ocrx_word' id='word_1_35' title='bbox 782 384 823 412; x_wconf 91' lang='lat' dir='ltr'><em>se</em></span> <span class='ocrx_word' id='word_1_36' title='bbox 858 371 1055 411; x_wconf 89' lang='lat' dir='ltr'><em>sermonis</em></span> <span class='ocrx_word' id='word_1_37' title='bbox 1091 373 1166 411; x_wconf 87' lang='lat' dir='ltr'><em>aut</em></span> <span class='ocrx_word' id='word_1_38' title='bbox 1199 371 1306 412; x_wconf 89' lang='lat' dir='ltr'><em>iuris</em></span> <span class='ocrx_word' id='word_1_39' title='bbox 1334 371 1495 412; x_wconf 80' lang='lat' dir='ltr'><em>vinculo</em></span> <span class='ocrx_word' id='word_1_40' title='bbox 1525 385 1586 413; x_wconf 92' lang='lat' dir='ltr'><em>co-</em></span> 
     </span>
     <span class='ocr_line' id='line_1_6' title="bbox 247 428 1638 482; baseline -0.002 -12"><span class='ocrx_word' id='word_1_41' title='bbox 247 429 465 480; x_wconf 77' lang='lat' dir='ltr'><em>haererent,</em></span> <span class='ocrx_word' id='word_1_42' title='bbox 495 431 566 471; x_wconf 85' lang='lat' dir='ltr'><em>sed</em></span> <span class='ocrx_word' id='word_1_43' title='bbox 591 430 757 482; x_wconf 83' lang='lat' dir='ltr'><em>frondes</em></span> <span class='ocrx_word' id='word_1_44' title='bbox 788 432 826 470; x_wconf 87' lang='lat' dir='ltr'><em>et</em></span> <span class='ocrx_word' id='word_1_45' title='bbox 853 428 1018 470; x_wconf 74' lang='lat' dir='ltr'><em>herbam</em></span> <span class='ocrx_word' id='word_1_46' title='bbox 1034 442 1114 481; x_wconf 90' lang='lat' dir='ltr'><em>pro</em></span> <span class='ocrx_word' id='word_1_47' title='bbox 1140 429 1346 479; x_wconf 87' lang='lat' dir='ltr'><em>cubilibus,</em></span> <span class='ocrx_word' id='word_1_48' title='bbox 1376 430 1587 482; x_wconf 76' lang='lat' dir='ltr'><em>speluncas</em></span> <span class='ocrx_word' id='word_1_49' title='bbox 1623 440 1638 467; x_wconf 77' lang='lat' dir='ltr'><em>s</em></span> 
     </span>
     <span class='ocr_line' id='line_1_7' title="bbox 248 487 1588 541; baseline 0 -12"><span class='ocrx_word' id='word_1_50' title='bbox 248 491 285 529; x_wconf 88' lang='lat' dir='ltr'><em>et</em></span> <span class='ocrx_word' id='word_1_51' title='bbox 314 491 439 529; x_wconf 86' lang='lat' dir='ltr'><em>antra</em></span> <span class='ocrx_word' id='word_1_52' title='bbox 461 502 542 541; x_wconf 90' lang='lat' dir='ltr'><em>pro</em></span> <span class='ocrx_word' id='word_1_53' title='bbox 572 488 756 530; x_wconf 89' lang='lat' dir='ltr'><em>domibus</em></span> <span class='ocrx_word' id='word_1_54' title='bbox 786 487 985 537; x_wconf 77' lang='lat' dir='ltr'><em>haberent,</em></span> <span class='ocrx_word' id='word_1_55' title='bbox 1016 487 1150 529; x_wconf 82' lang='lat' dir='ltr'><em>bestiis</em></span> <span class='ocrx_word' id='word_1_56' title='bbox 1178 491 1216 529; x_wconf 87' lang='lat' dir='ltr'><em>et</em></span> <span class='ocrx_word' id='word_1_57' title='bbox 1236 488 1474 539; x_wconf 79' lang='lat' dir='ltr'><em>fortioribus</em></span> <span class='ocrx_word' id='word_1_58' title='bbox 1498 490 1588 529; x_wconf 85' lang='lat' dir='ltr'><em>ani-</em></span> 
     </span>
     <span class='ocr_line' id='line_1_8' title="bbox 247 546 1590 600; baseline 0 -13"><span class='ocrx_word' id='word_1_59' title='bbox 247 547 425 588; x_wconf 85' lang='lat' dir='ltr'><em>malibus</em></span> <span class='ocrx_word' id='word_1_60' title='bbox 448 547 626 599; x_wconf 75' lang='lat' dir='ltr'><em>praedae</em></span> <span class='ocrx_word' id='word_1_61' title='bbox 653 547 782 598; x_wconf 79' lang='lat' dir='ltr'><em>fuisse</em></span> <span class='ocrx_word' id='word_1_62' title='bbox 811 549 1133 587; x_wconf 80' lang='lat' dir='ltr'><em>commemorant.</em></span> <span class='ocrx_word' id='word_1_63' title='bbox 1185 546 1291 587; x_wconf 85' lang='lat' dir='ltr'><em>Tum</em></span> <span class='ocrx_word' id='word_1_64' title='bbox 1316 560 1390 596; x_wconf 87' lang='lat' dir='ltr'><em>eos,</em></span> <span class='ocrx_word' id='word_1_65' title='bbox 1420 547 1492 600; x_wconf 78' lang='lat' dir='ltr'><em>qui</em></span> <span class='ocrx_word' id='word_1_66' title='bbox 1515 551 1590 588; x_wconf 82' lang='lat' dir='ltr'><em>aut</em></span> 
     </span>
     <span class='ocr_line' id='line_1_9' title="bbox 250 604 1588 658; baseline 0.001 -12"><span class='ocrx_word' id='word_1_67' title='bbox 250 605 399 646; x_wconf 88' lang='lat' dir='ltr'><em>laniati</em></span> <span class='ocrx_word' id='word_1_68' title='bbox 428 606 657 658; x_wconf 66' lang='lat' dir='ltr'><em>effuyerant</em></span> <span class='ocrx_word' id='word_1_69' title='bbox 684 607 759 646; x_wconf 89' lang='lat' dir='ltr'><em>aut</em></span> <span class='ocrx_word' id='word_1_70' title='bbox 790 604 947 645; x_wconf 88' lang='lat' dir='ltr'><em>laniari</em></span> <span class='ocrx_word' id='word_1_71' title='bbox 968 605 1183 658; x_wconf 77' lang='lat' dir='ltr'><em>proximos</em></span> <span class='ocrx_word' id='word_1_72' title='bbox 1211 606 1412 655; x_wconf 84' lang='lat' dir='ltr'><em>viderant,</em></span> <span class='ocrx_word' id='word_1_73' title='bbox 1452 606 1588 647; x_wconf 88' lang='lat' dir='ltr'><em>admo-</em></span> 
     </span>
     <span class='ocr_line' id='line_1_10' title="bbox 247 663 1589 718; baseline 0 -14"><span class='ocrx_word' id='word_1_74' title='bbox 247 665 353 705; x_wconf 86' lang='lat' dir='ltr'><em>nitos</em></span> <span class='ocrx_word' id='word_1_75' title='bbox 375 665 552 716; x_wconf 86' lang='lat' dir='ltr'><em>periculi</em></span> <span class='ocrx_word' id='word_1_76' title='bbox 575 664 642 705; x_wconf 87' lang='lat' dir='ltr'><em>sui</em></span> <span class='ocrx_word' id='word_1_77' title='bbox 666 664 724 704; x_wconf 87' lang='lat' dir='ltr'><em>ad</em></span> <span class='ocrx_word' id='word_1_78' title='bbox 745 663 849 704; x_wconf 89' lang='lat' dir='ltr'><em>alios</em></span> <span class='ocrx_word' id='word_1_79' title='bbox 872 663 1053 705; x_wconf 75' lang='lat' dir='ltr'><em>homines</em></span> <span class='ocrx_word' id='word_1_80' title='bbox 1077 664 1308 718; x_wconf 74' lang='lat' dir='ltr'><em>decurrisse,</em></span> <span class='ocrx_word' id='word_1_81' title='bbox 1331 665 1589 717; x_wconf 70' lang='lat' dir='ltr'><em>praesidium</em></span> 
     </span>
     <span class='ocr_line' id='line_1_11' title="bbox 248 722 1640 776; baseline 0.001 -13"><span class='ocrx_word' id='word_1_82' title='bbox 248 723 485 775; x_wconf 71' lang='lat' dir='ltr'><em>implorasse</em></span> <span class='ocrx_word' id='word_1_83' title='bbox 508 725 546 763; x_wconf 86' lang='lat' dir='ltr'><em>et</em></span> <span class='ocrx_word' id='word_1_84' title='bbox 565 723 701 775; x_wconf 90' lang='lat' dir='ltr'><em>primo</em></span> <span class='ocrx_word' id='word_1_85' title='bbox 725 722 891 763; x_wconf 88' lang='lat' dir='ltr'><em>nutibus</em></span> <span class='ocrx_word' id='word_1_86' title='bbox 915 722 1162 763; x_wconf 83' lang='lat' dir='ltr'><em>voluntatem</em></span> <span class='ocrx_word' id='word_1_87' title='bbox 1184 736 1304 764; x_wconf 89' lang='lat' dir='ltr'><em>suam</em></span> <span class='ocrx_word' id='word_1_88' title='bbox 1327 723 1586 776; x_wconf 76' lang='lat' dir='ltr'><em>siqniftcasse,</em></span> <span class='ocrx_word' id='word_1_89' title='bbox 1606 735 1640 759; x_wconf 91' lang='lat'><em>1⁰</em></span> 
     </span>
     <span class='ocr_line' id='line_1_12' title="bbox 249 781 1590 835; baseline 0.001 -13"><span class='ocrx_word' id='word_1_90' title='bbox 249 782 389 823; x_wconf 86' lang='lat' dir='ltr'><em>deiude</em></span> <span class='ocrx_word' id='word_1_91' title='bbox 431 782 628 822; x_wconf 88' lang='lat' dir='ltr'><em>sermonis</em></span> <span class='ocrx_word' id='word_1_92' title='bbox 670 781 796 822; x_wconf 87' lang='lat' dir='ltr'><em>initia</em></span> <span class='ocrx_word' id='word_1_93' title='bbox 832 784 1041 834; x_wconf 71' lang='lat' dir='ltr'><em>temptasse</em></span> <span class='ocrx_word' id='word_1_94' title='bbox 1077 794 1125 822; x_wconf 89' lang='lat' dir='ltr'><em>ac</em></span> <span class='ocrx_word' id='word_1_95' title='bbox 1159 782 1335 835; x_wconf 70' lang='lat' dir='ltr'><em>sinyulis</em></span> <span class='ocrx_word' id='word_1_96' title='bbox 1370 782 1590 835; x_wconf 80' lang='lat' dir='ltr'><em>quibusque</em></span> 
     </span>
     <span class='ocr_line' id='line_1_13' title="bbox 248 839 1589 894; baseline 0.001 -14"><span class='ocrx_word' id='word_1_97' title='bbox 248 840 367 881; x_wconf 85' lang='lat' dir='ltr'><em>rebus</em></span> <span class='ocrx_word' id='word_1_98' title='bbox 407 840 579 881; x_wconf 88' lang='lat' dir='ltr'><em>nomina</em></span> <span class='ocrx_word' id='word_1_99' title='bbox 615 840 883 893; x_wconf 88' lang='lat' dir='ltr'><em>imprimendo</em></span> <span class='ocrx_word' id='word_1_100' title='bbox 911 840 1122 893; x_wconf 90' lang='lat' dir='ltr'><em>paulatim</em></span> <span class='ocrx_word' id='word_1_101' title='bbox 1159 839 1346 892; x_wconf 78' lang='lat' dir='ltr'><em>loquendi</em></span> <span class='ocrx_word' id='word_1_102' title='bbox 1373 840 1589 894; x_wconf 78' lang='lat' dir='ltr'><em>perfecisse</em></span> 
     </span>
     <span class='ocr_line' id='line_1_14' title="bbox 248 897 1591 952; baseline 0.001 -13"><span class='ocrx_word' id='word_1_103' title='bbox 248 900 460 940; x_wconf 88' lang='lat' dir='ltr'><em>rationem.</em></span> <span class='ocrx_word' id='word_1_104' title='bbox 516 897 615 940; x_wconf 81' lang='lat' dir='ltr'><em>Cum</em></span> <span class='ocrx_word' id='word_1_105' title='bbox 651 901 787 940; x_wconf 91' lang='lat' dir='ltr'><em>autem</em></span> <span class='ocrx_word' id='word_1_106' title='bbox 816 912 887 940; x_wconf 86' lang='lat' dir='ltr'><em>nee</em></span> <span class='ocrx_word' id='word_1_107' title='bbox 915 899 1217 940; x_wconf 74' lang='lat' dir='ltr'><em>multitudinem</em></span> <span class='ocrx_word' id='word_1_108' title='bbox 1248 900 1382 952; x_wconf 77' lang='lat' dir='ltr'><em>ipsam</em></span> <span class='ocrx_word' id='word_1_109' title='bbox 1411 900 1591 941; x_wconf 82' lang='lat' dir='ltr'><em>viderent</em></span> 
     </span>
     <span class='ocr_line' id='line_1_15' title="bbox 249 957 1588 1011; baseline 0 -13"><span class='ocrx_word' id='word_1_110' title='bbox 249 960 390 999; x_wconf 92' lang='lat' dir='ltr'><em>contra</em></span> <span class='ocrx_word' id='word_1_111' title='bbox 421 957 568 999; x_wconf 84' lang='lat' dir='ltr'><em>bestias</em></span> <span class='ocrx_word' id='word_1_112' title='bbox 598 960 857 1008; x_wconf 80' lang='lat' dir='ltr'><em>essetutam,</em></span> <span class='ocrx_word' id='word_1_113' title='bbox 887 958 1037 1010; x_wconf 90' lang='lat' dir='ltr'><em>oppida</em></span> <span class='ocrx_word' id='word_1_114' title='bbox 1065 958 1188 998; x_wconf 89' lang='lat' dir='ltr'><em>etiam</em></span> <span class='ocrx_word' id='word_1_115' title='bbox 1218 958 1387 1011; x_wconf 86' lang='lat' dir='ltr'><em>coepisse</em></span> <span class='ocrx_word' id='word_1_116' title='bbox 1415 958 1588 1009; x_wconf 84' lang='lat' dir='ltr'><em>munire,</em></span> 
     </span>
     <span class='ocr_line' id='line_1_16' title="bbox 248 1016 1641 1069; baseline 0.001 -12"><span class='ocrx_word' id='word_1_117' title='bbox 248 1016 309 1057; x_wconf 84' lang='lat' dir='ltr'><em>vel</em></span> <span class='ocrx_word' id='word_1_118' title='bbox 337 1019 386 1058; x_wconf 88' lang='lat' dir='ltr'><em>ut</em></span> <span class='ocrx_word' id='word_1_119' title='bbox 413 1017 582 1069; x_wconf 75' lang='lat' dir='ltr'><em>quietem</em></span> <span class='ocrx_word' id='word_1_120' title='bbox 611 1017 738 1057; x_wconf 87' lang='lat' dir='ltr'><em>noctis</em></span> <span class='ocrx_word' id='word_1_121' title='bbox 768 1019 898 1057; x_wconf 84' lang='lat' dir='ltr'><em>tutam</em></span> <span class='ocrx_word' id='word_1_122' title='bbox 927 1016 1006 1057; x_wconf 87' lang='lat' dir='ltr'><em>sibi</em></span> <span class='ocrx_word' id='word_1_123' title='bbox 1032 1016 1212 1068; x_wconf 80' lang='lat' dir='ltr'><em>facerent</em></span> <span class='ocrx_word' id='word_1_124' title='bbox 1239 1017 1300 1059; x_wconf 82' lang='lat' dir='ltr'><em>vel</em></span> <span class='ocrx_word' id='word_1_125' title='bbox 1322 1020 1370 1058; x_wconf 86' lang='lat' dir='ltr'><em>ut</em></span> <span class='ocrx_word' id='word_1_126' title='bbox 1391 1017 1588 1059; x_wconf 85' lang='lat' dir='ltr'><em>incursio·</em></span> <span class='ocrx_word' id='word_1_127' title='bbox 1609 1029 1641 1054; x_wconf 87' lang='lat'><em>1⁵</em></span> 
     </span>
     <span class='ocr_line' id='line_1_17' title="bbox 249 1075 1589 1128; baseline 0.001 -12"><span class='ocrx_word' id='word_1_128' title='bbox 249 1088 318 1117; x_wconf 89' lang='lat' dir='ltr'><em>nes</em></span> <span class='ocrx_word' id='word_1_129' title='bbox 349 1078 468 1128; x_wconf 81' lang='lat' dir='ltr'><em>atque</em></span> <span class='ocrx_word' id='word_1_130' title='bbox 497 1076 669 1128; x_wconf 89' lang='lat' dir='ltr'><em>impetus</em></span> <span class='ocrx_word' id='word_1_131' title='bbox 699 1075 917 1116; x_wconf 88' lang='lat' dir='ltr'><em>bestiarum</em></span> <span class='ocrx_word' id='word_1_132' title='bbox 946 1088 1028 1116; x_wconf 83' lang='lat' dir='ltr'><em>nou</em></span> <span class='ocrx_word' id='word_1_133' title='bbox 1051 1076 1295 1128; x_wconf 74' lang='lat' dir='ltr'><em>puynando,</em></span> <span class='ocrx_word' id='word_1_134' title='bbox 1332 1077 1402 1118; x_wconf 85' lang='lat' dir='ltr'><em>sed</em></span> <span class='ocrx_word' id='word_1_135' title='bbox 1430 1076 1589 1118; x_wconf 85' lang='lat' dir='ltr'><em>obiectis</em></span> 
     </span>
     <span class='ocr_line' id='line_1_18' title="bbox 250 1134 1591 1189; baseline 0.001 -14"><span class='ocrx_word' id='word_1_136' title='bbox 250 1134 461 1187; x_wconf 67' lang='lat' dir='ltr'><em>ayqeribus</em></span> <span class='ocrx_word' id='word_1_137' title='bbox 498 1137 756 1175; x_wconf 84' lang='lat' dir='ltr'><em>arcerent...</em></span> <span class='ocrx_word' id='word_1_138' title='bbox 776 1167 785 1175; x_wconf 91' lang='lat'><strong>.</strong></span> <span class='ocrx_word' id='word_1_139' title='bbox 842 1134 959 1175; x_wconf 89' lang='lat' dir='ltr'><em>Haec</em></span> <span class='ocrx_word' id='word_1_140' title='bbox 989 1134 1085 1175; x_wconf 79' lang='lat' dir='ltr'><em>aliis</em></span> <span class='ocrx_word' id='word_1_141' title='bbox 1116 1135 1246 1175; x_wconf 84' lang='lat' dir='ltr'><em>delira</em></span> <span class='ocrx_word' id='word_1_142' title='bbox 1275 1135 1364 1176; x_wconf 80' lang='lat' dir='ltr'><em>visa</em></span> <span class='ocrx_word' id='word_1_143' title='bbox 1393 1138 1507 1189; x_wconf 87' lang='lat' dir='ltr'><em>sunt,</em></span> <span class='ocrx_word' id='word_1_144' title='bbox 1543 1138 1591 1176; x_wconf 83' lang='lat' dir='ltr'><em>ut</em></span> 
     </span>
     <span class='ocr_line' id='line_1_19' title="bbox 247 1193 1589 1246; baseline 0.001 -13"><span class='ocrx_word' id='word_1_145' title='bbox 247 1193 428 1246; x_wconf 83' lang='lat' dir='ltr'><em>fuerunt,</em></span> <span class='ocrx_word' id='word_1_146' title='bbox 458 1194 723 1245; x_wconf 73' lang='lat' dir='ltr'><em>dixeruntque</em></span> <span class='ocrx_word' id='word_1_147' title='bbox 746 1206 828 1234; x_wconf 89' lang='lat' dir='ltr'><em>non</em></span> <span class='ocrx_word' id='word_1_148' title='bbox 849 1193 1036 1244; x_wconf 83' lang='lat' dir='ltr'><em>ferarum</em></span> <span class='ocrx_word' id='word_1_149' title='bbox 1068 1193 1249 1235; x_wconf 87' lang='lat' dir='ltr'><em>laniatus</em></span> <span class='ocrx_word' id='word_1_150' title='bbox 1273 1206 1440 1235; x_wconf 88' lang='lat' dir='ltr'><em>causam</em></span> <span class='ocrx_word' id='word_1_151' title='bbox 1461 1194 1589 1245; x_wconf 85' lang='lat' dir='ltr'><em>fuisse</em></span> 
     </span>
     <span class='ocr_line' id='line_1_20' title="bbox 250 1251 1588 1304; baseline 0.001 -12"><span class='ocrx_word' id='word_1_152' title='bbox 250 1252 434 1302; x_wconf 68' lang='lat' dir='ltr'><em>coeundi,</em></span> <span class='ocrx_word' id='word_1_153' title='bbox 470 1253 539 1293; x_wconf 89' lang='lat' dir='ltr'><em>sed</em></span> <span class='ocrx_word' id='word_1_154' title='bbox 567 1253 702 1304; x_wconf 85' lang='lat' dir='ltr'><em>ipsam</em></span> <span class='ocrx_word' id='word_1_155' title='bbox 725 1252 865 1304; x_wconf 86' lang='lat' dir='ltr'><em>potius</em></span> <span class='ocrx_word' id='word_1_156' title='bbox 894 1251 1210 1300; x_wconf 77' lang='lat' dir='ltr'><em>humanitatem‚·</em></span> <span class='ocrx_word' id='word_1_157' title='bbox 1247 1252 1383 1304; x_wconf 75' lang='lat' dir='ltr'><em>itaque</em></span> <span class='ocrx_word' id='word_1_158' title='bbox 1411 1253 1519 1293; x_wconf 85' lang='lat' dir='ltr'><em>inter</em></span> <span class='ocrx_word' id='word_1_159' title='bbox 1547 1266 1588 1294; x_wconf 89' lang='lat' dir='ltr'><em>se</em></span> 
     </span>
     <span class='ocr_line' id='line_1_21' title="bbox 250 1309 1641 1364; baseline 0.001 -13"><span class='ocrx_word' id='word_1_160' title='bbox 250 1314 516 1364; x_wconf 69' lang='lat' dir='ltr'><em>conyreyatos,</em></span> <span class='ocrx_word' id='word_1_161' title='bbox 547 1311 655 1362; x_wconf 77' lang='lat' dir='ltr'><em>quod</em></span> <span class='ocrx_word' id='word_1_162' title='bbox 682 1313 836 1351; x_wconf 88' lang='lat' dir='ltr'><em>natura</em></span> <span class='ocrx_word' id='word_1_163' title='bbox 864 1309 1077 1351; x_wconf 72' lang='lat' dir='ltr'><em>hominum</em></span> <span class='ocrx_word' id='word_1_164' title='bbox 1106 1311 1340 1353; x_wconf 72' lang='lat' dir='ltr'><em>solitudinis</em></span> <span class='ocrx_word' id='word_1_165' title='bbox 1365 1311 1528 1364; x_wconf 61' lang='lat' dir='ltr'><em>fugiens</em></span> <span class='ocrx_word' id='word_1_166' title='bbox 1553 1315 1590 1352; x_wconf 89' lang='lat' dir='ltr'><em>et</em></span> <span class='ocrx_word' id='word_1_167' title='bbox 1607 1323 1641 1347; x_wconf 85' lang='lat'><em>20</em></span> 
     </span>
     <span class='ocr_line' id='line_1_22' title="bbox 249 1368 1587 1423; baseline 0.001 -14"><span class='ocrx_word' id='word_1_168' title='bbox 249 1370 544 1410; x_wconf 87' lang='lat' dir='ltr'><em>communionis</em></span> <span class='ocrx_word' id='word_1_169' title='bbox 574 1383 622 1410; x_wconf 86' lang='lat' dir='ltr'><em>ac</em></span> <span class='ocrx_word' id='word_1_170' title='bbox 652 1369 851 1410; x_wconf 87' lang='lat' dir='ltr'><em>societatis</em></span> <span class='ocrx_word' id='word_1_171' title='bbox 881 1370 1068 1422; x_wconf 87' lang='lat' dir='ltr'><em>adpetens</em></span> <span class='ocrx_word' id='word_1_172' title='bbox 1097 1373 1205 1410; x_wconf 89' lang='lat' dir='ltr'><em>esset.</em></span> <span class='ocrx_word' id='word_1_173' title='bbox 1234 1368 1498 1423; x_wconf 88' lang='lat' dir='ltr'><em>(Lactantius</em></span> <span class='ocrx_word' id='word_1_174' title='bbox 1523 1370 1587 1412; x_wconf 86' lang='lat' dir='ltr'><em>in-</em></span> 
     </span>
     <span class='ocr_line' id='line_1_23' title="bbox 249 1427 881 1480; baseline 0.002 -12"><span class='ocrx_word' id='word_1_175' title='bbox 249 1429 329 1469; x_wconf 86' lang='lat' dir='ltr'><em>stit.</em></span> <span class='ocrx_word' id='word_1_176' title='bbox 361 1429 438 1469; x_wconf 81' lang='lat' dir='ltr'><em>cliv.</em></span> <span class='ocrx_word' id='word_1_177' title='bbox 479 1427 545 1469; x_wconf 86' lang='lat' dir='ltr'><em>VI</em></span> <span class='ocrx_word' id='word_1_178' title='bbox 570 1429 881 1480; x_wconf 80' lang='lat'><em>10.13—18)]</em></span> 
     </span>
    </p>

    <p class='ocr_par' dir='ltr' id='par_1_3' title="bbox 180 1472 1668 2247">
     <span class='ocr_line' id='line_1_24' title="bbox 180 1472 1587 1554; baseline 0.001 -27.001"><span class='ocrx_word' id='word_1_179' title='bbox 180 1472 285 1554; x_wconf 45' lang='lat'><em>{169</em></span> <span class='ocrx_word' id='word_1_180' title='bbox 313 1487 397 1539; x_wconf 83' lang='lat'>211]</span> <span class='ocrx_word' id='word_1_181' title='bbox 528 1486 779 1552; x_wconf 48' lang='lat' dir='ltr'><em>quaedam</em></span> <span class='ocrx_word' id='word_1_182' title='bbox 809 1486 932 1551; x_wconf 78' lang='lat' dir='ltr'><em>quasi</em></span> <span class='ocrx_word' id='word_1_183' title='bbox 958 1486 1131 1541; x_wconf 84' lang='lat' dir='ltr'><em>semina,</em></span> <span class='ocrx_word' id='word_1_184' title='bbox 1162 1501 1299 1541; x_wconf 88' lang='lat' dir='ltr'><em>neque</em></span> <span class='ocrx_word' id='word_1_185' title='bbox 1325 1487 1587 1553; x_wconf 80' lang='lat' dir='ltr'><em>reliquarum</em></span> 
     </span>
     <span class='ocr_line' id='line_1_25' title="bbox 250 1545 1668 1600; baseline 0.001 -13"><span class='ocrx_word' id='word_1_186' title='bbox 250 1545 461 1587; x_wconf 71' lang='lat' dir='ltr'><em>virtutum</em></span> <span class='ocrx_word' id='word_1_187' title='bbox 504 1559 580 1587; x_wconf 85' lang='lat' dir='ltr'><em>neo</em></span> <span class='ocrx_word' id='word_1_188' title='bbox 617 1545 752 1600; x_wconf 82' lang='lat' dir='ltr'><em>ipsius</em></span> <span class='ocrx_word' id='word_1_189' title='bbox 791 1545 853 1586; x_wconf 86' lang='lat' dir='ltr'><em>rei</em></span> <span class='ocrx_word' id='word_1_190' title='bbox 889 1545 1086 1599; x_wconf 80' lang='lat' dir='ltr'><em>publicae</em></span> <span class='ocrx_word' id='word_1_191' title='bbox 1123 1545 1364 1600; x_wconf 67' lang='lat' dir='ltr'><em>reperiatur</em></span> <span class='ocrx_word' id='word_1_192' title='bbox 1400 1546 1492 1587; x_wconf 87' lang='lat' dir='ltr'><em>ulla</em></span> <span class='ocrx_word' id='word_1_193' title='bbox 1527 1546 1587 1588; x_wconf 87' lang='grc'>111-</span> <span class='ocrx_word' id='word_1_194' title='bbox 1665 1581 1668 1588; x_wconf 78' lang='grc'>,</span> 
     </span>
     <span class='ocr_line' id='line_1_26' title="bbox 251 1603 1662 1659; baseline 0.001 -14"><span class='ocrx_word' id='word_1_195' title='bbox 251 1604 432 1645; x_wconf 61' lang='grc'>8111111310.</span> <span class='ocrx_word' id='word_1_196' title='bbox 481 1603 540 1645; x_wconf 90' lang='grc' dir='ltr'><em>Η1</em></span> <span class='ocrx_word' id='word_1_197' title='bbox 572 1606 717 1646; x_wconf 74' lang='lat' dir='ltr'><em>coetus</em></span> <span class='ocrx_word' id='word_1_198' title='bbox 749 1603 883 1659; x_wconf 69' lang='lat' dir='ltr'><em>igitur</em></span> <span class='ocrx_word' id='word_1_199' title='bbox 914 1604 1006 1657; x_wconf 82' lang='lat' dir='ltr'><em>hae,</em></span> <span class='ocrx_word' id='word_1_200' title='bbox 1038 1603 1088 1645; x_wconf 91' lang='lat' dir='ltr'><em>de</em></span> <span class='ocrx_word' id='word_1_201' title='bbox 1121 1619 1205 1658; x_wconf 85' lang='lat' dir='ltr'><em>qua</em></span> <span class='ocrx_word' id='word_1_202' title='bbox 1237 1604 1425 1658; x_wconf 80' lang='lat' dir='ltr'><em>exposui,</em></span> <span class='ocrx_word' id='word_1_203' title='bbox 1460 1619 1588 1646; x_wconf 83' lang='lat' dir='ltr'><em>eausa</em></span> <span class='ocrx_word' id='word_1_204' title='bbox 1607 1615 1662 1654; x_wconf 17' lang='lat'><em>25!</em></span> 
     </span>
     <span class='ocr_line' id='line_1_27' title="bbox 250 1662 1662 1717; baseline 0.001 -13"><span class='ocrx_word' id='word_1_205' title='bbox 250 1662 441 1704; x_wconf 68' lang='lat' dir='ltr'><em>instituti</em></span> <span class='ocrx_word' id='word_1_206' title='bbox 471 1663 614 1704; x_wconf 87' lang='lat' dir='ltr'><em>sedem</em></span> <span class='ocrx_word' id='word_1_207' title='bbox 645 1663 833 1717; x_wconf 87' lang='lat' dir='ltr'><em>primum</em></span> <span class='ocrx_word' id='word_1_208' title='bbox 858 1665 974 1704; x_wconf 72' lang='grc'>001130</span> <span class='ocrx_word' id='word_1_209' title='bbox 1000 1663 1094 1704; x_wconf 92' lang='grc'>1000</span> <span class='ocrx_word' id='word_1_210' title='bbox 1122 1663 1434 1705; x_wconf 83' lang='lat' dir='ltr'><em>domiciliorum</em></span> <span class='ocrx_word' id='word_1_211' title='bbox 1461 1678 1588 1705; x_wconf 82' lang='lat' dir='ltr'><em>causa</em></span> <span class='ocrx_word' id='word_1_212' title='bbox 1660 1668 1662 1677; x_wconf 62' lang='lat'><em>¹</em></span> 
     </span>
     <span class='ocr_line' id='line_1_28' title="bbox 251 1721 1588 1787; baseline 0 -24"><span class='ocrx_word' id='word_1_213' title='bbox 251 1722 583 1787; x_wconf 68' lang='lat' dir='ltr'><em>constituerunt,</em></span> <span class='ocrx_word' id='word_1_214' title='bbox 622 1736 750 1776; x_wconf 85' lang='lat' dir='ltr'><em>quam</em></span> <span class='ocrx_word' id='word_1_215' title='bbox 787 1736 882 1763; x_wconf 87' lang='grc'>011111</span> <span class='ocrx_word' id='word_1_216' title='bbox 919 1721 1024 1763; x_wconf 91' lang='grc'>10018</span> <span class='ocrx_word' id='word_1_217' title='bbox 1063 1736 1276 1776; x_wconf 83' lang='lat' dir='ltr'><em>manuque</em></span> <span class='ocrx_word' id='word_1_218' title='bbox 1314 1722 1588 1776; x_wconf 70' lang='lat' dir='ltr'><em>saepsissenb,</em></span> 
     </span>
     <span class='ocr_line' id='line_1_29' title="bbox 251 1780 1589 1835; baseline 0.001 -14"><span class='ocrx_word' id='word_1_219' title='bbox 251 1781 340 1822; x_wconf 87' lang='lat' dir='ltr'><em>eius</em></span> <span class='ocrx_word' id='word_1_220' title='bbox 369 1780 486 1822; x_wconf 88' lang='lat' dir='ltr'><em>modi</em></span> <span class='ocrx_word' id='word_1_221' title='bbox 511 1780 853 1822; x_wconf 70' lang='lat' dir='ltr'><em>coniunobionem</em></span> <span class='ocrx_word' id='word_1_222' title='bbox 878 1782 1090 1821; x_wconf 66' lang='lat' dir='ltr'><em>teossorum</em></span> <span class='ocrx_word' id='word_1_223' title='bbox 1116 1780 1320 1835; x_wconf 84' lang='lat' dir='ltr'><em>oppidum</em></span> <span class='ocrx_word' id='word_1_224' title='bbox 1345 1781 1413 1822; x_wconf 83' lang='lat' dir='ltr'><em>vel</em></span> <span class='ocrx_word' id='word_1_225' title='bbox 1438 1781 1589 1822; x_wconf 89' lang='lat' dir='ltr'><em>urbem</em></span> 
     </span>
     <span class='ocr_line' id='line_1_30' title="bbox 252 1838 1659 1894; baseline 0.001 -14"><span class='ocrx_word' id='word_1_226' title='bbox 252 1839 579 1894; x_wconf 72' lang='lat' dir='ltr'><em>appellavelunb</em></span> <span class='ocrx_word' id='word_1_227' title='bbox 616 1839 804 1880; x_wconf 85' lang='lat' dir='ltr'><em>delubris</em></span> <span class='ocrx_word' id='word_1_228' title='bbox 843 1838 1091 1880; x_wconf 66' lang='lat' dir='ltr'><em>disbinctam</em></span> <span class='ocrx_word' id='word_1_229' title='bbox 1129 1839 1365 1894; x_wconf 67' lang='lat' dir='ltr'><em>spatiisque</em></span> <span class='ocrx_word' id='word_1_230' title='bbox 1404 1854 1588 1881; x_wconf 85' lang='lat' dir='ltr'><em>eommu—</em></span> <span class='ocrx_word' id='word_1_231' title='bbox 1658 1883 1659 1887; x_wconf 56' lang='grc'>,</span> 
     </span>
     <span class='ocr_line' id='line_1_31' title="bbox 250 1891 1660 1953; baseline 0.001 -14"><span class='ocrx_word' id='word_1_232' title='bbox 250 1899 387 1939; x_wconf 80' lang='lat' dir='ltr'><em>nibus.</em></span> <span class='ocrx_word' id='word_1_233' title='bbox 439 1897 588 1939; x_wconf 84' lang='lat' dir='ltr'><em>Omnis</em></span> <span class='ocrx_word' id='word_1_234' title='bbox 621 1912 723 1953; x_wconf 85' lang='lat' dir='ltr'><em>ergo</em></span> <span class='ocrx_word' id='word_1_235' title='bbox 755 1898 952 1952; x_wconf 82' lang='lat' dir='ltr'><em>populus,</em></span> <span class='ocrx_word' id='word_1_236' title='bbox 985 1898 1058 1952; x_wconf 88' lang='lat' dir='ltr'><em>qui</em></span> <span class='ocrx_word' id='word_1_237' title='bbox 1090 1901 1155 1939; x_wconf 66' lang='grc'>081]</span> <span class='ocrx_word' id='word_1_238' title='bbox 1180 1898 1281 1939; x_wconf 74' lang='lat' dir='ltr'><em>talis</em></span> <span class='ocrx_word' id='word_1_239' title='bbox 1308 1900 1454 1940; x_wconf 70' lang='lat' dir='ltr'><em>coetus</em></span> <span class='ocrx_word' id='word_1_240' title='bbox 1481 1899 1587 1940; x_wconf 86' lang='lat' dir='ltr'><em>mul·</em></span> <span class='ocrx_word' id='word_1_241' title='bbox 1606 1891 1660 1936; x_wconf 74' lang='grc'><em>301</em></span> 
     </span>
     <span class='ocr_line' id='line_1_32' title="bbox 250 1955 1658 2012; baseline 0 -14"><span class='ocrx_word' id='word_1_242' title='bbox 250 1976 285 2008; x_wconf 84' lang='lat' dir='ltr'><em>p.</em></span> <span class='ocrx_word' id='word_1_243' title='bbox 307 1959 392 2009; x_wconf 82' lang='lat'>21³]</span> <span class='ocrx_word' id='word_1_244' title='bbox 420 1957 629 2011; x_wconf 66' lang='lat' dir='ltr'><em>titudinis,</em></span> <span class='ocrx_word' id='word_1_245' title='bbox 663 1956 833 2011; x_wconf 83' lang='lat' dir='ltr'><em>qualem</em></span> <span class='ocrx_word' id='word_1_246' title='bbox 861 1955 866 2010; x_wconf 87' lang='grc' dir='ltr'>Ι</span> <span class='ocrx_word' id='word_1_247' title='bbox 895 1957 1082 2011; x_wconf 81' lang='lat' dir='ltr'><em>exposui,</em></span> <span class='ocrx_word' id='word_1_248' title='bbox 1114 1957 1253 1998; x_wconf 84' lang='lat' dir='ltr'><em>omnis</em></span> <span class='ocrx_word' id='word_1_249' title='bbox 1285 1957 1449 2011; x_wconf 73' lang='lat' dir='ltr'><em>civitas,</em></span> <span class='ocrx_word' id='word_1_250' title='bbox 1481 1972 1588 2012; x_wconf 82' lang='lat' dir='ltr'><em>quae</em></span> <span class='ocrx_word' id='word_1_251' title='bbox 1656 1959 1658 1967; x_wconf 73' lang='grc'>’</span> 
     </span>
     <span class='ocr_line' id='line_1_33' title="bbox 252 2015 1588 2071; baseline 0 -14"><span class='ocrx_word' id='word_1_252' title='bbox 252 2017 317 2057; x_wconf 69' lang='lat' dir='ltr'><em>esi]</em></span> <span class='ocrx_word' id='word_1_253' title='bbox 343 2016 593 2057; x_wconf 66' lang='lat' dir='ltr'><em>constitutio</em></span> <span class='ocrx_word' id='word_1_254' title='bbox 619 2015 781 2071; x_wconf 82' lang='lat' dir='ltr'><em>populi,</em></span> <span class='ocrx_word' id='word_1_255' title='bbox 809 2015 946 2057; x_wconf 85' lang='lat' dir='ltr'><em>omnis</em></span> <span class='ocrx_word' id='word_1_256' title='bbox 973 2029 1040 2057; x_wconf 88' lang='lat' dir='ltr'><em>res</em></span> <span class='ocrx_word' id='word_1_257' title='bbox 1066 2016 1251 2070; x_wconf 79' lang='lat' dir='ltr'><em>publiea,</em></span> <span class='ocrx_word' id='word_1_258' title='bbox 1278 2030 1397 2070; x_wconf 83' lang='lat' dir='ltr'><em>quae,</em></span> <span class='ocrx_word' id='word_1_259' title='bbox 1421 2018 1471 2057; x_wconf 84' lang='grc'>1113</span> <span class='ocrx_word' id='word_1_260' title='bbox 1491 2016 1588 2070; x_wconf 88' lang='lat' dir='ltr'><em>dixi,</em></span> 
     </span>
     <span class='ocr_line' id='line_1_34' title="bbox 250 2074 1588 2130; baseline 0 -15"><span class='ocrx_word' id='word_1_261' title='bbox 250 2074 400 2130; x_wconf 87' lang='lat' dir='ltr'><em>populi</em></span> <span class='ocrx_word' id='word_1_262' title='bbox 438 2089 504 2115; x_wconf 85' lang='lat' dir='ltr'><em>res</em></span> <span class='ocrx_word' id='word_1_263' title='bbox 541 2074 839 2128; x_wconf 80' lang='grc'>0813,001181110</span> <span class='ocrx_word' id='word_1_264' title='bbox 873 2074 1057 2128; x_wconf 82' lang='lat' dir='ltr'><em>quodam</em></span> <span class='ocrx_word' id='word_1_265' title='bbox 1088 2075 1275 2129; x_wconf 81' lang='lat' dir='ltr'><em>regenda</em></span> <span class='ocrx_word' id='word_1_266' title='bbox 1307 2077 1470 2129; x_wconf 61' lang='grc'>0811,111·,</span> <span class='ocrx_word' id='word_1_267' title='bbox 1502 2075 1588 2115; x_wconf 84' lang='lat' dir='ltr'><em>diu-</em></span> 
     </span>
     <span class='ocr_line' id='line_1_35' title="bbox 250 2132 1655 2199; baseline -0.001 -25"><span class='ocrx_word' id='word_1_268' title='bbox 250 2136 379 2174; x_wconf 70' lang='lat' dir='ltr'><em>turna</em></span> <span class='ocrx_word' id='word_1_269' title='bbox 405 2133 473 2174; x_wconf 85' lang='grc'>8113</span> <span class='ocrx_word' id='word_1_270' title='bbox 515 2132 565 2174; x_wconf 88' lang='lat' dir='ltr'><em>Id</em></span> <span class='ocrx_word' id='word_1_271' title='bbox 592 2135 736 2174; x_wconf 62' lang='lat' dir='ltr'><em>aussem</em></span> <span class='ocrx_word' id='word_1_272' title='bbox 761 2132 987 2174; x_wconf 81' lang='lat' dir='ltr'><em>consilium</em></span> <span class='ocrx_word' id='word_1_273' title='bbox 1010 2133 1199 2188; x_wconf 87' lang='lat' dir='ltr'><em>primum</em></span> <span class='ocrx_word' id='word_1_274' title='bbox 1225 2148 1394 2199; x_wconf 84' lang='lat' dir='ltr'><em>semper</em></span> <span class='ocrx_word' id='word_1_275' title='bbox 1418 2133 1470 2175; x_wconf 83' lang='lat' dir='ltr'><em>ad</em></span> <span class='ocrx_word' id='word_1_276' title='bbox 1493 2148 1587 2175; x_wconf 86' lang='lat' dir='ltr'><em>eam</em></span> <span class='ocrx_word' id='word_1_277' title='bbox 1654 2170 1655 2173; x_wconf 75' lang='grc'>,</span> 
     </span>
     <span class='ocr_line' id='line_1_36' title="bbox 252 2187 1655 2247; baseline 0.001 -15"><span class='ocrx_word' id='word_1_278' title='bbox 252 2206 424 2233; x_wconf 78' lang='lat' dir='ltr'><em>causam</em></span> <span class='ocrx_word' id='word_1_279' title='bbox 455 2192 723 2233; x_wconf 78' lang='lat' dir='ltr'><em>refeiendum</em></span> <span class='ocrx_word' id='word_1_280' title='bbox 755 2194 838 2245; x_wconf 81' lang='grc'>0813,</span> <span class='ocrx_word' id='word_1_281' title='bbox 877 2206 984 2246; x_wconf 86' lang='lat' dir='ltr'><em>quae</em></span> <span class='ocrx_word' id='word_1_282' title='bbox 1015 2206 1144 2233; x_wconf 82' lang='lat' dir='ltr'><em>causa</em></span> <span class='ocrx_word' id='word_1_283' title='bbox 1176 2192 1325 2247; x_wconf 74' lang='lat' dir='ltr'><em>genuit</em></span> <span class='ocrx_word' id='word_1_284' title='bbox 1356 2187 1586 2234; x_wconf 66' lang='lat' dir='ltr'><em>civifiaizem.</em></span> <span class='ocrx_word' id='word_1_285' title='bbox 1606 2201 1655 2238; x_wconf 63' lang='lat'><em>3⁵5</em></span> 
     </span>
    </p>

    <p class='ocr_par' dir='ltr' id='par_1_4' title="bbox 182 2250 1587 2365">
     <span class='ocr_line' id='line_1_37' title="bbox 182 2250 1587 2305; baseline 0.002 -16"><span class='ocrx_word' id='word_1_286' title='bbox 182 2258 223 2289; x_wconf 67' lang='lat'><em>42</em></span> <span class='ocrx_word' id='word_1_287' title='bbox 250 2250 414 2292; x_wconf 85' lang='lat' dir='ltr'><em>Deinde</em></span> <span class='ocrx_word' id='word_1_288' title='bbox 440 2253 514 2291; x_wconf 71' lang='lat' dir='ltr'><em>aut</em></span> <span class='ocrx_word' id='word_1_289' title='bbox 539 2251 613 2291; x_wconf 86' lang='grc'>11111</span> <span class='ocrx_word' id='word_1_290' title='bbox 638 2250 912 2291; x_wconf 70' lang='lat' dir='ltr'><em>tiibuendum</em></span> <span class='ocrx_word' id='word_1_291' title='bbox 938 2253 1004 2291; x_wconf 69' lang='lat' dir='ltr'><em>esb</em></span> <span class='ocrx_word' id='word_1_292' title='bbox 1030 2253 1105 2292; x_wconf 68' lang='lat' dir='ltr'><em>auh</em></span> <span class='ocrx_word' id='word_1_293' title='bbox 1130 2250 1305 2292; x_wconf 72' lang='lat' dir='ltr'><em>delectis</em></span> <span class='ocrx_word' id='word_1_294' title='bbox 1332 2250 1587 2305; x_wconf 83' lang='lat' dir='ltr'><em>quibusdam</em></span> 
     </span>
     <span class='ocr_line' id='line_1_38' title="bbox 251 2308 1587 2365; baseline -0.001 -14"><span class='ocrx_word' id='word_1_295' title='bbox 251 2311 326 2351; x_wconf 75' lang='lat' dir='ltr'><em>aut</em></span> <span class='ocrx_word' id='word_1_296' title='bbox 345 2309 659 2365; x_wconf 83' lang='lat' dir='ltr'><em>suscipiendum</em></span> <span class='ocrx_word' id='word_1_297' title='bbox 680 2312 746 2350; x_wconf 80' lang='grc'>0813</span> <span class='ocrx_word' id='word_1_298' title='bbox 765 2309 1031 2351; x_wconf 71' lang='lat' dir='ltr'><em>multitudini</em></span> <span class='ocrx_word' id='word_1_299' title='bbox 1052 2312 1179 2364; x_wconf 73' lang='lat' dir='ltr'><em>atque</em></span> <span class='ocrx_word' id='word_1_300' title='bbox 1200 2309 1409 2352; x_wconf 82' lang='lat' dir='ltr'><em>omnibus.</em></span> <span class='ocrx_word' id='word_1_301' title='bbox 1448 2308 1587 2358; x_wconf 84' lang='lat' dir='ltr'><em>Quare</em></span> 
     </span>
    </p>
   </div>
   <div class='ocr_carea' id='block_1_3' title="bbox 1643 0 1685 2387">
    <p class='ocr_par' dir='ltr' id='par_1_5' title="bbox 1643 0 1685 2387">
     <span class='ocr_line' id='line_1_39' title="bbox 1643 0 1685 2387; baseline 0 0"><span class='ocrx_word' id='word_1_302' title='bbox 1643 0 1685 2387; x_wconf 95' lang='lat' dir='ltr'><em>   </em></span> 
     </span>
    </p>
   </div>
  </div>
 </body>
</html>
