1685 2568
489 111 769 148 ADNOTATIO
797 112 997 148 CRITICA.
1293 114 1410 149 XLIII

69 216 143 241 non
160 205 393 250 perspiciat?
417 208 505 250 post
530 205 774 241 Goerenzium
797 206 917 252 vulg„
944 206 1060 242 dubit.
1087 207 1208 251 Vahl„
1233 209 1297 252 qui
1315 221 1411 253 pau·

69 253 143 287 lum
180 253 364 298 intelleyat
392 252 530 297 Halm„
569 254 633 298 qui
662 257 866 288 irascantur
896 255 1008 288 intell.
1043 254 1167 297 codd„
1205 256 1268 299 qai
1298 256 1410 289 intell.

68 300 193 334 modo?
214 320 256 324 —
282 299 321 334 P.
343 304 423 335 425.
445 305 464 334 2
491 304 524 335 et
549 299 594 334 de
614 299 754 334 Halmii
781 299 875 334 coni.
896 300 1003 343 Bait„
1029 301 1206 345 Huschk„
1231 305 1273 336 ut
1293 301 1410 345 codd„

67 357 112 381 ac
136 346 237 391 vulg.
264 367 308 372 —
333 346 373 381 P.
400 350 480 381 425.
506 351 528 381 4
553 348 638 392 quoi
662 358 720 381 me
747 348 898 382 auctore
919 347 1025 391 Bait„
1051 348 1172 391 Vahl„
1198 359 1266 393 quo
1292 348 1410 391 codd„

67 394 198 438 quoius
223 393 356 437 Halm„
382 395 487 428 cuius
510 393 611 438 vulg.
633 414 678 419 —
702 393 741 427 P.
763 398 842 429 425.
864 399 906 430 27
929 406 981 438 sq.
1012 395 1126 439 Quasi
1146 395 1266 437 Vahl„
1292 397 1413 440 quidsi

69 439 176 476 codd.
202 440 286 483 AH,
312 440 488 484 Huschk„
513 442 611 486 quisi
634 439 675 476 B.
703 461 747 466 —
773 440 811 475 P.
833 445 912 476 425.
940 446 983 476 31
1012 443 1221 486 superiores
1245 443 1413 478 dicebant

68 487 190 531 Turn„
216 487 323 531 Bait„
349 488 479 532 quibus
497 499 573 532 par
597 488 766 523 dicebant
783 489 847 533 qui
866 489 1012 534 cepisset
1032 488 1214 532 Huschk.;
1240 490 1413 534 quicquid

70 534 175 569 codd.
207 534 284 569 AH
316 535 413 579 (quic
445 533 506 577 B),
542 534 658 578 Bait„
694 534 821 577 vahl„
855 537 920 581 qai
949 537 1036 580 quid
1068 536 1184 580 Man„
1220 536 1340 570 Halm.
1368 557 1405 562 —

67 580 106 615 l'.
122 584 201 616 425.
217 586 260 616 32
281 582 466 616 liberatur
479 581 645 616 Huschk.
661 602 704 606 -
719 581 758 615 P.
775 586 853 616 425.
869 586 913 617 33
933 584 993 617 sed
1015 584 1092 628 (set)
1115 594 1132 618 e
1149 584 1264 618 medio
1277 583 1412 626 Halm„

69 628 176 670 Bait„
196 628 360 662 Huschk.
381 648 425 653 ——
446 628 485 662 P.
500 633 579 663 426.
603 633 620 663 1
643 628 768 663 Attius
786 628 920 673 Halm„
940 631 1058 664 aetius
1078 629 1184 664 codd.
1205 630 1284 673 ΑΒ,
1305 631 1348 664 ut
1367 630 1412 665 de

66 676 127 710 fin.
148 675 199 710 1V
213 679 268 710 25.
285 679 328 710 68
351 675 404 720 (et
423 675 485 719 al.)
507 676 595 720 opt„
615 675 680 709 ubi
700 675 838 710 nollem
857 676 937 721 ipse
953 676 1186 721 scripsissem
1199 678 1326 712 Attius
1344 688 1412 712 nec

66 722 131 756 Ac.
146 721 164 756 I
178 726 209 757 3.
228 726 287 765 103
302 723 390 766 cf.p.
404 726 545 757 161.31.
556 722 647 756 -P.
661 727 739 757 426.
751 727 771 756 4
784 724 1041 769 [adiunctum]
1052 723 1153 765 Bak„
1168 723 1301 768 Halm„
1317 724 1411 758 Bait.

68 789 112 793 -
125 767 163 803 Ρ.
179 773 258 804 426.
275 773 294 803 9
313 770 517 804 residentia·
535 771 686 804 mortuis
701 769 866 813 Salmas„
889 770 1006 814 Vahl„
1028 772 1260 816 †residentar
1278 773 1414 806 mortui

66 815 200 860 Halm„
219 817 376 851 resident
392 817 529 851 mortui
542 816 780 860 Mai-quardt„
800 817 896 851 Bait.
913 838 956 842 —
970 817 1009 852 P.
1024 822 1104 852 426.
1121 822 1161 852 11
1178 818 1238 853 Set
1251 823 1283 854 et
1295 830 1355 854 eas
1370 839 1413 843 —-

64 864 236 906 conferri
253 863 418 897 Huschk.
433 883 477 888 —
490 863 530 897 P.
545 868 625 898 426.
643 869 683 898 12
705 865 763 899 ias
781 869 843 899 est
856 864 996 908 Lamb„
1016 865 1128 907 Bait„
1149 877 1185 910 p.
1201 869 1279 900 398.
1297 870 1352 901 25.
1369 886 1413 891 -—

70 909 121 944 lb.
141 914 183 945 ut
201 921 265 945 ‘nee
284 911 352 954 ips.
373 910 429 944 ed.
450 910 546 954 Asc„
569 911 689 954 Vahl„
708 915 750 946 ut
768 923 812 946 ‘ne
828 913 894 955 ips.
911 911 1029 956 codd„
1049 913 1218 956 atipsias
1231 912 1413 956 Momms„

65 956 199 1001 Halm„
220 957 328 1001 Bait„
348 962 389 992 at
407 969 471 992 ozee
490 959 606 1002 ipsias
634 959 761 993 deneas
779 958 944 993 Huschk.
967 979 1011 984 —
1030 959 1069 993 P.
1085 964 1163 994 426.
1181 964 1225 994 14
1245 961 1414 996 declaret

68 1003 162 1038 Bait.
177 1004 329 1048 invitus,
349 1005 392 1038 ut
411 1004 568 1039 videtur.
586 1025 629 1030 —-
644 1004 682 1039 P.
698 1010 778 1040 426.
796 1010 837 1040 16
857 1006 1103 1052 [verbeeibus]
1116 1005 1257 1050 Feldh„
1277 1006 1412 1050 Halm„

67 1050 162 1086 Bait.
185 1071 229 1077 —-
248 1051 287 1086 P.
303 1056 382 1086 426.
400 1056 441 1086 17
461 1056 634 1087 resectum
651 1051 799 1095 Patric„
825 1052 934 1096 Bait„
962 1053 1081 1097 Vahl„
1106 1055 1275 1089 reiectum
1295 1054 1413 1098 codd„

66 1102 253 1143 exceptum
278 1098 399 1142 Turn„
425 1098 546 1133 Halm.
574 1119 618 1124 -—
643 1099 684 1134 P.
710 1103 791 1134 426.
820 1103 863 1134 19
889 1104 930 1134 ut
954 1100 1079 1144 potius
1106 1111 1217 1144 quam
1241 1105 1274 1136 et
1299 1102 1413 1146 scrip-

67 1145 159 1180 sisse
187 1145 402 1179 Ciceronem
434 1145 611 1190 suspicor.
644 1166 689 1172 -—
719 1145 759 1180 P.
786 1150 865 1180 426.
893 1151 938 1181 20
969 1147 1022 1181 At
1053 1147 1133 1181 cod.
1160 1148 1189 1180 B
1224 1149 1287 1192 (ad
1312 1149 1413 1192 ΑΗ),

67 1192 187 1236 Vahl„
211 1193 269 1227 Ae
287 1192 439 1236 Manut„
466 1192 601 1236 Halm„
627 1191 724 1227 Bait.
745 1212 789 1218 -
808 1192 847 1227 P.
868 1197 948 1228 426.
970 1198 1015 1228 24
1040 1195 1118 1235 †in
1142 1205 1181 1229 eo
1200 1206 1270 1239 sep.
1291 1195 1412 1229 Halm.

67 1260 110 1264 —
135 1238 174 1273 P.
201 1244 280 1274 426.
308 1243 351 1273 28
379 1250 433 1283 sq.
459 1251 567 1284 quam
586 1250 644 1275 *ηε
663 1241 809 1284 sapiens
833 1239 973 1283 Halm,
1000 1240 1097 1275 Bait.
1125 1261 1169 1266 -—
1194 1240 1235 1275 P.
1261 1246 1341 1277 426.
1369 1246 1412 1277 35

64 1291 116 1321 est
141 1286 265 1330 codd„
292 1285 412 1331 vulg„
437 1288 486 1321 sit
510 1286 654 1329 Madv.,
680 1286 802 1321 Halm.
829 1307 874 1312 ——-
899 1286 938 1321 P.
965 1291 1045 1322 426.
1073 1292 1117 1322 36
1142 1289 1241 1323 venit
1264 1300 1348 1333 usa,
1373 1293 1415 1324 ut

66 1332 218 1377 Mosen,
249 1333 363 1377 Bait„
396 1333 524 1377 Vahl„
550 1335 701 1378 penitus
732 1333 857 1377 codd„
895 1345 967 1370 usu
997 1336 1110 1378 veuit,
1143 1340 1185 1370 at
1214 1335 1336 1370 Halm.
1369 1357 1413 1362 —

67 1380 105 1415 P.
126 1385 205 1415 427.
235 1385 256 1414 4
281 1385 358 1416 tam
382 1385 415 1415 et
438 1381 515 1416 illis
538 1381 634 1416 hum.
661 1385 712 1416 est
736 1385 769 1416 et
792 1382 896 1427 yleba
922 1381 1002 1416 cod.
1022 1382 1066 1425 H,
1094 1383 1243 1417 tumulis
1267 1388 1300 1418 et
1317 1384 1412 1418 hum.

63 1432 115 1463 est
139 1432 172 1463 et
195 1429 298 1473 yleba
316 1438 454 1472 magna
474 1438 517 1462 ex
535 1429 642 1473 parte
664 1439 754 1463 corr.
775 1429 861 1473 AB,
887 1430 1059 1472 timiulus,
1084 1430 1150 1464 ubi
1167 1430 1337 1465 humatus
1351 1435 1413 1474 est,

65 1486 110 1510 ex
133 1476 236 1521 yleba
261 1474 384 1509 Madv.
413 1486 480 1509 em.
507 1487 542 1520 p.
571 1479 614 1511 78
642 1487 707 1519 sq.,
733 1475 874 1519 Halm,
907 1477 1068 1511 tumulus
1091 1477 1146 1522 [et
1169 1478 1340 1513 limatas
1364 1483 1414 1513 est

63 1533 109 1557 eae
131 1522 256 1568 yleba]
279 1526 429 1557 vocatur
453 1521 622 1557 Vahleno
644 1522 835 1566 (Zeitschr.
862 1522 886 1557 f.
909 1522 1007 1558 Oest.
1030 1522 1161 1567 Gymn.
1184 1528 1274 1559 1860
1294 1537 1330 1570 p.
1352 1527 1411 1569 28)

66 1572 216 1604 auctore
243 1569 356 1612 Bait„
383 1573 458 1604 tam
484 1574 516 1604 et
540 1571 618 1604 illie
642 1570 812 1605 humatus
838 1574 906 1613 est,
939 1575 971 1605 et
995 1571 1099 1616 yleba
1123 1573 1285 1606 tumidas
1309 1583 1412 1607 voea-

64 1620 126 1652 ίαν
158 1615 250 1651 coni.
277 1615 386 1650 Vahl.
419 1616 458 1650 in
490 1616 597 1659 edit„
629 1621 704 1652 timi
736 1619 813 1651 illic
844 1622 876 1652 et
900 1618 1070 1652 humatus
1100 1622 1150 1653 est
1180 1622 1214 1653 et
1243 1630 1287 1654 ex
1311 1620 1414 1665 (fleba

65 1668 214 1698 vocatur
233 1663 399 1698 Huschk.
425 1663 578 1709 probab.
601 1684 645 1689 -—
670 1663 710 1698 P.
731 1669 812 1699 427.
834 1669 854 1699 6
879 1666 921 1699 in
945 1666 1051 1708 mari,
1078 1666 1120 1699 ut
1144 1666 1203 1699 est
1226 1664 1266 1699 in
1292 1666 1412 1710 codd„

66 1709 222 1746 fortasse
252 1709 407 1745 tolerari
438 1712 566 1755 potest
590 1712 640 1756 (v.
666 1711 715 1745 ad
738 1712 798 1745 fin.
825 1724 860 1757 p.
889 1716 968 1746 274.
996 1716 1043 1755 6),
1068 1713 1111 1747 iii
1133 1723 1233 1748 mare
1258 1713 1341 1747 edd.
1368 1734 1412 1739 -—

65 1757 103 1792 P.
123 1762 202 1793 427.
225 1762 268 1793 10
288 1758 395 1803 piari
411 1757 576 1792 Huschk.
601 1757 642 1793 in
668 1758 844 1794 Zeitschr.
871 1757 895 1793 f.
917 1758 1184 1803 Rechtsgesch.
1204 1759 1256 1794 XI
1275 1772 1311 1805 p.
1334 1765 1412 1805 138,

63 1806 149 1840 dari
177 1805 217 1839 in
248 1804 303 1840 ed.
337 1804 421 1839 coll.
449 1804 560 1840 Macr.
587 1806 603 1839 Ι
631 1809 686 1841 16.
715 1810 774 1850 10,
806 1807 1023 1849 faciundam
1047 1806 1188 1851 Halm„
1219 1807 1274 1853 [et
1298 1819 1414 1853 porco

62 1853 142 1895 fem.
157 1853 256 1897 piac.
270 1853 378 1898 pati]
395 1851 518 1896 Rath„
544 1852 640 1887 Bait.
661 1873 705 1878 ——
725 1852 765 1887 P.
786 1857 866 1888 427.
889 1858 931 1888 13
953 1855 1167 1898 ecquidnam
1184 1854 1282 1899 Ald„
1302 1854 1412 1900 Bait„

70 1898 191 1943 Vahl„
223 1903 256 1935 et
278 1901 455 1945 quidnam
480 1899 586 1934 codd.
614 1900 661 1943 (A
685 1905 719 1935 et
743 1911 822 1944 sup.
848 1899 944 1944 lin.)‚
977 1902 1153 1945 quidnam
1178 1901 1258 1945 all.,
1290 1901 1411 1937 Halm.

67 1966 111 1971 -
135 1946 175 1980 P.
201 1951 280 1982 427.
310 1951 354 1981 14
378 1948 435 1982 uti
460 1946 573 1991 vulg„
599 1946 720 1991 Vahl„
745 1949 828 1983 uita
854 1948 934 1982 cod.
954 1947 1014 1990 Bl,
1039 1949 1122 1982 nita
1140 1947 1186 1992 H,
1211 1953 1253 1983 ut
1276 1948 1315 1982 in
1340 1960 1411 1984 ras.

63 1992 114 2036 A,
139 1993 277 2037 Halm,
308 1993 405 2028 Bait.
432 2014 477 2020 -—
507 1993 547 2028 P.
574 1998 655 2029 427.
683 1999 727 2029 16
762 1995 897 2030 tabulis
931 1994 1016 2029 add.
1048 1994 1191 2039 Halm.,
1226 1997 1413 2032 duodecim

0 2055 1 2095 ξ
64 2041 169 2075 milia
199 2040 278 2075 cod.
303 2041 337 2075 A
367 2041 506 2084 ortum,
538 2042 581 2075 ut
604 2041 754 2076 Halmio
780 2041 945 2085 videtur,
979 2052 1100 2076 errore
1128 2043 1342 2088 compendii
1367 2044 1418 2079 M

64 2097 110 2121 ex
141 2088 287 2122 tabulis.
313 2108 358 2114 —
388 2087 428 2122 P.
455 2093 536 2124 427.
564 2093 607 2123 19
636 2089 751 2134 Quid,
786 2090 881 2134 quod
906 2088 1047 2134 Madv„
1083 2089 1206 2134 Quid?
1238 2092 1335 2136 quod
1359 2093 1413 2127 vel

64 2134 228 2169 Huschk.
263 2154 306 2160 --
338 2134 377 2169 P.
403 2139 484 2170 427.
512 2140 555 2170 22
587 2136 725 2181 Poplie.
757 2136 903 2180 Lamb„
938 2135 1053 2180 Bait„
1089 2136 1218 2180 Vahl„
1246 2140 1409 2183 pepulie.

64 2181 144 2216 cod.
171 2181 254 2224 BH,
274 2183 352 2226 pub
377 2181 415 2215 in
441 2183 474 2215 A
497 2182 537 2217 in
562 2194 644 2227 ras„
672 2183 812 2218 Public.
839 2184 953 2228 vulg„
979 2183 1102 2218 Halm.
1128 2204 1173 2210 ——
1198 2183 1239 2220 P.
1265 2190 1345 2220 427.
1366 2190 1411 2220 30

64 2229 203 2263 lamina
228 2230 356 2272 Turn„
383 2229 512 2273 Vahl„
538 2229 623 2264 incl.
651 2229 759 2275 Bait„
786 2232 965 2277 T'domiiza
990 2231 1112 2265 Halm.
1140 2251 1184 2257 -—-
1210 2231 1263 2267 Ib.
1291 2244 1344 2276 sq.
1371 2237 1412 2268 ut

62 2276 164 2310 aedis
188 2276 274 2310 haec
299 2277 526 2311 dedicaretur
550 2277 727 2321 Huschk„
753 2289 819 2313 eur
843 2298 888 2303 —
913 2279 1143 2313 dedicaretur
1170 2279 1264 2314 coni.
1288 2279 1410 2324 Vahl„

61 2324 164 2358 aedis
193 2323 279 2358 haee
310 2324 476 2358 dedicare
507 2324 631 2368 codd,
663 2326 764 2360 aedis
787 2326 897 2361 haias
921 2326 1145 2361 dedicandae
1172 2325 1264 2361 dett.
1291 2326 1410 2372 codd„
