1685 2568
215 112 300 154 296
692 113 755 148 DE
781 113 844 147 RE
869 112 1076 148 PUBLICA

214 228 250 261 p.
261 211 345 262 235]
366 223 454 251 non
471 211 628 274 potest.
659 208 778 251 Haec
796 209 896 263 fere,
915 208 1048 263 Laeli,
1069 210 1113 250 et
1133 209 1340 263 quaedam
1354 206 1555 265 eius'dem

216 268 385 323 generis
419 268 472 309 ab
504 267 570 321 iis,
602 267 674 322 qui
707 283 802 309 eam
832 267 1018 309 formam
1050 267 1112 308 rei
1142 267 1340 322 publicae
1371 268 1555 309 maxime

215 327 406 380 laudant,
439 326 651 380 disputari
682 327 834 367 solent.

303 385 412 426 Τ11111
449 384 639 426 Laelius:
685 384 794 433 Quid
833 387 898 437 tu,
939 384 1097 438 inquit,
1138 382 1309 439 Scipio?
1353 399 1375 425 0
1414 385 1554 426 tribus
1664 419 1665 438 2

213 444 309 485 istis
355 443 469 498 quod
511 443 694 484 maxime
737 443 925 497 probas?
968 443 1011 485 S.
1042 442 1174 484 Recte
1212 443 1399 497 quaeris,
1443 444 1592 498 quoda
1663 446 1665 483 ἐ

214 502 398 544 maxime
437 517 458 543 0
495 502 654 555 tribus,
693 501 895 555 quoniam
933 515 1080 543 eorum
1110 502 1277 542 nullum
1307 501 1448 556 ipsum
1480 517 1557 556 per

214 575 259 602 se
292 560 525 616 separatim
557 561 693 615 probo
727 562 1026 614 anteponoque
1059 560 1243 625 singulis
1274 560 1400 614 illud,
1443 561 1557 614 quod

213 620 447 661 conflatum
479 619 611 660 fuerit
637 634 687 659 ex
714 619 923 660 omnibus.
975 617 1056 660 Sed
1083 619 1119 660 si
1143 634 1274 660 unum
1301 633 1350 660 ac
1375 619 1557 684 simplex

204 679 475 732 probandum
500 679 569 728 sit,
595 677 762 732 regium
779 678 960 730 probem
971 711 1156 719 .......
1185 677 1253 732 pri
1265 711 1479 719 ........
1511 678 1557 718 111

212 755 248 788 p.
275 739 360 789 236]
403 769 972 778 ....................
1010 736 1015 791 Ι
1048 736 1130 778 1100
1167 736 1262 777 1000
1301 737 1556 791 appellatur,
1577 748 1611 774 ιο

214 795 400 837 occurrit
437 809 594 836 nomen
631 795 755 848 quasi
791 795 982 849 patrium
1018 795 1152 850 regis,
1191 797 1240 835 ut
1272 809 1322 836 ex
1354 809 1398 836 se
1429 795 1557 849 natis,

212 854 275 895 ita
295 853 557 896 consulentis
579 853 666 894 suis
689 853 853 895 civibus
873 856 915 894 et
935 867 1008 895 eos
1024 853 1316 895 conservantis
1332 853 1556 896 studiosius

214 928 343 967 quam
372 946 497 954 .....
511 912 620 953 entis
633 945 818 953 .......
831 914 919 953 tem
947 945 1192 954 .........
1202 912 1239 953 18
1251 945 1496 955 .........
1507 912 1558 953 ti-

212 972 292 1012 bus
324 1004 628 1013 ...........
640 985 717 1012 1108
746 971 979 1012 sustentari
1004 971 1129 1012 unius
1156 971 1309 1026 optimi
1335 972 1379 1012 et
1401 971 1557 1013 summi

143 1040 185 1069 55
212 1030 295 1071 viri
327 1030 564 1085 diligentia.
620 1029 791 1070 Adsunt
823 1030 1073 1084 optimates,
1111 1030 1185 1083 qui
1216 1044 1260 1071 se
1292 1029 1445 1071 melius
1476 1030 1557 1072 hoc
1578 1042 1611 1067 15
1661 1025 1662 1030 ¹

213 1088 326 1130 idem
357 1089 497 1130 facere
529 1089 815 1143 profiteantur
845 1089 1028 1143 plusque
1058 1088 1151 1130 fore
1183 1088 1326 1130 dicant
1357 1088 1403 1129 in
1426 1089 1555 1144 pluri·
1660 1090 1661 1094 ’

212 1167 247 1199 p,
277 1149 361 1199 131]
401 1148 481 1188 bus
523 1147 692 1189 consilii
733 1162 863 1202 quam
899 1147 945 1188 in
980 1162 1064 1188 uno
1104 1149 1148 1188 et
1184 1145 1374 1203 eanfldem
1411 1150 1558 1189 tamen

214 1206 478 1260 aequitatem
516 1208 559 1247 et
597 1207 735 1247 fidem.
792 1206 901 1249 Ecce
940 1208 1084 1247 autem
1122 1206 1310 1247 maxima
1340 1220 1443 1247 voce
1474 1206 1557 1248 cla-

213 1268 305 1306 mat
336 1265 522 1319 populus
554 1279 691 1319 neque
725 1279 769 1305 se
800 1265 875 1306 uni
904 1279 1042 1319 neque
1073 1265 1220 1319 paucis
1251 1265 1362 1306 velle
1388 1279 1557 1319 parere3

213 1324 416 1365 libertate
447 1338 500 1364 ne
532 1322 635 1364 feris
668 1323 840 1378 quidem
872 1323 1100 1377 quicquam
1133 1338 1225 1364 esse
1258 1323 1440 1378 dulcius3
1476 1324 1557 1365 hac
1577 1336 1610 1361 20

214 1397 361 1424 omnes
388 1396 544 1436 carere,
577 1382 666 1423 sive
692 1382 785 1437 regi
811 1382 900 1423 sive
927 1382 1209 1437 optimatibus
1236 1382 1437 1423 serviant.
1488 1382 1558 1424 Ita

214 1441 395 1483 caritate
432 1455 511 1482 nos
545 1441 721 1495 capiunt
753 1455 894 1496 reges,
931 1441 1110 1482 consilio
1144 1440 1394 1495 optimates,
1432 1441 1557 1483 liber-

213 1502 304 1541 tate
338 1499 507 1554 populi,
547 1502 596 1540 ut
627 1499 671 1540 in
703 1499 989 1554 comparando
1022 1499 1195 1541 difficile
1227 1499 1281 1541 ad
1313 1500 1557 1555 eligendum

214 1559 288 1613 sit,
328 1558 430 1613 quid
468 1558 652 1599 maxime
684 1558 805 1599 velis.
854 1559 903 1600 L.
943 1557 1098 1612 Credo,
1135 1558 1292 1612 inquit,
1331 1559 1405 1600 sed
1437 1573 1557 1614 expe-

212 1637 248 1669 p.
277 1619 361 1670 132]
396 1617 490 1671 diri,
519 1616 523 1670 Ι
553 1631 660 1671 quae
692 1619 877 1672 restant,
908 1616 980 1658 vix
1010 1618 1232 1672 poterunt,
1264 1616 1301 1658 si
1332 1617 1414 1659 hoc
1444 1617 1556 1660 inco-
1576 1628 1610 1655 25

213 1677 367 1718 hatum
397 1675 635 1730 reliqueris.

302 1735 345 1777 S.
376 1733 603 1776 Imitemur
641 1747 743 1790 ergo
776 1733 978 1788 Aratum,
1023 1733 1096 1788 qui
1133 1734 1303 1790 magnis
1342 1734 1392 1777 de
1429 1735 1556 1777 rebus

215 1794 352 1835 dicere
397 1793 619 1835 exordiens
664 1808 689 1834 a
725 1791 827 1834 Iove
870 1793 1159 1847 incipiendum
1190 1796 1328 1848 putat.
1382 1793 1431 1835 L.
1463 1793 1556 1843 Quo

211 1851 343 1894 Iove?
377 1854 451 1893 aut
485 1852 586 1906 quid
617 1851 749 1893 habet
780 1851 896 1893 illius
929 1851 1131 1893 carminis
1164 1852 1303 1893 simile
1334 1852 1440 1894 haec
1466 1867 1557 1894 ora-

212 1911 304 1952 tio‘?
350 1910 393 1953 S.
426 1910 632 1965 Tantum,
670 1910 829 1964 inquit,
867 1912 916 1951 ut
952 1910 1034 1952 rite
1067 1911 1121 1952 ab
1155 1925 1203 1952 eo
1242 1911 1407 1953 dicendi
1444 1911 1557 1966 prin-
1577 1922 1610 1948 30
1658 1959 1662 1966 Ι

213 1969 325 2024 cipia
356 1969 590 2024 capiamus,
625 1983 751 2023 quem
776 1983 908 2009 unum
936 1969 1126 2010 omnium
1153 1969 1329 2011 deorum
1356 1972 1399 2011 et
1423 1970 1559 2012 homi·

211 2043 316 2069 num
341 2042 487 2083 regem
514 2042 606 2069 esse
633 2042 780 2068 omnes
808 2027 923 2069 docti
947 2028 1193 2082 indoctique
1218 2028 1445 2083 †expoliri
1463 2043 1558 2071 con-

213 2086 418 2128 sentiunt.
469 2085 608 2135 Quid?
640 2086 781 2140 inquit
812 2085 995 2128 Laelius.
1045 2086 1103 2129 Et
1133 2087 1225 2128 111οε
1259 2086 1369 2135 Quid
1400 2102 1558 2142 censes,

213 2163 250 2197 p.
277 2146 361 2197 165]
394 2144 480 2186 nisi
512 2145 625 2199 quod
658 2147 723 2186 est
751 2146 756 2198 Ι
785 2147 883 2186 ante
917 2145 1093 2187 oculos?
1139 2143 1236 2186 Sive
1267 2145 1373 2187 haec
1400 2146 1453 2187 ad
1478 2147 1557 2188 uti·
1654 2193 1679 2204 Ι

212 2204 383 2246 litatem
414 2203 529 2245 vitae
562 2203 800 2245 constituta
832 2206 932 2244 sunt
963 2219 988 2245 a
1018 2204 1284 2258 principibus
1316 2219 1459 2246 rerum
1483 2221 1557 2260 pu·
1577 2214 1608 2241 3⁵

212 2263 443 2317 blicarum,
483 2264 532 2303 ut
571 2277 645 2303 rex
685 2264 912 2316 putaretur
949 2277 1058 2303 unus
1098 2277 1189 2304 esse
1226 2263 1272 2304 in
1308 2263 1444 2318 caelo,
1486 2263 1558 2318 qui

211 2324 338 2376 nutu,
381 2323 431 2362 ut
468 2321 529 2363 ait
566 2320 801 2375 Homerus,
838 2323 979 2362 totum
1017 2320 1249 2376 Olympum
1288 2324 1558 2364 converteret

144 361 200 401 35

144 412 189 442 54

144 1716 199 1757 36

142 1767 187 1798 56
