1685 2568
124 847 164 877 49

126 1701 178 1741 19

125 1753 168 1783 50

127 2200 167 2229 51

189 96 274 137 398
719 95 782 129 DE
809 93 1012 129 LEGIBUS

190 192 348 233 etenim
375 205 521 233 omnes
547 190 630 233 viri
655 190 757 232 boni
781 190 921 245 ipsam
948 189 1210 244 aequitatem
1237 191 1280 230 et
1297 189 1364 230 ius
1383 189 1524 244 ipsum

189 253 355 304 amant,
385 264 463 292 nec
495 252 561 291 est
592 249 672 290 viri
704 249 805 290 boni
838 263 979 289 errare
1012 251 1054 290 et
1086 248 1276 303 diligere,
1308 248 1420 302 quod
1450 262 1526 303 pei·

190 324 236 351 se
266 324 353 351 non
385 309 443 350 sit
475 308 757 364 diligendum3
787 321 863 361 per
895 321 939 348 se
970 306 1105 362 igitur
1136 307 1202 347 ius
1235 309 1300 347 est
1332 309 1526 361 expeten-

190 368 290 410 dum
323 370 365 409 et
396 367 639 421 colendum3
678 365 830 420 quodsi
861 366 945 419 ius,
984 365 1114 407 etiam
1145 365 1330 419 iustitia3
1369 365 1435 406 sin
1466 379 1526 417 ea,

189 427 379 481 reliquae
413 440 581 481 quoque
612 425 794 466 virtutes
826 439 903 478 per
935 438 979 465 se
1006 424 1204 466 colendae
1231 426 1342 465 sunt.
1389 422 1526 472 Quid?
1545 435 1563 461 5

190 485 431 527 liberalitas
458 484 705 540 gratuitane
731 486 796 524 est
822 498 877 524 an
896 483 1217 524 mercennaria?
1244 483 1281 524 si
1300 483 1390 524 sine
1409 497 1529 538 prae-

190 545 276 586 mio
306 544 496 599 benigna
526 545 604 597 est,
637 542 840 598 gratuita,
873 542 909 583 si
940 556 1036 583 cum
1066 541 1270 596 mercede,
1303 541 1529 595 conducta3

189 618 267 645 nec
299 605 365 644 est
392 602 581 656 dubium,
613 601 717 655 quin
742 601 792 655 is,
823 600 896 655 qui
921 600 1114 642 liberalis
1140 600 1405 656 benignusve
1432 599 1529 641 dici-

190 665 274 715 tur,
300 661 499 714 officium,
525 675 612 702 non
635 659 823 701 fructum
850 662 1071 714 sequatur3
1103 673 1206 715 ergo
1232 659 1337 700 item
1361 658 1530 700 iustitia

189 720 299 762 nihil
332 719 495 774 expetit
525 718 718 774 praemii,
749 718 858 759 nihil
889 718 1034 773 pretii3
1065 733 1142 773 per
1173 732 1218 759 se
1249 718 1384 774 igitur
1409 729 1583 772 expe-10

190 780 308 821 titur.
365 778 617 833 Eademque
655 777 846 819 omnium
877 777 1088 819 virtutum
1120 791 1248 819 causa
1280 779 1407 831 atque
1440 791 1531 818 sen-

191 838 330 880 tentia
361 840 437 879 est.
493 837 638 891 Atque
670 837 812 891 etiam,
844 835 881 877 si
913 836 1231 890 emolumentis,
1261 850 1349 877 non
1380 838 1531 890 suapte

189 899 232 939 vi
262 897 398 938 virtus
432 896 666 952 expetitur,
696 910 782 936 una
813 895 895 936 erit
926 895 1078 950 virtus,
1109 909 1216 949 quae
1248 894 1416 936 malitia.
1446 909 1531 936 rec-

191 956 357 997 tissime
402 955 583 1009 dicetur3
626 956 675 996 ut
712 954 826 996 enim
865 953 1044 1008 quisque
1081 968 1278 995 maxume
1317 953 1370 994 ad
1407 967 1528 995 suum

191 1015 463 1057 commodum
500 1013 650 1068 refert,
690 1027 980 1068 quaecumque
1019 1013 1128 1068 agit,
1164 1012 1229 1054 ita
1259 1013 1433 1053 minime
1466 1014 1531 1053 est
1552 1024 1584 1049 15

191 1074 256 1115 vir
282 1074 432 1127 bonus,
458 1076 519 1126 ut,
546 1072 618 1127 qui
642 1072 848 1114 virtutem
874 1072 1065 1126 praemio
1092 1071 1341 1126 metiuntur,
1366 1071 1532 1113 nullam

190 1133 398 1175 virtutem
425 1132 510 1173 nisi
535 1131 749 1173 malitiam
773 1133 938 1186 putent.
987 1129 1074 1172 Ubi
1099 1131 1212 1172 enim
1237 1130 1463 1184 beneficus,
1496 1130 1533 1171 si

191 1207 316 1233 nemo
344 1191 522 1234 alterius
549 1205 678 1232 causa
702 1189 887 1245 benigne
911 1189 1044 1231 facit?
1070 1189 1144 1231 ubi
1163 1191 1326 1245 gratus,
1350 1189 1428 1243 †si
1445 1203 1533 1230 non

193 1266 289 1292 eum
318 1250 402 1305 ipsi
428 1252 607 1291 cernunt
633 1249 759 1305 grati,
787 1248 887 1303 quoi
906 1248 1096 1290 referunt
1117 1223 1332 1304 gratiam?
1358 1248 1431 1289 ubi
1455 1248 1533 1289 illa

193 1312 343 1351 sancta
368 1309 568 1361 amicitia,
601 1308 637 1349 si
662 1323 748 1349 non
772 1308 864 1362 ipse
891 1307 1052 1349 amicus
1076 1322 1153 1362 per
1179 1322 1223 1349 se
1250 1309 1420 1348 amatur
1439 1309 1532 1348 toto
1553 1320 1582 1344 2c

192 1371 378 1424 pectore,
403 1370 452 1409 ut
478 1367 660 1409 dicitur?
687 1367 760 1421 qui
786 1367 917 1407 etiam
944 1366 1198 1408 deserendus
1225 1368 1268 1407 et
1288 1366 1532 1407 abiciendus

194 1430 259 1469 est
291 1427 527 1481 desperatis
560 1426 861 1467 emolumentis
894 1428 937 1466 et
963 1424 1193 1479 fructibus3
1225 1439 1308 1479 quo
1335 1425 1437 1479 quid
1461 1439 1534 1479 po·

192 1488 281 1527 test
319 1486 401 1527 dici
438 1485 697 1527 immanius?
748 1483 909 1533 Quodsi
947 1484 1136 1526 amicitia
1173 1498 1249 1538 per
1281 1498 1325 1525 se
1357 1483 1535 1525 colenda.

194 1548 272 1599 est,
304 1545 487 1586 societas
520 1558 688 1599 quoque
716 1543 939 1585 hominum
965 1545 1008 1584 et
1034 1543 1273 1597 aequalitas
1300 1544 1342 1583 et
1367 1542 1535 1583 iustitia

193 1619 269 1659 per
301 1618 346 1646 se
377 1607 434 1645 est
464 1603 718 1658 expetenda3
751 1602 863 1656 quod
893 1602 938 1643 ni
970 1601 1032 1643 ita
1059 1604 1135 1655 est,
1168 1601 1341 1643 omniuo
1367 1601 1534 1643 iustitia
1553 1613 1587 1639 25

193 1663 315 1704 nulla
347 1665 429 1716 est3
467 1662 510 1703 id
543 1662 656 1703 enim
687 1661 1017 1703 iniustissimum
1049 1661 1190 1715 ipsum
1223 1663 1306 1715 est,
1343 1660 1535 1702 iustitiae

195 1722 432 1763 mercedem
465 1735 679 1776 quaerere.
729 1719 839 1769 Quid
870 1734 970 1761 vero
1004 1719 1054 1761 de
1085 1719 1314 1773 modestia,
1353 1719 1454 1774 quid
1486 1719 1536 1761 de

195 1780 499 1835 temperantia,
533 1779 635 1834 quid
666 1779 717 1821 de
748 1778 1024 1831 continentia,
1057 1778 1158 1833 quid
1190 1779 1240 1820 de
1272 1777 1536 1832 verecundia,

195 1839 356 1894 pudore
400 1839 690 1893 pudicitiaque
734 1838 950 1879 dicemus?
995 1837 1252 1879 infamiaene
1296 1839 1414 1878 metu
1450 1851 1537 1878 non

196 1913 288 1939 esse
326 1898 563 1952 petulantis
602 1912 656 1939 an
693 1897 839 1952 legum
878 1899 920 1938 et
956 1896 1238 1938 iudiciorum?
1282 1895 1536 1938 Innocentes
1556 1906 1590 1932 30

197 1971 299 2012 ergo
333 1959 375 1997 et
407 1956 632 1998 verecundi
665 1958 776 2010 sunt,
806 1958 855 1996 ut
886 1956 994 1996 bene
1027 1955 1214 2009 audiant,
1247 1957 1289 1996 et
1320 1957 1368 1996 ut
1399 1969 1538 1996 rumo-

196 2030 286 2056 rem
324 2016 484 2056 bonum
522 2014 748 2070 colligant,
786 2015 1059 2067 erubescunt3
1096 2014 1227 2069 pudet
1259 2013 1390 2055 etiam
1421 2013 1538 2067 loqui

197 2075 247 2116 de
288 2074 506 2129 pudicitia.
568 2074 628 2114 At
671 2088 738 2114 me
782 2072 964 2114 istorum
1002 2073 1359 2128 philosophorum
1396 2072 1538 2127 pudet,

197 2132 270 2187 qui
310 2133 447 2173 ullum
478 2132 682 2174 iudicium
713 2132 851 2173 vitare
882 2131 966 2173 nisi
997 2131 1102 2174 vitio
1135 2132 1229 2186 ipso
1263 2131 1393 2173 vitato
1423 2131 1539 2173 hone

196 2194 310 2233 stum
336 2194 503 2245 putant.
555 2190 665 2239 Quid
691 2190 832 2232 enim?
865 2204 1092 2245 possumus
1120 2205 1204 2245 eos,
1237 2190 1309 2245 qui
1338 2205 1363 2231 a
1389 2192 1538 2244 stupro
1560 2200 1592 2226 35

198 2253 397 2292 arcentur
440 2250 643 2291 infamiae
685 2252 819 2303 metu,
864 2249 1040 2304 pudicos
1080 2248 1235 2303 dicere,
1280 2263 1408 2303 quom
1446 2248 1540 2303 ipsa

197 2309 376 2351 mfamia
416 2311 594 2364 propter
634 2308 695 2349 rei
734 2308 1046 2363 turpitudinem
1083 2308 1397 2362 consequatur?
1439 2322 1541 2349 nam
