1685 2568
236 93 293 135 84
648 92 713 127 DE
738 92 944 128 NATURA
968 92 1175 128 DEORUM

326 189 456 232 Huic
487 202 586 230 non
616 204 713 230 una
744 189 888 231 modo
921 192 1074 244 caput
1106 203 1292 231 ornans
1325 190 1482 231 stella
1507 204 1581 232 re·
1650 211 1652 214 ·

1305 248 1463 302 lucet,
1650 248 1651 251 ’

325 306 510 348 Verum
537 309 770 362 tempora
796 309 914 348 sunt
941 306 1133 362 duplici
1158 305 1362 362 fulgore
1381 310 1581 361 notata,
1649 327 1651 355 1

324 365 361 407 E
412 365 749 420 trucibusque
800 366 963 407 oculis
1009 366 1102 407 duo
1146 365 1347 406 fervida
1389 366 1582 408 lumina

1210 424 1463 479 flagrant,

324 481 496 537 Atque
527 497 624 525 uno
658 485 882 524 mentum
913 483 1141 525 radianti
1174 483 1337 524 sidere
1369 484 1523 537 lucet3

326 541 602 597 Obstipum
634 544 788 597 caput
820 544 871 583 at
902 542 1060 584 tereti
1091 542 1288 584 cervice
1320 542 1559 584 reflexum
1601 555 1618 582 5

326 599 575 642 Obtutum
607 601 658 642 in
689 600 847 642 cauda
878 601 1096 643 maiores
1127 601 1292 657 figere
1325 600 1476 643 dicas.

170 693 234 727 108
254 681 314 724 Et
342 683 565 749 ’reliquum
605 683 775 738 quidem
812 697 966 739 corpus
997 683 1208 726 Draconis
1246 683 1352 725 totis
1384 683 1583 725 noctibus

238 756 469 784 cernimus:

325 823 432 866 Hoc
470 827 623 880 caput
660 825 742 867 hic
773 825 980 880 paulum
1013 839 1123 866 sese
1156 826 1329 868 subito
1362 841 1583 892 aequore

327 942 481 984 Ortus
520 943 606 984 ubi
644 945 795 997 atque
835 943 1008 985 obitus
1040 945 1239 1010 partein
1270 885 1646 986 {drihiilstdeturm

1223 1017 1276 1044 1n
1306 1017 1467 1044 unam.

238 1071 289 1114 Id
320 1075 464 1114 autem
497 1075 627 1128 caput

327 1155 610 1211 Attingens
644 1155 846 1197 defessa
878 1156 1020 1197 velut
1052 1157 1328 1198 maerentis
1361 1156 1531 1212 imago

328 1214 585 1269 Vertitur,

242 1312 371 1352 quam
405 1298 577 1352 quidem
611 1296 764 1339 Graeci

328 1379 630 1435 Engonasin
668 1379 919 1434 vocitant,
959 1379 1174 1435 genibus
1214 1379 1332 1434 quia
1368 1379 1487 1422 nixa
1517 1380 1587 1422 fe·
1608 1367 1662 1420 ιε5

1313 1441 1470 1481 ratur.

329 1497 424 1540 Hic
462 1498 559 1539 illa
597 1497 782 1539 eximio
820 1496 994 1551 posita
1032 1500 1108 1538 est
1138 1496 1344 1553 fulgore
1376 1497 1588 1540 Corona.

241 1580 385 1635 Atque
417 1581 523 1623 haec
556 1580 726 1636 quidem
759 1595 784 1622 a
809 1581 945 1635 terge,
977 1581 1154 1635 propter
1181 1582 1310 1635 caput
1335 1582 1479 1622 autem
1503 1581 1590 1622 An-

243 1641 484 1696 guitenens,

174 1730 239 1763 109
331 1722 485 1772 Quem
529 1722 669 1764 claro
713 1721 990 1777 perhibent
1024 1719 1344 1775 Ophiuchum
1386 1722 1589 1788 nomine

332 1841 426 1883 Hic
463 1855 644 1896 pressu
683 1839 878 1895 duplici
910 1839 1196 1894 palmarum
1228 1779 1470 1881 cossirlitgss.
1492 1824 1659 1881 An-m'

1307 1912 1467 1954 guem,

1664 1923 1685 1967 (²0

333 1961 501 2013 Atque
552 1958 659 2000 eius
709 1957 818 2013 ipse
862 1958 1031 1998 manet
1073 1956 1331 2012 religatus
1377 1972 1590 2013 corpore

1312 2018 1473 2071 torto3
1684 2018 1685 2023 ’

334 2075 562 2130 Namque
594 2076 758 2117 virum
784 2075 999 2117 medium
1027 2088 1236 2129 serpens
1264 2075 1354 2116 sub
1381 2078 1592 2130 pectora
1632 2078 1684 2121 Ἐξι

1297 2134 1473 2190 cingit.
1683 2165 1685 2168 -

334 2192 433 2235 Ille
464 2195 635 2234 tamen
665 2193 836 2234 nitens
871 2191 1104 2248 graviter
1134 2192 1360 2248 vestigia
1391 2194 1538 2248 ponit

335 2252 516 2308 Atque
554 2252 745 2295 oculos
782 2252 984 2307 urguet
1021 2250 1256 2306 pedibus
1287 2255 1593 2308 pectusque
1663 2246 1675 2297 {³

1297 2309 1473 2366 Nepai.
1628 2315 1632 2389 ζ
1680 2308 1683 2319 ’

1628 2395 1630 2416 Ι

1627 2418 1630 2458 1
