1685 2568
208 81 294 122 438
725 80 790 116 DE
814 82 1016 118 LEGIBUS

158 164 181 204 7
296 177 358 219 M.
390 176 640 226 Quaesitum
670 178 806 233 igitur
837 178 891 220 ab
922 178 1011 219 illis
1037 181 1114 232 est,
1145 179 1386 233 placeretne
1410 195 1541 222 unum
1616 168 1618 173 Δ

141 216 220 247 15
207 236 253 278 in
277 236 451 278 civitate
477 251 569 278 esse
589 237 905 292 magistratum,
932 237 999 278 cui
1017 237 1172 292 reliqui
1191 241 1402 292 parerent,
1428 239 1542 292 quod
1620 260 1622 262 ·

208 295 368 337 exactis
404 295 578 351 regibus
615 296 822 351 intellego
860 295 1073 350 placuisse
1103 296 1264 338 nostris
1296 297 1541 339 maioribus.
1622 292 1623 303 ¹

208 352 291 395 Sed
327 354 529 408 quoniam
566 354 711 410 regale
748 353 936 395 civitatis
975 368 1108 410 genus
1147 355 1379 421 probatum
1411 370 1542 410 quon-

207 413 305 454 dam
336 415 487 468 postea
517 427 604 454 non
634 415 725 454 tam
756 413 879 468 regni
910 427 1040 466 quam
1067 414 1182 469 regis
1207 414 1324 455 vitiis
1350 415 1542 469 repudia·
1560 426 1575 452 ε
1678 417 1684 440 5

206 474 300 513 tum
341 474 424 526 est,
463 486 620 513 nomen
655 473 825 513 tantum
862 471 1076 513 videbitur
1113 472 1227 527 regis
1260 473 1542 528 repudiatum,

207 545 274 572 res
313 530 521 582 manebit,
562 530 599 571 si
635 544 743 571 unus
775 530 972 572 omnibus
1002 531 1179 586 reliquis
1211 532 1541 587 magistratibus

139 599 181 630 16
206 589 447 644 imperabit.
494 588 633 637 Quare
663 603 740 630 nec
771 589 920 644 ephori
949 589 1267 632 Lacedaemone
1298 591 1389 632 sine
1414 605 1543 633 causa

208 663 234 690 a
264 648 541 702 Theopompo
574 647 764 702 oppositi
794 648 968 703 regibus
999 663 1077 690 nec
1108 649 1221 704 apud
1250 663 1330 691 nos
1362 650 1543 692 consuli-

207 708 286 749 bus
317 706 495 748 tribuni.
556 705 669 747 Nam
700 706 807 747 illud
840 707 1010 761 quidem
1041 707 1201 762 ipsum,
1233 708 1346 762 quod
1376 709 1421 749 in
1451 708 1542 750 iure
1563 721 1595 745 1ss

206 766 396 821 positum
435 767 520 819 est,
555 764 688 806 habet
724 766 890 818 consul,
926 768 975 807 ut
1006 766 1044 807 61
1075 767 1230 821 reliqui
1261 767 1542 823 magistratus

204 839 355 866 omnes
392 826 574 879 pareant
611 827 786 879 excepto
825 824 1016 879 tribuno,
1058 825 1129 879 qui
1161 828 1261 880 post
1292 826 1453 881 extitit,
1490 841 1542 868 ne

205 883 261 938 id,
293 883 407 937 quod
436 882 590 937 fuerat,
622 885 745 924 esset.
795 883 889 925 Hoc
918 883 1030 925 enim
1055 884 1242 938 primum
1269 884 1423 926 minuit
1448 900 1543 927 con-

207 942 350 984 sulare
386 942 472 996 ius,
511 941 624 996 quod
661 942 845 995 exstitit,
882 942 974 997 ipse
1013 942 1086 997 qui
1117 957 1166 985 60
1198 957 1284 985 11011
1315 946 1543 999 16116161111,

208 1001 357 1042 deinde
396 1000 509 1055 quod
547 1000 696 1042 attulit
737 1001 941 1042 auxilium
973 1002 1148 1056 reliquis
1179 1016 1266 1044 non
1298 1003 1424 1044 modo
1456 1018 1542 1044 ma·
1564 1014 1596 1040 15

209 1059 477 1116 gistratibus,
510 1059 584 1101 sed
615 1059 745 1101 etiam
773 1060 953 1114 privatis
980 1060 1145 1102 consuli
1169 1075 1256 1102 non
1281 1061 1542 1116 parentibus.

139 1128 182 1159 17
212 1119 255 1171 Q.
293 1118 501 1174 Magnum
545 1118 650 1160 dicis
695 1119 874 1172 malum3
916 1133 1017 1160 nam
1061 1119 1147 1161 ista
1185 1121 1401 1174 potestate
1439 1123 1544 1162 nata

207 1177 399 1233 gravitas
432 1177 708 1233 optimatium
740 1178 891 1219 cecidit
922 1178 1223 1233 convaluitque
1254 1178 1318 1220 vis
1350 1176 1543 1220 multitu-

207 1237 328 1278 dinis.
389 1236 452 1278 M.
483 1235 583 1278 Non
615 1239 697 1290 est,
729 1235 895 1291 Quinte,
927 1237 1000 1279 ita.
1061 1236 1161 1279 Non
1191 1237 1258 1278 ius
1290 1238 1404 1279 enim
1435 1238 1543 1279 illud

207 1296 347 1338 solum
388 1295 613 1350 superbius
653 1295 814 1350 populo
853 1298 896 1337 et
932 1296 1164 1337 violentius
1201 1296 1335 1338 videri
1371 1311 1542 1338 11666886
1563 1309 1596 1333 20

207 1357 317 1407 erat,
358 1368 440 1408 quo
481 1356 764 1408 posteaquam
802 1354 968 1396 modica
1004 1357 1048 1396 613
1085 1355 1255 1410 sapiens
1285 1356 1542 1410 temperatio

207 1413 386 1456 accessit
410 1446 417 1453 .
440 1446 447 1453 .
469 1447 507 1454 ..
536 1413 823 1466 †convertem
855 1414 923 1454 lex
954 1413 1000 1455 in
1030 1414 1169 1455 omnis
1202 1416 1277 1455 est.

294 1472 505 1514 Domum
531 1486 639 1513 cum
665 1472 812 1514 laude
837 1472 1094 1514 redeunto.
1137 1471 1259 1513 Nihil
1285 1472 1398 1514 enim
1425 1488 1544 1528 prae-

207 1534 274 1573 ter
312 1531 483 1573 laudem
515 1531 639 1572 bonis
672 1533 800 1585 atque
830 1531 1129 1573 innocentibus
1160 1546 1297 1585 neque
1330 1546 1380 1573 ex
1411 1531 1544 1574 hosti—

207 1591 286 1632 bus
324 1604 461 1644 neque
493 1605 519 1631 a
549 1590 675 1632 sociis
707 1590 1024 1645 reportandum.
1084 1589 1177 1632 Iam
1208 1590 1316 1631 illud
1347 1593 1544 1646 apertum
1562 1603 1597 1628 25

207 1652 274 1691 est
303 1649 510 1715 profecto,
540 1649 649 1690 nihil
683 1663 774 1690 esse
805 1649 973 1704 turpius
1002 1663 1132 1704 quam
1159 1650 1259 1701 [est]
1287 1664 1544 1704 quemquam

207 1707 345 1764 legari
375 1708 460 1749 nisi
490 1707 553 1749 rei
583 1708 780 1763 publicae
812 1723 950 1750 causa.
1006 1708 1192 1774 Omitto,
1215 1723 1341 1762 quem
1373 1709 1427 1750 ad
1458 1723 1545 1750 mo·

206 1767 307 1808 dum
339 1767 414 1807 isti
445 1781 490 1808 se
522 1770 675 1822 gerant
708 1769 835 1821 atque
867 1767 1091 1821 gesserint,
1122 1766 1196 1821 qui
1226 1767 1444 1822 legatione
1474 1767 1544 1809 he-

207 1826 402 1867 reditatis
436 1828 511 1867 aut
543 1825 812 1881 syngraphas
846 1840 945 1866 suas
977 1828 1309 1880 persequuntur3
1339 1826 1385 1867 in
1409 1826 1545 1868 homi-

206 1884 333 1925 nibus
360 1886 425 1925 est
450 1884 532 1926 hoc
556 1884 741 1926 fortasse
766 1884 937 1939 vitium3
970 1885 1044 1925 sed
1070 1899 1240 1939 quaero,
1268 1884 1369 1939 quid
1394 1899 1544 1940 reapse
1563 1897 1598 1922 30

207 1943 265 1985 sit
303 1943 472 1997 turpius
514 1958 643 1997 quam
681 1943 771 1984 sine
811 1943 1111 1998 procuratione
1149 1946 1323 1985 senator
1361 1944 1544 2000 legatus,

208 2002 299 2044 sine
338 2002 572 2056 mandatis,
610 2002 700 2043 sine
732 2002 821 2043 ullo
854 2002 915 2043 rei
946 2002 1143 2057 publicae
1175 2017 1360 2044 munere.
1423 2001 1545 2051 Quod

208 2060 379 2116 quidem
423 2074 557 2116 genus
594 2061 826 2116 legationis
864 2075 944 2116 ego
982 2061 1148 2115 consul,
1192 2076 1452 2116 quamquam
1492 2061 1546 2103 ad

207 2119 478 2162 commodum
510 2122 684 2160 senatus
716 2120 929 2174 pertinere
954 2120 1190 2174 videbatur,
1222 2123 1366 2161 tamen
1394 2121 1544 2175 adpro-

206 2179 338 2220 bante
372 2180 523 2219 senatu
553 2178 921 2232 frequentissimo,
951 2178 1036 2219 nisi
1067 2178 1173 2219 mihi
1205 2179 1312 2220 levis
1343 2179 1544 2221 tribunus
1564 2190 1597 2215 35

206 2237 346 2292 plebis
383 2240 477 2278 tum
513 2237 842 2291 intercessisset,
884 2237 1164 2279 sustulissem.
1225 2237 1363 2279 Minui
1398 2241 1547 2279 tamen

206 2299 377 2351 tempus
410 2298 464 2351 et,
497 2295 610 2350 quod
636 2298 728 2337 erat
753 2296 979 2349 infinitum,
1012 2311 1199 2338 annuum
1223 2295 1314 2338 feci.
1363 2295 1433 2338 Ita
1458 2299 1545 2338 tur-
