1685 2568
400 86 489 121 LIB.
516 87 542 122 I.
571 86 671 122 CAP.
698 91 848 122 42—44.
875 91 894 130 ξ
920 92 1070 124 93-99.
1324 90 1405 132 18],

68 183 195 225 rebus
234 183 468 225 maioribus
501 197 668 238 semper
700 185 774 224 aut
805 181 988 238 Delphis
1021 183 1212 225 oraclum
1245 187 1320 225 aut
1352 185 1405 227 ab

0 254 1 262 ¹
68 241 309 283 Hammone
341 245 415 284 aut
446 257 471 283 a
495 241 676 283 Dodona
706 241 922 296 petebant.
972 241 1194 298 Lycurgus
1224 243 1406 297 quidem,
1432 254 1477 285 96

68 300 141 355 qui
165 299 599 342 Lacedaemoniorum
625 315 716 341 rem
741 300 960 355 publicam
986 301 1257 355 temperavit,
1290 301 1406 357 leges

69 373 168 401 suas
202 360 458 401 auctoritate
490 358 708 414 Apollinis
740 358 939 414 Delphici
972 359 1260 413 confirmavit3
1301 374 1407 414 quas

33 430 49 456 5
69 433 165 460 cum
202 419 335 460 vellet
365 418 586 473 Lysander
623 420 906 472 commutare,
944 418 1091 459 eadem
1124 420 1189 459 est
1221 418 1409 473 prohibi-

68 479 139 518 tus
173 477 394 533 religione.
444 477 587 531 Atque
620 477 749 518 etiam
782 477 855 532 qui
880 479 1109 532 praeerant
1128 476 1409 519 Lacedaemo—

68 536 164 590 niis,
188 550 275 578 non
301 536 492 578 contenti
517 535 800 591 vigilantibus
828 535 939 577 curis
965 535 1010 576 in
1028 535 1270 590 Pasiphaae
1295 536 1409 590 fano,

69 595 181 649 quod
214 597 280 636 est
309 595 355 636 in
387 609 492 650 agro
523 597 702 649 propter
727 595 889 649 urbem,
921 594 1162 636 somniandi
1189 609 1318 637 causa
1344 609 1410 636 ex-

68 654 296 707 cubabant,
323 654 423 708 quia
442 667 544 695 vera
563 653 719 708 quietis
741 654 885 695 oracla
906 653 1128 695 ducebant.
1170 653 1238 694 Ad
1258 657 1409 696 nostra
1435 664 1478 696 97

17 724 49 750 10
67 712 155 754 iam
186 712 323 754 redeo.
374 711 581 761 Quotiens
614 714 788 754 senatus
821 712 1082 754 decemviros
1109 712 1162 754 ad
1187 713 1322 754 libros
1347 713 1410 755 ire

66 771 212 813 iussit!
244 771 416 826 quantis
447 771 492 812 in
524 771 651 812 rebus
684 785 897 826 quamque
930 786 1056 826 saepe
1087 772 1305 826 responsis
1338 771 1411 813 ha-

68 830 285 885 ruspicum
316 830 478 885 paruit!
523 829 637 872 Nam
671 833 712 871 et
744 845 839 872 cum
873 830 954 872 duo
986 830 1069 872 visi
1096 831 1209 872 soles
1236 834 1336 872 sunt
1369 833 1412 872 et

68 904 163 931 cum
196 892 284 931 tres
317 890 443 931 lunae
475 891 519 930 et
550 904 646 931 cum
676 888 804 943 faces,
837 891 879 931 et
911 904 1007 930 cum
1040 889 1105 931 sol
1135 892 1261 931 nocte
1292 889 1411 931 visus

69 951 153 1002 est,
186 951 229 989 et
261 962 356 990 cum
389 963 411 989 e
444 948 561 989 caelo
593 948 792 989 fremitus
826 948 1009 1002 auditus,
1042 950 1085 989 et
1117 962 1212 990 cum
1245 949 1411 990 caelum

17 1019 49 1046 15
69 1007 316 1049 discessisse
352 1007 493 1049 visum
531 1009 597 1048 est
634 1010 763 1061 atque
800 1007 846 1048 in
878 1021 927 1048 eo
961 1006 1248 1049 animadversi
1280 1008 1412 1063 globi,

70 1066 213 1108 delata
251 1066 382 1107 etiam
419 1066 473 1107 ad
510 1068 708 1107 senatum
739 1066 836 1107 labe
868 1066 961 1120 agri
991 1065 1276 1121 Privernatis,
1315 1081 1411 1109 cum

70 1125 124 1167 ad
166 1125 380 1166 infinitam
425 1124 697 1166 altitudinem
741 1127 857 1166 terra
895 1124 1128 1165 desedisset
1165 1124 1412 1180 Apuliaque

69 1184 268 1225 maximis
294 1186 435 1225 terrae
462 1183 651 1225 motibus
678 1186 966 1238 conquassata
989 1186 1102 1224 esset
1123 1182 1297 1238 (quibus
1316 1199 1413 1239 por-

68 1242 200 1285 tentis
232 1257 391 1298 magna
421 1243 579 1297 populo
605 1241 802 1284 Romano
834 1242 951 1284 bella
975 1242 1325 1298 perniciosaeque
1352 1257 1413 1284 se-

35 1302 253 1343 oditiones
292 1301 675 1356 denuntiabantur,
714 1302 842 1356 inque
874 1301 942 1342 his
976 1301 1173 1343 omnibus
1206 1316 1413 1357 responsa

69 1360 347 1416 haruspicum
372 1375 468 1402 cum
489 1359 679 1415 Sibyllae
705 1361 900 1402 versibus
922 1359 1255 1416 congruebant);
1282 1361 1411 1416 quid?
1440 1371 1484 1403 98

70 1435 166 1462 cum
201 1418 348 1461 Cumis
380 1419 542 1474 Apollo
581 1419 770 1473 sudavit,
811 1418 983 1474 Capuae
1015 1418 1240 1461 Victoria?
1282 1420 1412 1475 quid?

71 1482 192 1521 ortus
219 1479 458 1533 androgyni
481 1493 623 1521 nonne
647 1478 782 1521 fatale
803 1478 1016 1533 quoddam
1038 1481 1282 1520 monstrum
1299 1479 1413 1521 fuit?

72 1538 201 1594 quid?
234 1552 329 1580 cum
353 1537 508 1580 fluvius
529 1538 712 1579 Atratus
738 1537 947 1593 sanguine
973 1537 1125 1579 fluxit?
1157 1537 1288 1592 quid?
1317 1552 1414 1580 cum

36 1609 53 1635 5
72 1612 198 1652 saepe
230 1596 436 1652 lapidum,
467 1597 689 1653 sanguinis
720 1611 808 1638 non
838 1611 1085 1650 numquam,
1116 1598 1258 1638 terrae
1283 1597 1419 1639 inter-

73 1657 184 1710 dum,
211 1656 427 1710 quondam
453 1656 585 1697 etiam
610 1656 737 1697 lactis
763 1655 901 1697 imber
921 1655 1125 1697 defluxit?
1159 1656 1290 1711 quid?
1317 1671 1414 1698 eum

71 1715 117 1757 in
148 1713 364 1770 Capitolio
395 1715 505 1757 ictus
539 1714 776 1757 Centaurus
809 1729 831 1756 e
864 1715 982 1756 caelo
1016 1716 1092 1768 est,
1123 1713 1169 1756 in
1193 1714 1411 1757 Aventino

72 1776 223 1829 portae
256 1775 298 1815 et
328 1773 536 1828 homines,
568 1773 743 1816 Tusculi
776 1773 900 1816 aedes
930 1772 1123 1815 Castoris
1156 1775 1200 1815 et
1223 1773 1414 1816 Pollucis

74 1833 319 1888 Romaeque
357 1832 557 1875 Pietatis:
600 1847 741 1875 nonne
786 1835 829 1874 et
866 1832 1116 1888 haruspices
1154 1846 1205 1874 ea
1241 1847 1415 1888 respon-

27 1902 55 1928 30
75 1892 245 1946 derunt,
283 1906 390 1946 quae
423 1895 673 1945 evenerunt,
711 1894 753 1934 et
783 1892 830 1933 in
861 1889 1052 1946 Sibyllae
1083 1891 1207 1933 libris
1242 1893 1414 1934 eaedem

74 1953 268 2006 repertae
299 1951 612 2007 praedictiones
645 1951 774 1993 sunt?

164 2008 372 2051 Caeciliae
397 2009 444 2059 Q.
475 2010 590 2052 filiae
617 2010 783 2052 somnio
809 2009 936 2052 modo
956 2009 1140 2052 Marsico
1166 2009 1282 2052 bello
1309 2013 1413 2052 tem-
1428 1996 1485 2079 {⁵349

42 2093 47 2098 ·
73 2068 195 2124 plum
228 2070 293 2109 est
324 2083 351 2110 a
381 2072 532 2111 senatu
563 2068 718 2111 Iunoni
749 2068 948 2125 Sospitae
979 2069 1242 2111 restitutum.
1293 2068 1414 2118 Quod

75 2127 246 2182 quidem
287 2127 500 2169 somnium
538 2127 717 2170 Sisenna
758 2143 853 2171 cum
892 2128 1199 2183 disputavisset
1236 2128 1414 2169 mirifice

40 2195 57 2222 5
76 2186 129 2228 ad
148 2186 328 2228 verbum
348 2201 443 2228 cum
468 2201 514 2228 re
539 2188 798 2242 convenisse,
824 2190 916 2229 tum
936 2187 1182 2241 insolenter,
1209 2187 1332 2229 credo
1360 2187 1414 2228 ab

74 2244 286 2300 Epicureo
320 2245 464 2299 aliquo
495 2245 711 2300 inductus,
743 2247 936 2301 disputat
974 2246 1151 2287 somniis
1185 2246 1298 2287 credi
1328 2260 1416 2286 non

76 2306 286 2359 oportere.
318 2302 437 2345 Idem
457 2306 607 2346 contra
627 2307 797 2347 ostenta
815 2305 924 2346 nihil
946 2305 1137 2360 disputat
1158 2304 1414 2360 exponitque
