1685 2568
194 604 238 636 68

197 1142 252 1182 25
270 1123 454 1179 guinem.

197 1202 240 1233 69

199 1836 242 1868 70

262 90 317 131 26
671 89 735 123 DE
761 88 960 123 NATURA
984 88 1189 122 DEORUM

262 187 329 227 est
347 185 537 227 veritas?
569 184 621 226 In
639 185 819 238 mundis,
839 184 975 238 credo,
995 183 1378 226 innumerabilibus
1400 184 1597 226 omnibus

263 244 450 285 minimis
482 247 724 298 temporum
755 243 926 298 punctis
959 243 1055 284 aliis
1085 242 1372 297 nascentibus,
1405 243 1501 284 aliis
1533 258 1598 284 ca-

263 303 473 344 dentibus.
535 302 605 343 An
635 302 681 343 in
710 301 940 342 individuis
973 300 1235 356 corpusculis
1268 303 1358 342 tam
1378 302 1599 356 praeclara

264 376 394 416 opera
412 361 532 402 nulla
553 360 800 401 moderante
814 362 980 413 natura,
994 360 1114 400 nulla
1127 360 1293 400 ratione
1307 360 1597 415 fingentibus?

264 419 345 461 Sed
377 420 537 461 oblitus
570 418 845 460 liberalitatis
879 433 1014 472 meae,
1053 433 1137 472 qua
1167 421 1307 460 tecum
1339 418 1467 473 paulo
1501 425 1598 460 ante
1635 432 1652 457 5

263 479 327 520 uti
359 492 593 532 coeperam,
625 477 750 531 plura
782 477 1053 531 complector.
1116 475 1354 518 Concedam
1384 476 1518 532 igitur
1549 492 1599 518 ex

263 536 492 578 individuis
519 539 715 578 constare
742 536 895 577 omnia.
943 534 1052 584 Quid
1072 535 1126 577 ad
1145 535 1264 577 rem?
1292 535 1467 576 deorum
1488 535 1600 577 enim

263 599 419 637 natura
461 595 691 649 quaeritur.
760 592 854 635 Sint
897 608 998 635 sane
1037 609 1085 635 ex
1124 594 1300 647 atomis3
1343 608 1430 635 non
1466 594 1602 649 igitur

265 654 439 696 aeterni.
502 652 623 702 Quod
661 652 774 694 enim
812 667 862 693 ex
900 652 1072 706 atomis,
1109 652 1152 693 id
1188 655 1339 693 natum
1371 652 1600 706 aliquando

266 716 348 766 est3
386 712 423 753 si
459 714 627 766 natum,
664 711 773 753 nulli
806 711 872 752 dei
904 713 1001 752 ante
1034 726 1163 765 quam
1193 711 1303 765 nati3
1341 713 1384 752 et
1415 711 1451 752 si
1483 715 1601 753 ortus
1623 725 1654 750 ιο

266 774 331 812 est
362 771 550 824 deorum,
580 770 781 811 interitus
814 770 871 810 sit
895 784 1066 811 11666886
1093 772 1169 824 est,
1201 772 1250 811 ut
1274 772 1321 811 tu
1347 770 1476 824 paulo
1504 774 1601 811 ante

267 830 316 871 de
347 829 543 871 Platonis
582 829 739 870 mundo
778 828 1040 883 disputabas.
1101 827 1187 870 Ubi
1223 829 1356 883 igitur
1393 829 1500 870 illud
1537 844 1603 870 ve-

267 892 404 930 strum
447 888 622 929 beatum
666 890 708 928 et
752 887 1000 928 aeternum?
1052 887 1204 941 quibus
1253 888 1417 929 duobus
1461 887 1602 929 verbis

267 946 519 1002 significatis
548 947 691 1000 deum3
724 946 836 1000 quod
867 960 962 988 oum
995 945 1160 987 efficere
1186 946 1330 1000 vultis,
1361 946 1406 987 in
1432 947 1604 987 dumeta

266 1005 509 1060 conrepitis.
558 1004 627 1046 Ita
659 1004 771 1046 enim
804 1004 987 1059 dicebas,
1016 1019 1103 1046 non
1134 1019 1288 1059 corpus
1321 1019 1412 1046 esse
1443 1005 1488 1046 in
1513 1005 1602 1059 deo,
1624 1018 1655 1043 15

267 1065 340 1106 sed
372 1064 495 1119 quasi
526 1078 698 1119 eorpus,
735 1077 813 1105 nec
845 1063 1114 1118 sanguinem,
1153 1064 1226 1104 sed
1256 1066 1479 1118 tamquam
1512 1079 1604 1104 san-

355 1181 449 1224 Hoc
492 1196 696 1236 persaepe
740 1181 900 1234 facitis,
944 1183 1008 1234 ut,
1053 1195 1148 1222 611111
1191 1181 1352 1235 aliquid
1389 1196 1475 1222 non
1515 1181 1606 1222 veri

268 1240 408 1282 simile
447 1240 598 1282 dicatis
637 1243 680 1281 et
712 1240 897 1294 effugere
929 1238 1302 1294 reprehensionem
1333 1239 1494 1294 velitis,
1537 1240 1605 1281 ad-

266 1299 416 1341 feratis
455 1299 632 1353 aliquid,
672 1298 784 1352 quod
822 1298 993 1339 omnino
1031 1313 1083 1339 ne
1121 1298 1213 1339 fieri
1252 1298 1422 1352 quidem
1453 1299 1605 1354 possit,
1624 1312 1656 1337 20

267 1361 315 1400 ut
347 1358 482 1399 satius
507 1357 639 1399 fuerit
664 1357 771 1398 illud
796 1357 948 1411 ipsum,
981 1356 1031 1397 de
1058 1371 1140 1411 quo
1168 1357 1481 1412 ambigebatur,
1510 1372 1606 1399 eon·

268 1417 414 1458 cedere
455 1431 582 1471 quam
620 1418 710 1457 tam
741 1415 995 1470 inpudenter
1026 1415 1237 1456 resistere.
1291 1415 1423 1457 Velut
1453 1415 1606 1470 Epicu-

267 1489 340 1516 rus
374 1490 469 1517 cum
501 1475 678 1528 videret,
711 1474 746 1516 si
779 1474 912 1515 atomi
942 1473 1156 1515 ferrentur
1187 1473 1232 1515 in
1263 1474 1404 1516 locum
1435 1474 1605 1516 inferio-

267 1549 356 1575 rem
402 1536 554 1588 suopte
597 1533 800 1588 pondere,
843 1532 952 1574 nihil
988 1532 1080 1574 fore
1117 1533 1162 1574 in
1198 1536 1347 1574 nostra
1377 1536 1605 1588 potestate,

269 1593 382 1647 quod
413 1595 526 1634 esset
552 1607 698 1634 earum
724 1595 866 1633 motus
893 1593 1033 1633 certus
1060 1594 1102 1632 et
1120 1592 1397 1645 necessarius,
1428 1592 1605 1647 invenit,
1623 1603 1656 1631 25

269 1666 351 1706 quo
389 1651 516 1693 modo
554 1650 854 1692 necessitatem
893 1650 1114 1705 effugeret,
1154 1651 1266 1705 quod
1296 1651 1494 1692 videlicet
1525 1650 1606 1692 De-

267 1710 495 1752 mocritum
526 1710 716 1764 fugerat3
756 1709 817 1751 ait
849 1711 1060 1763 atomum,
1092 1723 1187 1750 611111
1218 1709 1403 1763 pondere
1436 1712 1478 1750 et
1510 1724 1605 1764 gra-

267 1769 402 1810 vitate
453 1769 621 1811 derecto
666 1768 840 1810 deorsus
883 1767 1065 1821 feratur,
1117 1767 1328 1809 declinare
1370 1768 1606 1823 paululum.

268 1827 362 1870 Hoc
400 1827 535 1869 dicere
573 1827 741 1883 turpius
780 1829 846 1868 est
884 1841 1012 1881 quam
1049 1826 1172 1881 illud,
1217 1826 1328 1881 quod
1365 1827 1476 1881 vult,
1520 1841 1607 1868 non

268 1900 394 1942 posse
427 1885 659 1928 defendere.
709 1885 828 1927 Idem
858 1885 963 1927 facit
995 1888 1145 1927 contra
1171 1885 1434 1939 dialectioos3
1467 1900 1492 1927 a
1518 1885 1606 1940 qui-
1625 1897 1656 1923 30
1682 1905 1685 1929 ε

268 1946 348 1986 bus
389 1959 485 1987 611111
525 1944 734 1986 traditum
773 1945 829 1985 sit
866 1944 910 1985 in
943 1944 1139 1985 omnibus
1172 1944 1521 1998 diiunctionibus,
1561 1944 1607 1985 in
1660 1955 1662 1963 ’

270 2004 423 2058 quibus
475 2003 582 2044 ‘aut
631 2003 785 2045 etiam
836 2005 920 2044 aut
963 2002 1080 2044 non'
1124 2005 1372 2057 poneretur,
1423 2002 1606 2044 alterum
1658 2026 1661 2039 1

268 2066 414 2104 utrum
447 2077 538 2103 esse
570 2076 730 2115 verum,
762 2061 1002 2116 pertimuit,
1039 2075 1108 2114 ne,
1148 2061 1183 2101 si
1215 2076 1463 2103 eoncessum
1495 2063 1606 2103 esset

270 2121 395 2162 huius
435 2120 549 2162 modi
587 2120 766 2175 aliquid:
806 2120 921 2161 ‘Aut
958 2119 1097 2161 vivet
1135 2134 1244 2161 cras
1283 2122 1370 2161 aut
1405 2134 1505 2162 non
1535 2119 1607 2161 vi·
1656 2151 1658 2168 ζ

268 2182 352 2220 vet
376 2178 662 2234 Epicurus',
694 2179 950 2220 alterutrum
982 2179 1104 2219 fieret
1134 2179 1434 2233 necessarium,
1465 2181 1607 2220 totum
1626 2173 1684 2222 ³5⁸:

268 2238 350 2280 1106
382 2238 489 2279 ‘aut
521 2238 676 2278 etiam
709 2240 795 2278 aut
825 2236 945 2278 non'
977 2237 1154 2291 negavit
1186 2252 1278 2279 esse
1303 2237 1607 2292 necessarium3
1654 2275 1656 2283 ,

271 2311 353 2352 quo
395 2295 496 2351 quid
537 2296 617 2338 dici
654 2296 796 2351 potuit
835 2295 1061 2337 obtusius?
1122 2295 1350 2351 Urguebat
1390 2296 1607 2339 Arcesilas
