1685 2568
400 88 489 124 ΜΒ.
517 88 543 124 1.
572 87 671 124 CAP.
700 93 849 124 22—24.
875 92 895 131 ξ
921 93 1071 126 60—67.
1347 91 1405 132 25

67 183 227 225 multos
260 198 352 225 esse
384 183 540 239 factos,
579 184 735 239 quippe
766 198 862 226 cum
894 198 1076 239 poenam
1107 199 1160 226 ne
1192 185 1404 228 dubitatio

68 242 250 308 quidem·
277 243 462 298 effugere
500 243 723 298 potuisset.
791 241 901 291 Quid
939 243 988 284 de
1026 243 1267 299 sacrilegis,
1305 245 1406 298 quid

68 300 117 342 de
148 300 292 356 impiis
324 301 590 357 periurisque
623 301 838 343 dicemus?

453 382 684 424 Tubulus
717 383 759 424 si
790 382 974 425 Lucius
1006 398 1259 439 umquam,

30 452 47 480 5
216 440 267 483 Si
297 441 465 497 Lupus
498 444 584 483 aut
616 440 798 496 Carbo,
829 441 1059 497 Neptuni
1089 441 1254 497 filius,

67 538 116 577 ut
148 536 210 577 ait
240 535 447 590 Lucilius,
479 538 676 590 putasset
708 550 800 578 esse
832 536 951 590 deos,
982 539 1073 578 tam
1103 536 1300 592 periurus
1332 540 1407 579 aut

66 598 157 636 tam
195 595 373 649 inpurus
410 594 592 636 fuisset?
653 593 754 636 Non
791 598 856 636 est
892 595 1028 651 igitur
1058 599 1150 637 tam
1182 596 1406 650 explorata
1432 607 1476 638 64

66 654 152 694 ista
187 654 299 695 ratio
338 653 391 695 ad
430 653 490 707 id,
535 653 648 707 quod
685 654 834 708 vultis,
878 654 1232 708 confirmandum,
1277 669 1406 709 quam

66 712 244 754 videtur.
295 710 376 753 Sed
403 712 504 766 quia
529 727 751 754 commune
776 713 857 755 hoc
883 716 949 755 est
975 715 1277 769 argumentum
1304 714 1407 756 alio-

13 783 47 809 ιο
65 786 161 812 rum
193 771 324 812 etiam
354 771 730 826 philosophorum,
763 772 963 814 omittam
993 772 1075 815 hoc
1106 774 1321 827 tempore3
1353 773 1407 814 ad

65 832 210 872 vestra
240 830 417 885 propria
447 831 591 871 venire
623 830 748 872 malo.

154 887 348 931 Concedo
382 903 473 930 esse
506 889 625 943 (leos3
657 889 757 931 doce
789 904 857 931 me
888 889 1034 945 igitur,
1065 889 1176 932 unde
1203 889 1301 944 sint,
1332 891 1406 932 ubi
1433 901 1475 932 65

65 947 164 1002 sint,
196 948 343 1002 quales
371 948 457 988 sint
482 962 670 1003 corpore,
703 948 858 1003 animo,
889 949 997 1003 vita3
1028 949 1134 991 haec
1160 949 1272 990 enim
1299 950 1407 991 scire

66 1006 271 1048 desidero.
344 1006 549 1048 Abuteris
599 1006 653 1048 ad
703 1007 845 1049 omnia
895 1010 1137 1050 atomorum
1186 1022 1319 1063 regno
1364 1011 1407 1050 et

30 1065 257 1119 5licentia3
289 1065 398 1120 hinc,
431 1065 726 1120 quodcumque
756 1066 803 1106 in
834 1066 973 1108 solum
1005 1067 1133 1121 venit,
1165 1069 1213 1107 ut
1239 1067 1406 1121 dicitur,

67 1124 236 1180 effingis
263 1126 391 1178 atque
418 1124 562 1166 efficis.
607 1123 723 1172 Quae
749 1125 937 1179 primum
963 1125 1107 1167 nullae
1128 1128 1239 1166 sunt.
1284 1125 1406 1167 Nihil

66 1185 132 1225 est
176 1183 288 1224 enim
330 1182 360 1236 †
403 1182 516 1237 quod
556 1185 679 1224 vacet
722 1197 916 1238 corpore3
966 1183 1217 1238 corporibus
1262 1187 1406 1226 autem

66 1241 204 1284 omnis
245 1241 465 1283 obsidetur
506 1241 642 1295 locus3
682 1241 745 1283 ita
781 1242 950 1284 nullum
985 1243 1129 1296 inane,
1169 1242 1278 1284 nihil
1312 1257 1404 1284 esse

64 1300 330 1342 individuum
367 1302 523 1356 potest.
583 1299 702 1342 Haec
739 1315 819 1356 ego
856 1316 968 1343 nunc
1004 1301 1281 1356 physicorum
1314 1317 1405 1344 ora·
1420 1284 1477 1367 262}

31 1371 47 1397 ο
66 1359 162 1401 cula
191 1358 340 1414 fundo,
378 1374 480 1401 vera
511 1374 566 1400 an
595 1359 725 1413 falsa,
755 1360 917 1414 nescio,
949 1361 1023 1402 sed
1053 1360 1143 1402 veri
1175 1363 1322 1402 tamen
1353 1361 1406 1402 si-

65 1418 236 1460 miliora
280 1432 410 1473 quam
453 1421 610 1460 vestra.
676 1417 768 1460 Ista
812 1419 925 1460 enim
962 1419 1131 1475 flagitia
1168 1419 1406 1462 Democriti

66 1477 155 1519 sive
199 1477 330 1518 etiam
374 1479 473 1518 ante
510 1476 731 1532 Leucippi,
775 1492 867 1519 esse
905 1479 1159 1534 corpuscula
1197 1479 1404 1532 quaedam

65 1536 195 1590 levia,
232 1536 319 1577 aha
350 1550 518 1591 aspera,
550 1536 736 1578 rotunda
768 1537 872 1589 alia,
904 1537 1065 1592 partim
1098 1540 1241 1578 autem
1274 1552 1406 1593 angu-

65 1595 168 1648 lata,
193 1595 371 1636 hamata
396 1595 604 1650 quaedam
633 1597 674 1636 et
702 1596 824 1650 quasi
845 1596 1020 1650 adunca,
1048 1611 1097 1637 ex
1118 1596 1186 1637 his
1207 1597 1406 1638 effectum

31 1664 46 1691 ⁵
66 1668 158 1695 esse
191 1654 355 1696 caelum
394 1656 522 1708 atque
560 1656 720 1695 terram
758 1655 879 1696 nulla
910 1657 1089 1710 cogente
1120 1658 1292 1708 natura,
1333 1655 1407 1697 sed

66 1727 274 1755 concursu
294 1713 479 1767 quodam
498 1712 690 1767 fortuito,
713 1713 824 1755 hanc
844 1716 891 1755 tu
912 1714 1167 1769 opinionem,
1189 1713 1233 1755 C.
1253 1713 1406 1768 Vellei,

65 1787 198 1827 usque
237 1772 289 1814 ad
329 1772 440 1814 hanc
478 1772 665 1813 aetatem
701 1772 956 1827 perduxisti,
999 1773 1202 1828 priusque
1234 1776 1277 1814 te
1310 1773 1404 1828 quis

67 1831 116 1872 de
155 1831 271 1872 omni
301 1831 416 1873 vitae
449 1833 567 1872 statu
599 1845 727 1885 quam
760 1831 809 1872 de
841 1832 927 1873 ista
959 1832 1215 1873 auctoritate
1248 1832 1405 1874 deiece-

66 1889 140 1943 rit3
177 1893 276 1931 ante
315 1890 427 1931 enim
464 1889 663 1931 iudicasti
693 1889 953 1945 Epicureum
989 1894 1033 1932 te
1071 1905 1162 1932 esse
1195 1893 1405 1946 oportere,

31 1960 48 1985 ο
68 1963 196 2002 quam
231 1949 317 1991 ista
354 1949 606 2004 cognovisti.
667 1948 737 1990 Ita
772 1964 944 1991 necesse
975 1949 1059 1991 fuit
1091 1952 1166 1991 aut
1196 1950 1302 1992 haec
1333 1950 1405 1992 fla-

67 2006 176 2062 gitia
213 2008 432 2063 concipere
465 2008 607 2049 animo
640 2011 715 2049 aut
746 2011 970 2063 susceptae
1001 2009 1302 2064 philosophiae
1332 2023 1405 2050 no-

67 2080 166 2106 men
197 2066 405 2108 amittere.
468 2066 577 2115 Quid
609 2067 721 2108 enim
753 2082 935 2122 mereas,
967 2070 1015 2108 ut
1046 2067 1279 2121 Epicureus
1312 2082 1404 2109 esse
1431 2076 1474 2107 67

68 2124 265 2166 desinas?
326 2124 448 2166 Nihil
492 2126 705 2180 equidem,
747 2126 908 2181 inquis,
951 2129 1000 2168 ut
1042 2127 1254 2168 rationem
1290 2126 1405 2168 vitae

66 2183 219 2225 beatae
250 2183 561 2239 veritatemque
594 2184 798 2228 deseram.
847 2184 940 2227 Ista
964 2185 1099 2241 igitur
1125 2188 1190 2227 est
1215 2185 1405 2227 veritas?

32 2252 48 2278 ⁵
67 2241 182 2283 Nam
214 2241 263 2283 de
295 2242 386 2283 vita
416 2242 544 2284 beata
573 2243 682 2284 nihil
714 2258 919 2299 repugno,
952 2259 1081 2298 quam
1106 2248 1153 2286 tu
1177 2259 1230 2285 ne
1256 2244 1301 2285 in
1327 2244 1404 2285 deo

67 2300 239 2355 quidem
271 2314 363 2342 esse
395 2315 552 2356 censes,
582 2302 666 2343 nisi
690 2302 817 2357 plane
845 2303 932 2344 otio
960 2304 1174 2358 langueat.
1225 2301 1306 2344 Sed
1331 2302 1405 2344 ubi
