1685 2568
376 64 464 100 LIB.
490 65 535 101 ΙΙ.
568 65 669 101 CAP.
697 69 846 100 25—28.
879 70 898 108 ς
926 71 1073 101 54-60.
1310 67 1393 108 217

57 160 164 204 Cum
199 161 336 216 igitur
367 160 449 202 hoc
481 161 640 202 animal
673 163 763 201 tam
796 160 853 201 sit
885 174 1088 201 canorum
1122 175 1199 202 sua
1231 165 1396 216 sponte,

58 219 159 274 quid
195 219 240 260 in
277 222 464 260 mentem
502 219 620 260 venit
657 218 915 260 Callistheni
954 219 1091 260 dicere
1129 219 1230 261 deos
1268 222 1396 276 gallis

58 279 229 333 signum
261 278 427 319 dedisse
459 277 671 330 cantandi,
703 292 798 319 cum
830 277 873 318 id
905 277 972 318 vel
998 280 1154 318 natura
1180 279 1247 319 vel
1273 293 1396 320 casus

57 337 224 378 efficere
255 336 498 392 potuisset?

21 407 38 433 5
146 393 362 451 Sanguine
399 395 560 450 pluisse
599 394 767 435 senatui
797 394 1042 436 nuntiatum
1076 397 1159 448 est,
1191 395 1397 437 Atratum

58 454 188 496 etiam
216 454 394 495 fluvium
418 453 592 494 fluxisse
618 453 839 508 sanguine,
868 453 1042 494 deorum
1070 454 1244 496 sudasse
1272 455 1399 495 simu-

57 513 184 554 lacra.
246 511 361 553 Num
394 526 538 554 censes
571 511 638 552 his
669 512 832 553 nuntiis
864 511 1031 553 Thalen
1063 515 1138 553 aut
1170 513 1398 569 Anaxago-

56 586 134 612 ran
171 573 246 613 aut
283 585 540 625 quemquam
572 570 796 625 physicum
829 571 1089 612 crediturum
1121 570 1284 613 fuisse?
1322 587 1397 614 nec

58 630 171 671 enim
202 629 378 685 sanguis
409 644 487 671 nec
513 630 642 670 sudor
667 629 750 670 nisi
776 644 797 670 e
824 644 1013 684 corpore.
1056 628 1138 671 Sed
1165 633 1208 671 et
1235 631 1399 673 decolo-

22 689 170 730 oratio
210 688 420 742 quaedam
452 702 502 729 ex
534 688 680 742 aliqua
711 689 966 743 contagione
999 691 1170 730 terrena
1201 704 1399 731 maxume

58 749 204 803 potest
235 747 435 802 sanguini
469 747 621 788 similis
655 761 759 801 esse,
792 750 834 788 et
866 761 989 788 umor
1015 747 1217 802 adlapsus
1244 749 1400 789 extrin-

58 820 190 859 secus,
221 808 270 847 ut
299 805 344 846 in
375 806 569 847 tectoriis
595 805 787 847 videmus
814 809 975 859 austro,
1008 806 1206 848 sudorem
1231 807 1400 849 videtur

56 864 230 906 imitari.
286 864 431 919 Atque
468 864 574 906 haec
605 864 651 905 in
681 865 797 906 bello
829 865 957 919 plura
988 868 1031 906 et
1063 866 1228 908 maiora
1259 866 1400 908 viden-

57 927 128 965 tur
167 923 440 975 timentibus,
481 923 628 964 eadem
669 938 755 964 non
793 926 883 964 tam
925 923 1326 966 animadvertuntur
1355 925 1400 966 in

21 993 179 1038 5pace3
217 982 379 1024 accedit
415 982 524 1023 illud
561 983 711 1036 etiam,
750 982 863 1036 quod
899 982 943 1023 in
981 985 1098 1024 metu
1137 986 1179 1025 et
1209 985 1399 1039 periculo

58 1057 154 1083 cum
186 1041 416 1083 creduntur
445 1041 634 1094 facilius,
666 1043 759 1082 tum
790 1041 1013 1096 finguntur
1045 1042 1258 1097 inpunius.
1307 1042 1399 1085 Nos

58 1103 202 1142 autem
234 1100 297 1141 ita
328 1100 442 1141 leves
476 1102 603 1154 atque
634 1099 942 1141 inconsiderati
968 1115 1126 1155 sumus,
1158 1104 1217 1155 ut,
1250 1102 1286 1143 si
1312 1117 1400 1143 mu-

57 1173 124 1200 res
162 1158 423 1200 corroserint
461 1158 640 1212 aliquid,
680 1172 860 1212 quorum
901 1160 967 1199 est
1005 1173 1111 1213 opus
1143 1159 1224 1202 hoc
1255 1175 1400 1214 unum,

58 1219 299 1259 monstrum
324 1218 554 1272 putemus?
592 1216 706 1258 Ante
731 1231 832 1258 vero
852 1216 1083 1259 Marsicum
1104 1218 1267 1260 bellum
1288 1220 1401 1274 quod

22 1276 218 1331 oclipeos
248 1275 448 1329 Lanuvii,
479 1278 528 1317 ut
560 1290 585 1317 a
615 1278 659 1316 te
691 1275 852 1317 dictum
884 1279 966 1330 est,
1004 1291 1146 1318 mures
1178 1279 1401 1332 rosissent,

56 1350 304 1376 maxumum
323 1335 364 1375 id
385 1337 635 1390 portentum
653 1334 903 1389 haruspices
924 1349 1017 1377 esse
1038 1335 1251 1391 dixerunt3
1278 1338 1401 1392 quasi

56 1408 158 1436 vero
197 1393 424 1448 quicquam
463 1393 653 1447 intersit,
698 1408 840 1435 mures
879 1394 991 1436 diem
1027 1398 1198 1437 noctem
1237 1396 1401 1451 aliquid

56 1453 256 1495 rodentes
289 1455 410 1494 scuta
442 1467 496 1494 an
528 1452 669 1495 cribra
701 1452 977 1494 corroserint!
1024 1452 1138 1495 Nam
1166 1455 1203 1496 si
1228 1455 1314 1497 ista
1340 1470 1401 1497 se-

58 1511 240 1566 quimur,
273 1511 386 1566 quod
411 1511 607 1553 Platonis
633 1511 825 1559 Politian
854 1526 992 1567 nuper
1024 1513 1136 1567 apud
1165 1528 1232 1555 me
1258 1529 1400 1556 mures

24 1580 36 1586 '
58 1573 344 1623 corroserunt,
377 1570 427 1611 de
459 1585 504 1612 re
535 1571 711 1625 publica
743 1571 870 1612 debui
900 1571 1213 1626 pertimescere,
1246 1576 1333 1627 aut,
1364 1573 1402 1614 si

56 1629 234 1684 Epicuri
265 1629 316 1670 de
347 1630 571 1684 voluptate
603 1629 714 1671 liber
741 1644 866 1671 rosus
892 1633 1018 1684 esset,
1049 1633 1248 1685 putarem
1274 1647 1402 1674 anno-

56 1702 157 1730 nam
189 1688 235 1729 in
265 1688 447 1730 macello
479 1688 687 1730 cariorem
718 1688 822 1730 fore.

57 1808 155 1848 tosa
199 1808 273 1847 aut
316 1820 367 1847 ex
409 1806 569 1861 pecude
614 1808 688 1847 aut
732 1821 782 1848 ex
818 1806 992 1848 homine
1029 1809 1133 1848 nata
1172 1807 1399 1849 dicuntur?

60 1879 242 1920 quorum
274 1864 476 1918 omnium,
507 1879 560 1906 ne
587 1864 669 1906 sim
694 1864 878 1921 longior,
909 1880 995 1907 una
1019 1866 1131 1907 ratio
1159 1868 1235 1907 est.
1280 1865 1402 1915 Quic-

59 1923 160 1979 quid
191 1923 305 1965 enim
337 1924 491 1977 oritur,
524 1924 830 1978 qualecumque
863 1926 946 1978 est,
978 1939 1153 1966 causam
1184 1924 1345 1966 habeat
1377 1940 1402 1967 a

57 1985 213 2024 natura
242 1997 415 2024 necesse
448 1984 525 2036 est,
558 1985 616 2035 ut,
648 1982 818 2024 etiamsi
849 1986 1021 2038 praeter
1050 1984 1401 2025 consuetudinem

36 2041 267 2096 »extiterit,
304 2044 476 2096 praeter
510 2043 712 2082 naturam
742 2044 889 2083 tamen
917 2056 1005 2084 non
1035 2042 1175 2097 possit
1207 2043 1401 2084 existere.

59 2098 244 2142 Causam
280 2100 416 2155 igitur
453 2100 718 2155 investigato
755 2101 801 2141 in
837 2115 882 2142 re
915 2115 1028 2142 nova
1060 2104 1188 2156 atque
1221 2101 1402 2143 admira-

59 2158 156 2213 bili,
194 2158 231 2200 si
268 2158 448 2214 poteris3
493 2159 530 2200 si
564 2159 731 2200 nullam
768 2160 972 2214 reperies,
1009 2160 1118 2201 illud
1149 2163 1297 2201 tamen
1335 2175 1401 2201 ex-

58 2217 278 2273 ploratum
309 2217 480 2271 habeto,
510 2217 620 2259 nihil
651 2218 745 2259 fieri
775 2218 967 2274 potuisse
999 2219 1089 2260 sine
1116 2233 1256 2272 causa,
1288 2233 1400 2260 eum-

60 2290 141 2331 que
172 2279 394 2331 terrorem,
427 2291 553 2331 quem
584 2276 667 2317 tibi
694 2277 757 2318 rei
781 2278 952 2319 novitas
980 2278 1187 2327 attulerit,
1218 2280 1398 2318 naturae

1445 371 1465 379 1-

1451 383 1460 409 l

1425 420 1467 452 58

1426 1051 1470 1081 59

145 1747 216 1788 An
247 1761 348 1788 vero
379 1747 458 1788 illa
485 1761 563 1788 nos
589 1750 767 1801 terrent,
799 1747 837 1788 si
863 1747 1031 1802 quando
1059 1748 1204 1802 aliqua
1229 1727 1472 1810 porten—{g
