1685 2568
341 115 430 151 LIB.
456 116 500 151 ΙΙ.
530 115 631 151 CAP.
658 120 808 151 63—66.
834 119 854 158 3
882 119 1077 150 159-165.
1296 114 1380 157 105

40 212 253 268 Epicurus
286 227 415 267 quam
448 211 781 267 praedictionem
813 224 957 252 rerum
987 209 1242 262 futurarum,
1274 209 1380 251 mihi

42 271 211 313 videtur
257 272 325 313 vel
369 285 566 312 maxume
606 269 859 312 confirmare
898 268 1074 310 deorum
1110 268 1382 323 providentia

43 330 208 372 consuli
246 330 372 371 rebus
404 328 616 371 humanis.
675 327 757 369 Est
789 327 902 369 enim
933 327 1128 382 profecto
1161 326 1383 379 divinatio,

44 403 151 444 quae
183 389 332 430 multis
360 388 479 442 locis,
509 387 649 441 rebus,
680 386 946 442 temporibus
974 387 1154 440 apparet
1180 399 1275 427 cum
1303 385 1381 437 [in]

7 460 25 487 5
44 448 226 503 privatis
259 450 351 488 tum
382 460 578 488 maxume
609 445 806 500 publicis.
860 444 1001 486 Multa
1032 446 1210 486 cernunt
1241 444 1365 485 116111-
1391 453 1451 484 163

44 506 200 562 spices,
233 506 371 547 multa
403 518 587 560 augures
619 503 858 558 plovident,
890 503 1030 545 multa
1062 503 1216 544 oraclis
1250 502 1384 543 decla-

43 568 213 618 rantur,
251 565 388 606 multa
418 562 817 616 vaticinationibus,
848 562 987 603 multa
1019 561 1214 615 somniis,
1245 561 1384 602 multa

42 599 275 679 poitentis,
314 623 467 677 quibus
500 621 686 677 cognitis
718 622 880 663 1111111366
913 635 1040 676 saepe
1072 635 1139 661 res
1172 634 1220 662 ex
1250 619 1384 661 homi-

42 697 146 724 num
189 681 405 723 sententia
448 683 576 735 atque
620 680 810 722 utilitate
854 682 1023 735 partae,
1072 679 1212 720 multa
1255 679 1386 719 etiam

0 754 24 780 ιο
42 741 234 796 pericula
272 740 451 795 depulsa
488 742 599 781 sunt.
660 739 779 781 Haec
809 739 943 794 igitur
974 738 1063 780 sive
1095 738 1160 779 vis
1193 737 1282 779 sive
1315 751 1385 778 ars

45 800 134 841 sive
160 802 316 841 natura
342 798 395 840 ad
421 798 645 840 scientiam
669 813 812 839 rerum
837 797 1081 839 futurarum
1105 796 1272 838 1101111111
1291 810 1386 850 pro-

41 858 154 900 fecto
199 860 265 899 est
301 872 379 899 nec
417 857 492 898 alii
529 857 728 911 cuiquam
766 872 792 898 a
830 856 893 898 dis
932 856 1237 897 inmortalibus
1276 855 1386 896 data.

43 916 161 966 Quae
193 916 230 959 si
261 916 434 972 singula
465 930 543 958 vos
573 915 687 957 forte
718 930 805 957 non
830 917 1017 969 movent,
1047 912 1248 956 universa
1274 916 1386 955 certe

42 978 190 1017 tamen
232 975 345 1017 inter
389 989 434 1016 36
478 989 638 1017 conexa
681 977 809 1029 atque
848 974 1075 1016 coniuncta
1111 987 1282 1015 movere
1321 972 1387 1013 de-

0 1047 24 1074 15
44 1034 220 1076 bebunt.

133 1092 224 1135 Nec
266 1107 368 1135 vero
411 1093 611 1134 universo
650 1092 796 1148 generi
833 1092 1057 1133 hominum
1095 1092 1253 1145 solum,
1298 1090 1372 1132 sed
1394 1099 1457 1130 164

46 1152 177 1194 etiam
209 1151 392 1207 singulis
425 1166 450 1193 a
482 1151 545 1192 dis
577 1150 881 1193 inmortalibus
915 1150 1080 1192 consuli
1106 1152 1149 1191 et
1173 1148 1390 1204 provideri

46 1211 170 1253 solet.
236 1210 357 1252 Licet
402 1210 514 1251 enim
558 1209 811 1251 contrahere
853 1209 1182 1250 universitatem
1220 1207 1389 1263 generis

46 1269 224 1311 humani
256 1283 434 1323 eamque
467 1268 682 1324 gradatim
715 1268 768 1309 ad
798 1268 1039 1323 pauciores,
1069 1269 1290 1323 postremo
1323 1266 1390 1307 de-

0 1340 30 1367 10
50 1329 200 1370 ducere
233 1328 287 1370 ad
319 1327 526 1383 singulos,
581 1326 695 1368 Nam
728 1327 765 1368 si
797 1327 995 1368 omnibus
1026 1325 1286 1380 hominibus,
1318 1325 1390 1380 qui
1405 1328 1460 1369 66

46 1387 205 1442 ubique
241 1389 341 1428 sunt
374 1400 639 1441 quacumque
669 1386 716 1427 in
747 1400 823 1427 ora
854 1401 902 1428 ac
932 1388 1056 1440 parte
1087 1388 1303 1426 terrarum
1335 1384 1389 1425 ab

45 1446 220 1488 huiusce
250 1448 404 1501 terrae,
437 1460 566 1500 quam
596 1459 676 1487 nos
708 1444 948 1498 incolimus,
979 1443 1301 1487 continuatione
1334 1443 1392 1484 di-

48 1505 269 1559 stantium,
295 1504 396 1546 deos
422 1504 645 1546 consulere
671 1518 891 1546 censemus
918 1504 972 1545 ob
1001 1518 1071 1545 eas
1095 1517 1258 1556 causas,
1285 1516 1390 1556 quas

48 1566 147 1606 ante
185 1563 386 1618 diximus,
429 1563 498 1605 his
538 1577 706 1618 quoque
742 1562 991 1604 hominibus
1030 1562 1277 1615 consulunt,
1319 1560 1392 1615 qui

0 1634 27 1661 25
46 1623 125 1665 has
155 1623 382 1665 nobiscum
413 1624 552 1664 terras
585 1622 638 1663 ab
672 1621 835 1663 oriente
862 1621 916 1663 ad
942 1621 1205 1663 occidentem
1231 1620 1390 1662 colunt.

0 1708 1 1711 =
47 1680 122 1723 Sin
148 1684 292 1723 autem
316 1681 381 1723 his
406 1681 648 1735 consulunt,
680 1681 753 1735 qui
779 1680 903 1735 quasi
928 1694 1132 1735 magnam
1158 1678 1374 1734 quandam
1397 1687 1460 1719 165

43 1740 231 1783 insulam
271 1740 486 1795 incolunt,
528 1755 656 1795 quam
695 1753 775 1781 nos
817 1739 966 1781 orbem
1003 1741 1144 1780 terrae
1175 1751 1391 1790 vocamUS,

46 1799 176 1841 etiam
211 1800 300 1841 illis
341 1800 590 1853 consulunt,
628 1798 701 1853 qui
731 1800 878 1853 partes
911 1798 1001 1839 eius
1032 1797 1199 1839 insulae
1230 1798 1392 1850 tenent,

43 1858 283 1914 Europam,
327 1858 497 1913 Asiam,
541 1857 747 1899 Africam.
812 1856 933 1913 Ergo
977 1859 1021 1898 et
1061 1871 1208 1898 earum
1244 1857 1392 1910 partes

11 1928 29 1955 o
48 1917 253 1972 diligunt,
286 1919 335 1959 ut
365 1917 567 1971 Romam,
598 1915 814 1970 Athenas,
847 1914 1067 1971 Spartam,
1098 1914 1318 1968 Rhodum,
1350 1916 1393 1955 et

47 1990 195 2017 earum
237 1976 410 2018 urbium
448 1976 684 2031 separatim
722 1976 775 2017 ab
814 1974 1026 2016 universis
1066 1973 1260 2029 singulos
1300 1948 1392 2014 dili-

49 2037 175 2090 gunt,
214 2037 264 2076 ut
300 2034 456 2089 Pyrrhi
492 2035 608 2076 bello
642 2033 836 2089 Curium,
876 2033 1142 2087 Fabricium,
1181 2031 1392 2074 Corunca-

45 2093 184 2147 nium,
220 2093 361 2148 primo
393 2094 553 2135 Punico
586 2092 850 2147 Calatinum,
884 2092 1124 2146 Duellium,
1155 2091 1392 2144 Metellum,

45 2151 291 2206 Lutatium,
324 2152 506 2194 secundo
537 2152 800 2207 Maxumum,
831 2151 1097 2205 Marcellum,
1128 2150 1394 2203 Africanum,

47 2214 150 2266 post
181 2211 262 2252 hos
293 2210 495 2266 Paulum,
526 2211 780 2266 Gracchum,
811 2209 1020 2253 Catonem
1051 2211 1279 2266 patrumve
1309 2222 1394 2249 me—

45 2270 186 2311 moria
232 2268 494 2324 Scipionem,
534 2268 748 2324 Laelium,
796 2270 1042 2323 multosque
1084 2270 1308 2324 praeterea
1351 2268 1394 2307 et

44 2331 200 2371 nostra
238 2328 389 2370 civitas
422 2330 466 2369 et
497 2326 676 2370 Graecia
707 2328 811 2370 tulit
843 2328 1085 2384 singulares
1117 2326 1250 2379 viros,
1293 2338 1393 2379 quo-
