1685 2568
376 103 464 138 LIB.
490 103 537 139 II.
565 102 664 137 CAP.
692 107 841 138 50—53.
869 107 887 146 ἓ
916 107 1110 138 104-109.
1325 104 1410 146 235

69 198 213 253 refert,
240 199 275 240 si
302 199 492 253 accipere
518 213 603 240 non
629 199 886 252 possumus?
924 198 1177 239 Extremum
1197 202 1270 241 est:
1297 199 1410 240 ‘Est

69 258 233 313 igitur
274 256 557 299 divinatio.’
620 255 685 298 Sit
726 260 981 311 extremum,
1025 257 1223 298 effectum
1262 260 1410 299 tamen

69 331 155 357 non
188 318 271 370 est3
303 330 353 357 ex
387 316 510 357 falsis
544 316 668 369 enim,
705 318 754 356 ut
780 316 833 357 ab
860 315 965 370 ipsis
993 315 1229 370 didicimus,
1260 330 1410 357 verum

69 374 181 416 effici
212 388 299 415 non
329 377 486 429 potest.
536 373 652 415 Iacet
684 374 817 430 igitur
849 377 944 416 tota
975 374 1202 416 conclusio.

33 445 50 472 ⁶
155 431 391 474 Veniamus
429 447 540 474 nunc
579 433 632 474 ad
670 435 894 487 optumum
931 432 1088 486 virum,
1131 432 1390 474 familiarem

67 494 275 545 nostrum,
308 490 574 545 Cratippum.
626 490 696 532 ‘Si
729 491 837 532 sine
876 491 1069 545 oculis'‚
1100 491 1257 546 inquit,
1291 491 1410 533 ‘non

66 551 241 605 potest
259 552 461 591 exstare
482 549 714 591 officium
737 553 785 591 et
805 565 981 591 munus
1000 550 1277 604 oculorum,
1296 563 1410 605 pos-

68 611 187 650 sunt
218 611 387 650 autem
419 608 697 662 aliquando
731 609 865 650 oculi
896 623 994 650 non
1018 608 1164 663 fungi
1191 623 1279 650 suo
1307 623 1409 650 mu-

67 681 202 721 11616,
235 667 319 721 qui
350 667 430 708 vel
463 667 620 708 semel
647 667 720 708 ita
746 670 824 708 est
849 682 969 709 usus
996 668 1177 721 oculis,
1209 669 1264 708 ut
1289 682 1409 709 vera

16 738 49 765 ιο
67 728 318 781 cerneret,
355 725 397 767 is
435 725 591 767 habet
630 740 831 767 sensum
863 727 1125 768 oculorum
1157 741 1276 767 vera
1307 740 1410 768 cer-

66 784 305 826 nentium.
361 784 489 825 Item
522 784 702 839 igitur,
743 785 784 826 si
817 785 925 826 sine
958 785 1279 826 divinatione
1310 799 1410 826 non

65 846 238 898 potest
271 842 505 885 officium
535 846 583 884 et
601 858 778 885 munus
811 844 1154 885 divinationis
1188 846 1409 897 exstare,

65 904 244 957 potest
281 905 466 956 autem,
506 917 611 944 cum
651 903 763 956 quis
798 903 1170 944 divinationem
1201 902 1408 957 habeat,

67 975 238 1002 errare
283 961 559 1015 aliquando
603 976 692 1002 nec
736 976 854 1002 vera
892 975 1118 1015 cernere,
1163 961 1293 1002 satis
1331 963 1410 1002 est

17 1031 48 1058 15
67 1019 127 1060 ad
163 1019 569 1061 confirmandam
608 1020 980 1062 divinationem
1013 1020 1169 1061 semel
1209 1020 1410 1074 aliquid

65 1078 140 1120 ita
172 1093 281 1119 esse
313 1078 617 1132 divinatum,
656 1079 787 1119 nihil
820 1082 873 1119 ut
904 1078 1127 1120 fortuito
1160 1079 1409 1120 cecidisse

64 1137 320 1191 videatur3
364 1140 482 1178 sunt
526 1139 692 1178 autem
734 1137 840 1178 eius
880 1137 1084 1193 generis
1121 1138 1410 1179 innumera-

64 1195 212 1250 bilia3
267 1210 376 1237 esse
425 1196 588 1250 igitur
638 1196 1009 1237 divinationem
1059 1196 1410 1238 confitendum

66 1254 169 1296 est.'
217 1253 388 1295 Festive
422 1258 463 1295 et
495 1254 702 1308 breviter3
735 1255 807 1296 sed
840 1269 937 1296 cum
968 1255 1034 1296 bis
1068 1255 1263 1310 sumpsit,
1297 1255 1411 1310 quod

16 1325 48 1351 20
67 1313 223 1367 voluit,
261 1313 432 1354 etiamsi
468 1313 617 1355 faciles
655 1328 734 1355 nos
767 1313 820 1355 ad
851 1313 1165 1355 concedendum
1196 1313 1410 1369 habuerit,

64 1372 108 1413 id
145 1374 308 1426 tamen,
347 1372 460 1427 quod
493 1372 698 1426 adsumit,
737 1372 910 1414 concedi
940 1373 1061 1414 nullo
1093 1373 1220 1414 modo
1252 1375 1409 1427 potest.

1413 414 1479 497 323

67 1429 171 1485 ³81⁹,
214 1431 372 1486 inquit,
417 1431 716 1486 ‘aliquando
762 1432 898 1473 oculi
935 1434 1165 1486 peccent⁷
1209 1434 1480 1486 tamen7108

66 1489 184 1544 quia
216 1492 353 1531 recte
387 1490 669 1545 aliquando
702 1490 959 1544 viderunt,
991 1490 1129 1532 inest
1160 1490 1211 1533 in
1240 1490 1306 1532 iis
1332 1491 1409 1532 vis

64 1548 288 1601 videndi3
320 1549 460 1603 item,
494 1549 535 1590 si
567 1549 678 1603 quis
713 1549 868 1591 semel
900 1549 1100 1604 aliquid
1131 1549 1183 1590 in
1214 1549 1410 1591 divina-

31 1607 204 1649 5tione
244 1607 545 1662 dispexerit,
583 1608 637 1662 is,
677 1608 830 1649 etiam
869 1623 978 1650 cum
1010 1611 1202 1663 peccet,
1240 1611 1411 1650 tamen

65 1666 454 1708 existumandus
488 1667 556 1708 sit
587 1666 773 1708 habere
805 1667 905 1709 vim
937 1666 1231 1709 divinandi.'
1288 1667 1409 1721 Vide,

66 1740 236 1779 quaeso,
269 1724 473 1780 Cratippe
505 1728 665 1779 noster,
698 1741 827 1780 quam
859 1726 947 1767 sint
977 1726 1063 1767 ista
1095 1726 1270 1780 similia3
1307 1741 1409 1767 nam

66 1784 172 1826 mihi
202 1799 289 1826 non
315 1784 523 1825 videntur.
568 1784 691 1826 Oculi
717 1785 830 1826 enim
855 1799 958 1826 vera
983 1787 1203 1827 cernentes
1229 1787 1411 1826 utuntur

66 1845 222 1884 natura
254 1845 383 1897 atque
416 1858 555 1897 3611311,
588 1843 731 1898 animi⁷
763 1843 801 1885 si
832 1844 1001 1898 quando
1033 1844 1102 1885 vel
1135 1843 1409 1886 vaticinando

16 1911 48 1939 30
66 1902 134 1943 vel
172 1902 426 1944 somniando
460 1917 560 1943 vera
590 1902 806 1957 viderunt,
843 1903 910 1944 usi
942 1904 1043 1944 sunt
1073 1902 1248 1944 fortuna
1280 1905 1410 1957 atque

67 1975 184 2015 casu3
223 1961 308 2002 nisi
346 1960 460 2002 forte
498 1976 774 2003 concessuros
812 1961 894 2003 tibi
932 1962 1167 2003 existumas
1206 1976 1296 2017 603,
1338 1961 1412 2016 qui

68 2019 234 2063 somnia
270 2034 348 2075 pro
388 2020 565 2061 somniis
604 2020 785 2075 habent,
823 2020 860 2062 si
892 2021 1061 2075 quando
1095 2020 1270 2075 aliquod
1301 2035 1411 2063 som—

65 2079 185 2119 nium
222 2092 372 2120 verum
405 2079 608 2133 evaserit,
644 2093 732 2121 non
762 2079 806 2120 id
835 2078 1018 2121 fortuito
1052 2080 1266 2121 accidisse.
1328 2077 1411 2121 Sed

68 2137 214 2178 demus
251 2137 335 2179 tibi
372 2137 480 2179 istas
520 2137 624 2179 duas
663 2138 929 2193 sumptiones
967 2136 1037 2194 (ea
1069 2153 1177 2193 quae
1208 2136 1410 2192 λήμματα

17 2205 49 2232 35
69 2196 290 2251 appellant
329 2196 560 2251 dialectici,
601 2197 674 2238 sed
710 2211 789 2238 nos
821 2197 974 2239 Latine
1012 2197 1132 2252 loqui
1162 2194 1410 2251 malumus),

68 2255 311 2310 adsumptio
343 2257 491 2296 tamen
516 2254 665 2311 (quam
691 2253 943 2310 πρόσληψιν
968 2256 1098 2297 iidem
1123 2254 1297 2310 vocant)
1323 2269 1409 2296 non

1424 1667 1481 1711 53

67 2312 252 2355 dabitur.
301 2312 505 2355 Adsumit
531 2317 673 2355 autem
702 2313 934 2368 Cratippus
960 2315 1041 2356 hoc
1070 2314 1216 2356 modo:
1250 2313 1396 2354 ‘Sunt
1413 2321 1479 2354 109
