1685 2568
442 107 530 142 LIB.
557 107 584 143 Ι.
617 107 718 142 CAP.
746 111 895 142 18-20.
927 111 947 149 ξ
973 112 1123 143 48-53.
1366 112 1451 151 SD&

115 203 216 259 quid
248 205 324 246 aut
354 203 522 245 laudari
551 202 634 245 rite
666 205 741 245 aut
768 202 1007 258 vituperari
1031 205 1188 258 potest,
1221 203 1257 244 si
1283 204 1336 246 ab
1364 204 1453 246 eius

113 265 271 304 natura
295 261 532 316 recesseris,
564 262 677 316 quod
708 264 783 304 aut
813 261 1076 303 laudandum
1109 264 1183 302 aut
1211 262 1453 317 vituperan-

115 321 216 363 dum
252 321 407 376 putes?
462 321 534 362 An
570 320 761 376 corporis
798 320 1056 375 pravitates,
1093 320 1130 361 si
1162 323 1286 361 erunt
1316 321 1455 376 perin-

116 380 273 436 signes,
303 379 526 421 habebunt
557 379 720 434 aliquid
752 378 1011 433 offensionis,
1043 378 1175 420 animi
1205 378 1455 420 deformitas

80 449 203 480 5non
232 438 441 480 habebit?
479 437 597 480 cuius
628 438 851 493 turpitudo
885 452 934 479 ex
964 437 1071 493 ipsis
1102 437 1220 479 vitiis
1251 437 1455 479 facillime

114 496 301 552 perspici
326 498 488 551 potest3
517 496 619 551 quid
645 497 756 538 enim
782 496 948 538 foedius
975 496 1170 550 avaritia,
1197 496 1298 551 quid
1322 496 1456 538 inma-

114 556 212 597 nius
251 555 446 608 libidine,
491 555 593 609 quid
630 555 916 611 contemptius
954 555 1206 609 timiditate,
1248 555 1349 609 quid
1386 555 1457 597 ab·

115 614 267 656 iectius
305 613 511 656 tarditate
544 616 587 655 et
619 614 806 656 stultitia
838 614 920 656 dici
950 614 1124 669 potest?
1180 612 1290 662 Quid
1323 614 1456 670 ergo?

117 687 208 728 eos,
246 672 319 728 qui
357 672 540 728 singulis
577 672 695 714 vitiis
734 673 947 715 excellunt
979 675 1054 715 aut
1085 672 1217 715 etiam
1248 673 1458 728 pluribus,

65 744 98 769 ιο
116 733 295 787 propter
332 731 489 773 damna
526 733 601 773 aut
639 731 898 773 detrimenta
936 735 1012 773 aut
1043 732 1256 774 cruciatus
1289 731 1456 786 aliquos

116 790 296 832 miseros
329 804 420 831 esse
453 789 633 831 dicimus
666 802 722 831 an
745 793 923 845 propter
948 791 1036 832 vim
1062 790 1457 845 turpitudinemque

114 849 348 891 vitiorum?
382 848 495 903 quod
525 849 630 890 item
662 849 716 890 ad
744 849 1006 891 contrariam
1030 849 1202 891 laudem
1226 849 1272 890 in
1296 849 1457 891 virtute

116 908 199 950 dici
230 910 388 963 potest.
432 906 671 962 Postremo,
704 908 741 949 si
771 911 948 963 propter
981 908 1087 949 alias
1119 923 1188 949 res
1220 908 1358 950 virtus
1391 923 1457 950 ex-

114 966 295 1022 petitur,
337 966 489 1008 melius
534 981 626 1008 esse
670 966 833 1021 aliquid
871 981 999 1022 quam
1040 967 1246 1008 virtutem
1283 982 1455 1009 necesse

64 1036 97 1063 15
117 1027 200 1080 est3
230 1024 509 1080 pecuniamne
540 1025 675 1081 igitur
707 1040 763 1067 an
792 1025 977 1067 honores
1011 1041 1065 1068 an
1094 1025 1279 1067 formam
1306 1041 1360 1067 an
1386 1041 1456 1068 va-

115 1084 379 1126 letudinem?
421 1098 529 1138 quae
561 1086 616 1139 et,
648 1098 777 1139 quom
809 1084 983 1138 adsunt,
1015 1099 1228 1139 perparva
1259 1088 1370 1139 sunt,
1402 1088 1457 1138 et,

117 1157 247 1198 quam
279 1143 350 1184 diu
382 1142 584 1185 adfutura
615 1142 712 1196 sint,
746 1145 909 1184 certum
942 1143 1041 1184 sciri
1066 1143 1186 1184 nullo
1213 1144 1338 1185 modo
1364 1147 1458 1199 pot-

117 1204 201 1256 est3
242 1216 314 1256 an,
344 1201 388 1243 id
420 1201 534 1256 quod
563 1201 863 1256 turpissimum
895 1202 1011 1243 dictu
1043 1205 1126 1256 est,
1158 1202 1457 1257 voluptatem?

116 1260 179 1302 At
214 1260 259 1302 in
296 1274 346 1302 ea
378 1260 544 1314 quidem
581 1260 819 1315 spernenda
850 1262 894 1302 et
925 1260 1189 1315 repudianda
1219 1261 1358 1302 virtus
1389 1261 1459 1303 vel

65 1331 99 1356 20
118 1319 303 1361 maxime
335 1319 534 1361 cernitur.

205 1376 288 1419 Sed
324 1378 553 1433 videtisne,
592 1380 754 1433 quanta
792 1378 922 1420 series
954 1393 1098 1420 rerum
1131 1379 1459 1420 sententiarum-

118 1451 198 1492 que
231 1437 300 1491 sit,
331 1438 460 1491 atque
488 1439 537 1478 ut
562 1451 613 1478 ex
640 1437 724 1478 alio
752 1437 838 1478 alia
861 1437 1118 1479 nectantur?
1152 1437 1255 1492 quin
1280 1438 1460 1479 labebar

1483 914 1527 946 52

116 1495 307 1552 longius,
337 1495 422 1536 nisi
453 1511 520 1537 me
551 1496 837 1537 retinuissem.
888 1496 933 1548 Q.
965 1495 1058 1545 Quo
1090 1496 1294 1538 tandem?
1326 1497 1459 1538 liben-
1473 1496 1530 1538 20

117 1557 185 1596 ter
217 1554 347 1608 enim,
378 1555 531 1609 frater,
562 1554 593 1608 †
613 1554 727 1610 quod
756 1555 888 1596 istam
921 1555 1162 1597 orationem
1192 1558 1334 1597 tecum
1364 1570 1461 1611 pro-

66 1625 99 1651 25
118 1614 250 1655 laber.
288 1614 351 1655 M.
374 1613 441 1654 Ad
464 1613 593 1655 finem
619 1614 842 1668 bonorum,
870 1628 953 1668 quo
979 1613 1225 1656 referuntur
1245 1616 1288 1656 et
1307 1614 1459 1669 quoius

0 1672 1 1682 ¹
120 1672 337 1727 apiscendi
363 1686 491 1714 causa
511 1675 611 1714 sunt
629 1672 825 1714 facienda
844 1673 1001 1726 omnia,
1027 1675 1348 1715 controversam
1368 1687 1460 1715 rem

120 1734 164 1773 et
187 1731 361 1787 plenam
388 1731 664 1773 dissensionis
690 1732 804 1773 inter
826 1732 1109 1786 doctissimos,
1136 1732 1210 1773 sed
1229 1732 1459 1787 aliquando

118 1789 207 1832 iam
237 1790 519 1832 iudicandam.
568 1791 669 1832 Am
698 1789 782 1845 Qui
813 1790 925 1832 istuc
955 1791 1048 1832 fieri
1074 1793 1219 1846 potest
1244 1790 1290 1832 L.
1317 1789 1458 1832 Gellio

119 1849 320 1891 mortuo?
369 1849 432 1891 M.
465 1848 575 1897 Quid
606 1849 780 1890 tandem
808 1849 851 1890 id
877 1849 931 1891 ad
956 1850 1076 1891 rem?
1126 1851 1226 1892 ATT.
1259 1849 1368 1898 Quia
1394 1849 1461 1892 ine

69 1919 100 1945 ³0
120 1908 304 1949 Athenis
355 1908 500 1949 audire
551 1922 601 1950 ex
650 1907 845 1950 Phaedro
895 1923 990 1950 meo
1041 1908 1217 1950 memini
1261 1908 1462 1963 Gellium,

118 1966 379 2008 familiarem
427 1969 573 2021 tuum,
626 1981 755 2021 quom
802 1981 882 2023 pro
934 1968 1107 2009 consule
1158 1982 1208 2009 ex
1257 1970 1462 2023 praetura

118 2025 165 2067 in
214 2025 438 2068 Graeciam
493 2025 683 2067 venisset
733 2027 869 2081 [que],
924 2026 1108 2067 Athenis
1164 2026 1461 2081 philosophOS,

120 2084 193 2139 qui
229 2087 323 2126 tum
367 2087 506 2139 erant,
549 2085 592 2126 in
634 2085 776 2126 locum
815 2100 948 2126 unum
983 2099 1239 2127 convocasse
1271 2085 1461 2140 ipsisque

119 2157 278 2199 magno
311 2158 437 2198 opere
470 2146 687 2185 auctorem
712 2143 857 2198 fuisse,
888 2146 938 2185 ut
963 2144 1193 2198 aliquando
1220 2147 1462 2186 controver-

68 2213 101 2239 35
122 2202 283 2243 siarum
325 2202 514 2257 aliquem
556 2202 747 2244 facerent
790 2202 982 2257 modum3
1028 2203 1181 2258 quodsi
1224 2204 1367 2243 essent
1411 2216 1460 2243 eo

121 2261 283 2316 animo,
312 2263 362 2302 ut
391 2261 558 2303 nollent
590 2263 778 2303 aetatem
808 2261 853 2302 in
884 2261 1035 2303 litibus
1067 2264 1303 2314 conterere,
1335 2274 1461 2315 posse

119 2334 211 2361 rem
245 2319 490 2375 convenire3
527 2322 571 2362 et
601 2320 729 2362 simul
762 2335 936 2376 operam
970 2335 1091 2362 suam
1122 2320 1210 2361 illis
1247 2333 1338 2360 esse
1370 2319 1460 2375 pol·

1485 1797 1531 1829 53
