1685 2568
174 109 265 145 LIB.
291 110 336 146 II.
370 109 470 144 CAP.
498 113 552 145 72.
579 113 598 152 ἓ
625 112 821 144 148-150.
859 107 924 142 DE
950 107 1074 142 FATO
1100 108 1282 144 ARGUM.
1323 109 1406 150 251

69 206 265 248 nebimus
303 205 414 247 hanc
452 203 803 247 consuetudinem
841 218 866 245 a
899 202 1073 245 Socrate
1105 204 1312 245 traditam
1345 219 1411 246 ea·

68 279 149 320 que
180 264 294 306 inter
325 278 422 318 nos,
461 263 498 305 si
528 263 627 316 tibi,
659 261 815 311 Quinte
846 262 999 316 frater⁷
1037 262 1243 317 placebit,
1283 277 1409 316 quam

69 322 318 379 saepissime
356 325 538 364 utemur.
597 321 704 363 Mihi
740 335 862 375 vero,
899 321 1040 375 inquit
1071 321 1163 375 ille,
1200 320 1409 373 nihilpot-

72 386 136 422 est
178 396 269 423 esse
292 381 527 423 iucundius.
567 379 684 430 Quae
705 395 800 422 cum
821 382 965 421 essent
986 379 1111 434 dicta,
1138 379 1411 421 surreximus.

401 665 459 713 M.
501 665 713 711 TULLII
752 664 1080 711 CICERONIS

351 781 412 843 D
488 782 542 844 E
672 781 723 843 F
802 781 867 844 A
947 781 1000 844 Τ
1075 780 1128 845 O

641 912 837 950 LIBER.

546 1099 938 1139 ARGUMENTUM.

140 1188 220 1224 Hoc
245 1188 340 1223 libro
366 1187 414 1223 M.
441 1187 585 1222 Tullius
613 1187 767 1233 exponit
792 1199 997 1223 sermonem
1023 1198 1046 1222 a
1070 1199 1109 1223 se
1134 1188 1306 1223 habitum
1332 1199 1415 1223 cum

69 1237 112 1272 A.
139 1235 263 1270 Hirtio
297 1235 447 1270 consule
474 1235 669 1280 designato
696 1246 726 1270 a.
753 1247 788 1270 u.
816 1247 845 1269 c.
873 1240 959 1279 710,
986 1246 1017 1270 a.
1044 1236 1131 1270 ante
1158 1235 1239 1270 Chr.
1266 1236 1341 1270 nat.
1369 1241 1415 1271 44

68 1284 156 1329 post
182 1282 219 1318 C.
247 1281 413 1317 Caesaris
447 1281 640 1316 interitum
674 1282 713 1316 in
738 1282 942 1317 Puteolano
975 1282 1020 1317 de
1052 1281 1148 1325 fato,
1185 1284 1226 1317 ut
1257 1281 1288 1317 is
1320 1283 1416 1318 liber

70 1329 176 1375 quasi
210 1330 510 1375 supplementum
545 1331 643 1364 esset
674 1330 787 1364 trium
818 1330 997 1364 librorum
1028 1329 1074 1364 de
1105 1331 1237 1364 natura
1263 1330 1416 1365 deorum

69 1379 109 1413 et
140 1377 294 1412 duorum
326 1376 503 1411 librorum
535 1377 582 1411 de
614 1376 843 1412 divinatione
876 1377 986 1421 (conf.
1013 1376 1059 1412 de
1086 1376 1200 1413 divin.
1226 1378 1261 1412 H
1287 1388 1367 1431 (331)ζ
1396 1383 1412 1412 1

69 1429 89 1468 ἓ
115 1426 168 1469 3),
201 1425 240 1459 et
269 1424 340 1458 hac
368 1423 627 1477 disputatione
660 1425 788 1458 contra
812 1423 1053 1459 Posidonium
1086 1425 1277 1470 suscepta,
1311 1425 1415 1459 cuius

69 1471 192 1517 ipsum
217 1470 441 1516 principium
467 1470 643 1506 amissum
670 1473 744 1513 est,
771 1471 903 1506 docere
930 1473 1095 1514 conatur,
1123 1471 1154 1506 si
1179 1471 1248 1506 fati
1272 1472 1415 1507 nullum

71 1520 170 1554 esset
199 1529 352 1562 nomen,
386 1517 490 1552 nulla
514 1519 646 1552 natura
672 1519 710 1553 et
735 1517 809 1561 vis,
845 1519 877 1552 si
901 1517 1014 1562 forte,
1049 1519 1206 1561 temere,
1239 1529 1326 1553 casu
1352 1521 1416 1554 aut

69 1566 247 1612 pleraque
277 1565 409 1600 fierent
439 1566 505 1600 aut
536 1565 676 1607 omnia⁷
708 1576 784 1600 non
814 1565 926 1600 aliter
956 1576 1000 1600 ac
1030 1577 1128 1600 nunc
1154 1566 1278 1600 omnia
1303 1577 1412 1601 even—

69 1616 170 1656 tura,
204 1611 300 1647 nihil
333 1612 449 1657 igitur
473 1612 631 1647 attinere
657 1612 843 1655 inculcare
870 1612 1006 1655 fatum,
1044 1624 1117 1657 quo
1145 1613 1291 1648 sublato
1318 1615 1415 1648 ratio

69 1671 191 1695 rerum
227 1659 391 1694 omnium
424 1659 472 1694 acl
505 1660 675 1694 naturam
707 1659 940 1695 fortunamve
972 1659 1170 1695 referretur
1201 1662 1296 1706 (cap.
1325 1666 1390 1696 1—
1395 1666 1415 1697 3

70 1711 91 1750 ἓ
118 1712 183 1742 1-
188 1708 233 1750 6).
284 1706 428 1741 Deinde
460 1707 627 1751 sequitur
657 1706 863 1752 disputatio
896 1718 979 1741 cum
1012 1706 1220 1753 Chrysippo
1253 1708 1299 1743 de
1331 1719 1417 1743 con-

70 1754 221 1799 tagione
253 1765 374 1788 rerum
407 1755 445 1788 et
470 1753 515 1788 de
541 1755 694 1788 naturae
721 1754 999 1796 coniunctione,
1035 1765 1145 1798 quam
1172 1753 1416 1800 συμπάθειαν

71 1802 224 1844 vocant3
265 1811 338 1845 qua
365 1800 491 1836 Cicero
524 1800 635 1836 docet
665 1801 780 1844 effici,
816 1803 858 1836 ut
889 1801 955 1835 alii
981 1801 1027 1835 ad
1057 1801 1133 1835 alia
1156 1802 1416 1848 propensiores

73 1849 148 1883 sint
192 1848 239 1883 ob
285 1858 413 1883 causas
450 1848 639 1883 naturales
684 1849 722 1883 et
763 1859 884 1884 rerum
927 1848 1220 1892 antecessiones,
1262 1861 1337 1884 non
1375 1851 1417 1885 ut

71 1895 307 1931 voluntatum
344 1896 554 1930 nostrarum
591 1896 701 1940 atque
739 1895 1013 1941 appetitionum
1047 1895 1142 1930 tales
1175 1897 1252 1931 sint
1284 1908 1416 1932 causae

73 1945 166 1988 (cap.
187 1947 253 1977 4-
259 1947 279 1978 8
305 1946 324 1985 ξ
345 1947 411 1977 7-
370 1945 487 1986 -.16)
532 1943 609 1977 13111
635 1942 681 1977 ad
701 1942 856 1978 Diodori
881 1943 968 1987 περὶ
994 1943 1166 1978 δυνατῶν
1192 1944 1416 1979 sententiam

73 2000 113 2025 se
144 1989 259 2025 vertit
288 1989 384 2024 nihil
414 2000 523 2035 posse
555 1989 634 2024 fieri
666 1990 870 2033 censentis,
901 1989 975 2024 nisi
1001 1989 1099 2034 quod
1124 2001 1252 2025 verum
1277 1993 1343 2026 aut
1368 1991 1418 2026 sit

72 2037 138 2072 aut
161 2036 326 2071 futurum
351 2037 400 2071 sit
425 2040 519 2090 (cap3
540 2041 561 2072 9
587 2041 606 2079 ἓ
628 2041 717 2072 17-
677 2039 789 2081 -—.20)
835 2018 927 2072 T'um
953 2037 999 2071 ad
1021 2036 1268 2083 Chrysippum
1293 2039 1418 2084 pergit

72 2084 127 2119 ita
151 2084 455 2118 ratiocinantem:
489 2084 520 2117 si
546 2083 596 2118 sit
619 2084 742 2118 motus
769 2084 847 2119 sine
874 2095 1002 2127 causa,
1033 2096 1108 2119 non
1135 2096 1280 2120 omnem
1305 2097 1417 2120 enun-

74 2130 269 2166 tiationem
301 2132 365 2165 aut
395 2141 521 2165 veram
546 2132 612 2165 aut
636 2131 769 2165 falsam
793 2131 888 2175 fore;
921 2142 1024 2175 nam,
1057 2131 1157 2176 quod
1181 2143 1255 2167 non
1281 2133 1418 2185 habeat

76 2189 204 2213 causas
237 2177 457 2222 efficientes,
489 2178 529 2212 id
552 2189 622 2212 nec
646 2189 774 2212 verum
798 2190 867 2214 nec
881 2159 1027 2213 falsuni
1052 2178 1147 2222 f01e3
1180 2181 1322 2214 motum
1348 2179 1418 2224 igi-

74 2226 136 2259 tur
166 2225 244 2260 sine
271 2236 381 2260 causa
405 2224 549 2259 nullum
575 2236 671 2267 esse,
705 2237 777 2269 quo
802 2225 926 2271 posito
952 2236 1073 2260 rerum
1099 2226 1417 2261 antecessionibus

75 2271 155 2306 fieri
181 2271 317 2315 omnia;
346 2272 383 2306 id
410 2272 441 2306 si
466 2272 520 2306 ita
540 2271 601 2315 sit,
626 2272 703 2307 fato
724 2272 804 2307 fieri
824 2273 956 2309 omnia.
995 2272 1054 2307 Ad
1072 2272 1165 2308 haec
1185 2273 1311 2308 Cicero
1334 2283 1418 2307 con-

77 2319 177 2353 cedit
202 2319 347 2362 quidem
369 2320 512 2354 motum
531 2319 677 2354 nullum
697 2319 774 2354 sine
797 2331 906 2354 causa
926 2331 1018 2363 esse,
1043 2331 1162 2363 neque
1182 2331 1281 2363 vero,
1308 2330 1420 2364 quae-
