1685 2568
187 1425 227 1455 11

256 86 338 127 148
722 83 786 119 DE
811 82 1131 119 DIVINATIONE

254 181 488 237 disputatio
527 180 609 222 tibi
644 179 747 235 ipsi,
787 182 836 221 ut
865 180 911 221 in
941 181 1130 221 extremo
1162 179 1292 221 tertio
1325 180 1493 236 scribis,
1534 181 1588 223 ad

252 241 480 283 veritatem
512 241 578 281 est
609 238 701 280 visa
731 238 995 293 propensior.
1050 236 1143 292 Sed,
1176 237 1288 292 quod
1317 239 1589 292 praetermis—

254 314 348 341 sum
384 301 450 340 est
486 298 532 339 in
567 296 655 338 illis
692 296 816 338 libris
854 295 1014 352 (credo,
1053 296 1153 351 quia
1183 297 1445 339 commodius
1478 298 1588 339 arbi-

251 360 393 399 tratus
426 371 469 398 es
502 355 735 411 separatim
766 354 810 396 id
836 355 982 409 quaeri
1008 355 1141 410 deque
1171 369 1219 396 eo
1247 354 1428 410 disseri),
1453 356 1497 397 id
1523 359 1588 398 est

254 417 303 458 de
336 415 610 469 divinatione,
643 428 750 468 quae
783 416 849 454 est
880 427 1026 455 earum
1058 428 1211 468 rerum,
1244 428 1351 468 quae
1381 413 1587 456 fortuitae
1625 429 1641 454 5

253 477 475 530 putantur,
516 471 750 528 praedictio
790 474 918 526 atque
956 472 1222 527 praesensio,
1262 472 1321 527 id,
1363 472 1399 513 si
1435 473 1588 528 placet,

252 533 472 575 videamus
513 546 641 586 quam
672 530 834 574 habeat
864 529 953 572 vim
984 533 1028 572 et
1060 531 1185 586 quale
1218 530 1286 572 sit.
1347 530 1442 587 Ego
1476 532 1589 573 enim

254 592 314 634 sic
347 591 556 645 existimo,
589 590 626 632 si
657 589 745 630 sint
777 603 827 630 ea
855 603 1012 645 genera
1037 589 1255 631 divinandi
1280 604 1393 644 vera,
1425 589 1474 631 de
1502 591 1589 645 qui-

252 652 333 692 bus
360 649 598 705 accepimus
626 662 817 702 quaeque
839 648 1030 702 colimus,
1056 662 1147 690 esse
1168 648 1280 703 deos,
1306 648 1590 703 vicissimque,

255 710 291 751 si
323 709 366 750 di
397 709 495 762 sint,
527 721 618 748 esse
651 705 724 761 qui
756 706 956 748 divinent.
1012 706 1167 749 Arcem
1198 709 1246 748 tu
1278 707 1448 761 quidem
1480 706 1589 749 Stoi·
1609 722 1642 747 10

254 783 411 822 corum,
442 767 630 820 inquam,
662 763 827 819 Quinte,
861 764 1061 819 defendis,
1094 765 1303 820 siquidem
1330 765 1417 808 ista
1441 766 1502 808 sic
1527 781 1589 808 re-

254 827 543 882 ciprocantur,
581 826 629 865 ut
667 825 726 878 et,
764 823 801 864 si
839 823 1044 865 divinatio
1078 823 1152 878 sit,
1191 824 1233 865 di
1265 824 1351 865 sint
1382 827 1442 880 et,
1480 825 1516 866 si
1548 825 1589 866 di

254 886 353 940 sint,
386 884 443 926 sit
468 881 688 924 divinatio.
738 880 927 930 Quorum
950 884 1150 924 neutrum
1176 885 1267 923 tam
1291 882 1429 938 facile,
1462 898 1588 938 quam

252 948 301 986 tu
339 942 583 996 arbitraris,
621 941 876 983 conceditur.
938 940 1052 982 Nam
1091 944 1133 982 et
1169 943 1326 982 natura
1357 941 1590 997 significari

252 1003 400 1044 futura
432 1001 523 1043 sine
556 1001 632 1042 deo
665 1002 848 1054 possunt
880 1002 934 1054 et,
965 1002 1014 1041 ut
1040 999 1126 1041 sint
1153 999 1206 1055 di,
1237 1002 1382 1054 potest
1406 1001 1511 1056 fieri,
1542 1004 1590 1042 ut
1610 1015 1642 1040 15

252 1062 375 1103 nulla
406 1061 459 1102 ab
491 1060 544 1101 iis
577 1058 783 1100 divinatio
817 1058 961 1114 generi
993 1058 1180 1100 humano
1206 1059 1371 1100 tributa
1397 1059 1464 1100 sit.
1514 1058 1590 1101 At·

255 1135 335 1175 que
361 1119 452 1161 ille:
484 1118 593 1160 Mihi
617 1132 730 1171 vero,
756 1117 908 1172 inquit,
936 1117 1042 1159 satis
1069 1120 1136 1158 est
1161 1118 1404 1173 argumenti
1430 1120 1472 1159 et
1498 1132 1589 1160 esse

255 1180 355 1221 deos
383 1180 426 1219 et
452 1191 524 1219 eos
545 1176 764 1218 consulere
784 1177 910 1217 rebus
930 1176 1141 1230 humanis,
1167 1176 1280 1230 quod
1299 1190 1391 1218 esse
1412 1177 1528 1230 clara
1548 1179 1590 1218 et

253 1237 481 1293 perspicua
512 1235 787 1277 divinationis
820 1249 977 1290 genera
1007 1235 1158 1276 iudico.
1207 1234 1271 1276 De
1304 1235 1456 1289 quibus
1489 1236 1590 1290 quid

253 1297 346 1351 ipse
378 1295 572 1348 sentiam,
608 1293 645 1334 si
674 1293 828 1348 placet,
861 1308 1083 1348 exponam,
1112 1293 1175 1334 ita
1205 1296 1361 1348 tamen,
1395 1294 1431 1335 si
1462 1309 1589 1336 vacas
1610 1308 1643 1333 20

256 1355 397 1397 animo
429 1367 565 1407 neque
596 1351 729 1393 habes
763 1352 941 1406 aliquid,
981 1352 1093 1406 quod
1123 1352 1221 1394 huic
1253 1353 1439 1394 sermoni
1470 1368 1589 1408 prae-

256 1412 506 1456 vertendum
545 1413 681 1466 putes.
748 1409 843 1466 Ego
884 1425 1004 1465 vero,
1044 1411 1238 1465 inquam,
1277 1411 1589 1466 philosophiae,

256 1472 430 1525 Quinte,
474 1484 641 1525 semper
683 1483 805 1523 vaco3
849 1469 930 1512 hoc
968 1471 1110 1511 autem
1148 1471 1358 1524 tempore,
1400 1485 1495 1512 cum
1534 1471 1591 1512 sit

255 1531 363 1572 nihil
396 1528 524 1583 aliud,
557 1527 669 1583 quod
699 1527 897 1569 lubenter
928 1542 1054 1584 agere
1080 1528 1256 1583 possim,
1287 1529 1424 1570 multo
1451 1529 1589 1585 magis

256 1604 360 1632 aveo
393 1588 550 1641 audire,
581 1586 632 1628 de
664 1586 924 1628 divinatione
957 1587 1059 1641 quid
1089 1586 1262 1628 sentias.
1609 1600 1642 1626 25

343 1647 476 1702 Nihil,
507 1645 658 1700 inquit,
690 1645 885 1700 equidem
909 1646 1022 1700 novi,
1046 1660 1123 1687 nec
1149 1645 1263 1700 quod
1286 1648 1457 1701 praeter
1482 1649 1589 1688 cete-

255 1721 327 1749 ros
351 1706 444 1762 ipse
471 1705 672 1758 sentiam3
700 1718 800 1745 nam
827 1719 923 1746 cum
949 1704 1293 1758 antiquissimam
1319 1704 1588 1759 sententiam,

256 1768 348 1807 tum
381 1764 571 1806 omnium
602 1764 858 1818 populorum
889 1765 932 1804 et
964 1763 1155 1819 gentium
1181 1777 1388 1805 consensu
1413 1777 1589 1818 conpro-

256 1824 403 1865 batam
436 1836 601 1877 sequor.
649 1821 745 1863 Duo
777 1824 877 1863 sunt
906 1822 1017 1863 enim
1044 1821 1262 1864 divinandi
1288 1836 1456 1877 genera,
1488 1836 1589 1877 quo-

257 1897 352 1923 rum
397 1882 581 1923 alterum
625 1880 731 1922 artis
772 1883 853 1935 est,
897 1881 1080 1922 alterum
1117 1882 1306 1922 naturae.
1369 1879 1485 1929 Quae
1523 1884 1588 1923 est
1608 1892 1641 1918 3ο

258 1943 401 1982 autem
439 1954 543 1996 gens
582 1941 656 1981 aut
694 1954 800 1994 quae
838 1939 1006 1994 civitas,
1045 1953 1151 1994 quae
1192 1953 1279 1980 non
1311 1941 1385 1980 aut
1417 1939 1588 1994 extispi-

258 2014 353 2042 cum
386 2001 460 2040 aut
485 2000 679 2040 monstra
710 2000 784 2039 aut
814 1997 987 2054 fulgora
1016 1997 1392 2052 interpretantium
1420 2000 1493 2039 aut
1519 2013 1588 2040 au-

258 2071 412 2114 gurum
454 2060 528 2098 aut
568 2057 885 2112 astrologorum
926 2059 1000 2098 aut
1037 2057 1217 2098 sortium
1256 2054 1325 2111 (ea
1356 2057 1467 2098 enim
1498 2056 1586 2098 fere

259 2117 364 2159 artis
403 2114 520 2172 sunt)
560 2117 634 2156 aut
670 2115 931 2157 somniorum
969 2117 1042 2157 aut
1079 2115 1433 2157 vaticinationum
1465 2113 1587 2170 (haec

259 2175 370 2217 enim
403 2174 484 2216 duo
515 2174 731 2215 naturalia
760 2173 985 2230 putantur)
1016 2174 1306 2229 praedictione
1335 2174 1585 2216 moveatur?
1606 2184 1639 2210 35

259 2233 446 2283 Quarum
485 2232 653 2288 quidem
690 2247 832 2274 rerum
869 2235 1020 2274 eventa
1057 2232 1195 2289 magis
1234 2232 1421 2274 arbitror
1458 2247 1584 2287 quam

258 2307 406 2335 causas
440 2291 586 2348 quaeri
618 2293 824 2347 oportere.
874 2291 956 2333 Est
988 2291 1101 2334 enim
1126 2291 1190 2334 vis
1217 2293 1260 2333 et
1282 2293 1437 2333 natura
1464 2306 1587 2346 quae-
