1685 2568
461 103 548 139 LIB.
576 103 602 139 Ι.
631 103 731 138 CAP.
761 107 860 138 1—3.
888 107 906 146 s
932 106 1034 138 3—8.
1329 104 1414 146 383

79 199 210 242 Potes
254 202 398 242 autem
432 201 482 241 tu
517 198 710 254 profecto
748 197 854 239 satis
890 197 1030 239 facere
1067 197 1112 239 in
1150 212 1216 252 ea,
1260 198 1417 253 quippe

81 273 210 313 quom
243 258 300 300 sit
331 272 450 313 opus,
481 260 531 299 ut
560 257 641 298 tibi
668 256 838 311 quidem
864 256 998 297 videri
1025 256 1147 309 solet,
1178 271 1311 297 unum
1336 257 1417 298 hoc

81 317 318 360 oratorium
355 315 550 358 maxime.
612 315 750 364 Quam
788 315 842 357 ob
880 329 970 356 rem
1005 314 1255 370 adgredere,
1294 329 1418 369 quae·
1443 325 1463 356 6

81 390 240 430 sumus,
272 378 315 417 et
346 389 465 416 sume
498 374 550 416 ad
580 374 692 416 hanc
722 388 813 415 rem
845 375 1028 428 tempus,
1060 388 1167 427 quae
1200 375 1266 414 est
1297 388 1323 414 a
1346 387 1419 415 no-

45 446 62 472 5
82 434 183 476 stris
214 434 461 476 hominibus
493 433 630 475 adhuc
662 435 737 474 aut
768 433 970 487 ignorata
995 434 1070 473 aut
1094 432 1256 473 relicta.
1304 430 1419 473 Nam

80 496 181 549 post
206 493 374 535 annalis
400 492 652 547 pontificum
678 491 976 544 maximorum,
1009 490 1163 545 quibus
1189 490 1299 531 nihil
1324 492 1419 545 pot·

80 554 148 594 est
191 566 284 593 esse
326 551 526 604 ieiunius,
571 551 608 592 si
657 553 732 592 aut
775 550 828 591 ad
865 549 1048 591 Fabium
1093 552 1168 590 aut
1212 548 1265 590 ad
1310 563 1419 603 eum,

82 611 155 665 qui
185 610 267 652 tibi
298 624 466 664 semper
496 610 541 650 in
573 623 644 650 ore
677 611 755 662 est,
787 607 1007 662 Catonem,
1039 610 1114 649 aut
1140 607 1193 649 ad
1217 606 1420 649 Pisonem

81 672 156 711 aut
188 669 242 710 ad
259 667 470 710 Fannium
497 670 571 710 aut
597 668 649 709 ad
670 667 943 708 Vennonium
968 667 1127 721 venias,
1160 680 1421 721 quamquam

29 742 62 767 10
81 743 132 770 ex
162 728 230 769 his
262 727 373 769 alius
405 727 490 769 alio
522 727 620 782 plus
651 726 784 768 habet
815 726 988 780 virium,
1019 728 1165 767 tamen
1197 725 1299 780 quid
1329 728 1421 766 tam

82 787 191 829 exile
224 801 353 841 quam
383 786 458 827 isti
490 786 667 827 omnes?
714 784 868 826 Fannii
899 787 1043 826 autem
1069 784 1201 826 aetati
1227 784 1422 826 coniunc-

80 849 152 888 tus
188 844 422 900 Antipater
463 844 593 899 paulo
636 843 803 886 inflavit
846 843 1141 885 vehementius
1184 843 1421 897 habuitque

81 905 194 947 vires
232 904 417 960 agrestis
454 903 528 945 ille
567 903 737 958 quidem
769 905 897 957 atque
929 902 1126 944 horridas
1159 902 1249 943 sine
1280 902 1421 943 nitore

82 979 131 1006 ac
161 963 391 1019 palaestra,
424 962 498 1004 sed
529 964 676 1004 tamen
707 962 934 1003 admonere
966 961 1156 1015 reliquos
1186 961 1341 1015 potuit,
1373 962 1423 1001 ut

29 1035 62 1060 15
83 1022 328 1064 adcuratius
379 1021 626 1063 scriberent.
693 1020 802 1062 Ecce
853 1022 997 1062 autem
1041 1034 1280 1061 successere
1323 1019 1423 1060 huic

81 1082 229 1135 †belli
260 1080 454 1134 Clodius,
486 1080 670 1134 Asellio,
700 1079 810 1120 nihil
843 1079 896 1120 ad
927 1077 1142 1133 Coelium,
1175 1078 1249 1120 sed
1276 1078 1421 1133 potius

83 1141 136 1182 ad
180 1140 455 1194 antiquorum
499 1140 751 1194 languorem
792 1141 834 1179 et
873 1137 1101 1179 inscitiam.
1168 1136 1283 1178 Nam
1321 1136 1422 1191 quid
1448 1144 1468 1176 7

81 1199 275 1240 Macrum
306 1198 556 1240 numerem?
589 1197 708 1239 cuius
739 1197 980 1251 loquacitas
1012 1196 1144 1237 habet
1170 1195 1334 1250 aliquid
1360 1210 1423 1237 ar-

84 1258 320 1314 gutiarum,
359 1271 437 1298 nec
476 1257 520 1298 id
559 1259 706 1298 tamen
746 1270 797 1297 ex
836 1255 915 1297 illa
957 1255 1124 1297 erudita
1162 1253 1422 1296 Graecorum

29 1329 64 1355 20
83 1317 218 1372 copia,
249 1315 333 1358 sed-
355 1330 406 1357 ex
436 1315 673 1357 librariolis
698 1314 878 1369 Latinis,
908 1314 954 1355 in
985 1313 1252 1356 orationibus
1279 1315 1423 1354 autem

83 1376 233 1429 multa,
266 1374 340 1416 sed
369 1374 517 1429 inepta
549 1374 693 1427 elatio,
726 1388 893 1415 summa
924 1373 1186 1428 inpudentia.
1231 1371 1423 1425 Sisenna,

83 1435 174 1477 eius
206 1434 380 1488 amicus,
411 1447 558 1474 omnes
593 1433 730 1474 adhuc
760 1435 933 1474 nostros
966 1432 1210 1487 scriptores,
1240 1431 1325 1472 nisi
1350 1430 1424 1485 qui

81 1493 196 1536 forte
238 1493 427 1535 nondum
471 1492 712 1545 ediderunt,
755 1491 806 1532 de
850 1491 1004 1546 quibus
1049 1490 1294 1532 existimare
1336 1504 1425 1531 non

83 1566 325 1608 possumus,
354 1551 482 1592 facile
514 1551 744 1606 superavit.
796 1549 838 1591 Is
870 1553 1016 1592 tamen
1043 1564 1181 1604 neque
1208 1552 1354 1591 orator
1379 1549 1424 1590 in

31 1622 66 1649 25
84 1625 262 1653 numero
305 1613 450 1652 vestro
493 1624 696 1664 umquam
740 1612 806 1650 est
849 1609 1024 1650 habitus
1068 1611 1112 1649 et
1154 1608 1200 1649 in
1241 1608 1424 1649 historia

84 1670 249 1726 puerile
282 1669 483 1724 quiddam
514 1670 798 1722 consectatur,
828 1670 877 1709 ut
905 1683 1037 1709 unum
1063 1666 1330 1709 Clitarchum
1354 1681 1424 1707 ne-

86 1743 168 1784 que
199 1731 424 1784 praeterea
454 1742 712 1782 quemquam
744 1727 794 1768 de
827 1726 1002 1768 Graecis
1035 1726 1192 1782 legisse
1217 1726 1424 1779 videatur,

85 1803 183 1830 eum
220 1790 368 1829 tamen
403 1786 515 1828 velle
547 1787 771 1828 dumtaxat
801 1785 982 1840 imitari3
1020 1799 1147 1840 quem
1179 1785 1216 1826 si
1248 1784 1425 1838 adsequi

85 1849 245 1902 posset,
277 1847 547 1900 aliquantum
578 1845 632 1887 ab
666 1848 842 1900 optumo
874 1847 1022 1886 tamen
1053 1844 1235 1885 abesset.
1285 1842 1425 1892 Quare

33 1917 67 1943 ³0
85 1909 208 1947 tuum
234 1908 300 1947 est
324 1918 478 1946 munus
504 1905 597 1958 hoc,
630 1919 654 1945 a
679 1907 721 1945 te
749 1906 1010 1959 expectatur,
1034 1903 1119 1944 nisi
1145 1902 1246 1957 quid
1266 1901 1424 1951 Quinto

83 1965 253 2006 videtur
285 1978 416 2006 secus.

175 2024 219 2076 Q.
250 2023 358 2065 Mihi
389 2037 490 2064 vero
521 2022 649 2075 nihil,
681 2024 723 2063 et
755 2036 881 2077 saepe
914 2021 964 2063 de
994 2021 1080 2063 isto
1113 2020 1327 2063 conlocuti
1360 2035 1425 2061 su-

86 2097 193 2124 mus.
261 2081 343 2123 Sed
387 2084 453 2123 est
497 2081 706 2136 quaedam
749 2081 862 2122 inter
903 2095 982 2122 nos
1026 2095 1162 2135 parva
1204 2080 1425 2121 dissensio.

86 2146 183 2184 ATT.
209 2140 326 2190 Quae
357 2141 559 2182 tandem?
603 2140 648 2191 Q.
674 2140 714 2181 A
741 2139 894 2194 quibus
919 2139 1187 2194 temporibus
1214 2137 1426 2181 scribendi

34 2210 68 2236 35
88 2200 231 2255 capiat
263 2200 493 2242 exordium.
542 2199 639 2254 Ego
672 2199 785 2240 enim
816 2199 871 2240 ab
901 2198 1069 2239 ultimis
1101 2212 1263 2250 censeo,
1296 2210 1427 2250 quon-

87 2259 173 2300 iam
222 2259 301 2300 illa
348 2259 408 2300 sic
455 2258 617 2313 scripta
663 2260 781 2311 sunt,
829 2259 879 2299 ut
914 2271 967 2299 ne
1004 2257 1206 2313 legantur
1244 2255 1427 2309 quidem,

87 2318 180 2372 ipse
213 2320 356 2359 autem
389 2318 611 2372 aequalem
638 2317 792 2358 aetatis
820 2331 920 2358 suae
946 2315 1199 2357 memoriam
1225 2314 1426 2368 deposcit,

1451 1999 1478 2081 ἓ
