1685 2568
236 99 292 139 20
644 98 708 132 DE
733 99 932 133 NATURA
957 98 1160 134 DEORUM

234 193 405 235 nionem
437 194 626 249 anquirit
658 194 824 236 animus
857 197 900 236 et
929 194 1113 236 formam
1146 196 1188 236 et
1213 194 1328 236 vitae
1355 195 1566 236 actionem

236 252 475 307 mentisque
508 253 790 306 agitationem
821 254 867 294 in
898 253 986 294 deo.

323 310 387 352 Ac
419 311 468 352 de
498 311 639 352 forma
670 311 840 365 quidem
870 312 1029 366 partim
1060 314 1216 353 natura
1245 325 1323 352 nos
1357 311 1567 365 admonet,

234 370 395 424 partim
432 370 543 411 ratio
583 370 716 411 docet.
777 369 890 411 Nam
928 385 952 411 a
988 373 1144 411 natura
1180 370 1387 411 habemus
1420 384 1566 411 omnes

235 428 425 470 omnium
459 428 651 483 gentium
677 429 860 483 speciem
885 429 1047 470 nullam
1074 429 1204 470 aliam
1231 429 1315 469 nisi
1336 428 1567 470 humanam
1604 441 1619 466 5

235 487 427 540 deorum3
469 501 576 540 quae
615 487 726 528 enim
758 487 897 528 forma
929 487 1013 528 alia
1044 487 1227 529 occurrit
1257 487 1461 540 umquam
1493 489 1568 528 aut

233 545 435 600 vigilanti
473 545 669 599 cuiquam
708 548 782 587 aut
820 546 1075 587 dormienti?
1137 545 1219 587 Sed
1249 560 1302 587 ne
1334 546 1477 587 omnia
1507 560 1568 587 re-

233 606 438 645 vocentur
482 604 534 645 ad
576 605 737 658 primas
780 604 996 646 notiones:
1043 605 1153 646 ratio
1195 604 1276 646 hoc
1319 604 1431 645 idem
1474 604 1569 658 ipsa

163 674 207 705 47
235 662 435 704 declarat.
496 661 610 704 Nam
648 678 743 704 cum
782 663 1213 717 praestantissumam
1244 665 1462 717 naturam,
1499 663 1568 704 vel

234 721 333 775 quia
359 722 485 763 beata
511 724 576 762 est
601 722 668 762 vel
695 721 794 776 quia
820 722 1089 776 sempiterna,
1122 722 1346 763 convenire
1373 722 1567 763 videatur
1588 734 1620 759 10

233 780 411 821 eandem
444 794 535 821 esse
566 779 918 834 pulcherrimam,
951 795 1058 834 quae
1090 780 1328 835 conpositio
1360 780 1568 821 membro-

232 854 338 894 rum,
383 853 490 893 quae
535 839 818 880 conformatio
857 839 1222 893 liniamentorum,
1267 853 1374 893 quae
1417 839 1568 894 figura,

233 912 340 952 quae
391 897 551 952 species
601 897 790 938 humana
838 900 982 952 potest
1026 912 1116 938 esse
1159 897 1406 952 pulchrior?
1477 898 1566 939 Vos

233 956 420 1010 quidem,
459 955 614 1010 Lucili,
655 956 803 998 soletis
843 955 959 1011 (nam
993 955 1122 997 Cotta
1159 971 1277 997 meus
1317 956 1443 997 modo
1475 956 1567 1009 hoc,

232 1015 357 1056 modo
378 1013 515 1069 illud),
541 1030 636 1056 cum
663 1015 890 1056 artificium
917 1014 1122 1069 effingitis
1147 1014 1440 1069 fabricamque
1467 1015 1568 1055 divi·
1588 1027 1620 1052 15

230 1089 349 1128 nam,
388 1089 516 1128 quam
556 1074 641 1114 sint
680 1074 823 1114 omnia
858 1074 903 1114 in
935 1074 1121 1114 hominis
1153 1073 1293 1128 figura
1323 1088 1410 1115 non
1441 1073 1567 1115 modo

232 1132 285 1173 ad
325 1147 466 1186 usum,
507 1147 655 1173 verum
694 1133 824 1173 etiam
862 1132 914 1173 ad
951 1134 1222 1174 venustatem
1255 1135 1374 1187 apta,
1416 1132 1567 1173 descri-

161 1201 204 1232 48
232 1192 342 1232 bere.
423 1190 582 1239 Quodsi
632 1191 822 1232 omnium
871 1191 1154 1232 animantium
1203 1190 1388 1232 formam
1435 1191 1568 1232 vincit

232 1250 417 1291 hominis
458 1250 614 1305 figura,
660 1249 761 1291 deus
801 1253 943 1290 autem
981 1250 1175 1291 animans
1214 1253 1298 1303 est,
1343 1265 1391 1291 ea
1428 1250 1567 1304 figura

231 1309 424 1363 profecto
458 1311 535 1362 est,
569 1323 675 1362 quae
706 1308 996 1363 pulcherrima
1027 1309 1084 1349 sit
1110 1308 1316 1362 omnium3
1349 1309 1566 1362 quoniam·
1587 1321 1620 1345 ρο

233 1382 312 1422 que
345 1367 445 1408 deos
476 1367 750 1408 beatissimos
783 1381 874 1408 csse
906 1369 1087 1420 constat,
1118 1367 1270 1408 beatus
1303 1369 1446 1408 autem
1475 1381 1567 1409 esse

233 1426 323 1467 sine
354 1426 516 1468 virtute
547 1440 671 1467 nemo
704 1427 850 1480 potest
881 1440 958 1467 nec
989 1426 1126 1467 virtus
1159 1425 1249 1466 sine
1280 1426 1446 1467 ratione
1472 1440 1567 1467 con-

232 1487 346 1526 stare
377 1499 454 1526 nec
485 1484 596 1526 ratio
628 1499 810 1538 usquam
840 1484 978 1525 inesse
1009 1484 1093 1525 nisi
1123 1485 1168 1525 in
1198 1484 1384 1526 hominis
1415 1485 1566 1540 figura,

161 1553 204 1583 49
232 1543 418 1585 hominis
451 1558 543 1584 esse
576 1543 714 1598 specie
741 1543 840 1584 deos
868 1543 1155 1584 confitendum
1182 1545 1258 1584 est.
1306 1542 1396 1585 Nec
1421 1546 1567 1585 tamen

232 1617 281 1643 ea
320 1602 481 1657 species
519 1616 671 1656 corpus
711 1604 793 1655 est,
837 1602 910 1643 sed
949 1602 1071 1655 quasi
1108 1616 1277 1656 corpus,
1321 1617 1398 1643 nec
1435 1602 1566 1644 habet
1586 1614 1618 1639 25

164 1663 215 1703 19
232 1661 501 1716 sanguinem,
544 1661 617 1702 sed
658 1660 781 1715 quasi
819 1661 1080 1716 sanguinem.
1147 1660 1265 1702 Haec
1306 1676 1566 1715 quamquam

232 1722 274 1761 et
305 1720 479 1760 inventa
512 1721 611 1760 sunt
644 1719 808 1760 acutius
841 1722 884 1761 et
915 1719 1028 1761 dicta
1061 1719 1261 1760 subtilius
1288 1720 1341 1761 ab
1367 1720 1564 1774 Epicuro,

233 1793 360 1832 quam
392 1781 440 1819 ut
473 1778 610 1832 quivis
644 1793 693 1820 ea
725 1779 863 1832 possit
895 1793 1137 1833 agnoscere,
1169 1781 1312 1820 tamen
1343 1778 1478 1819 fretus
1505 1778 1564 1819 in-

230 1837 480 1892 tellegentia
518 1839 663 1878 vestra
701 1837 862 1879 dissero
900 1837 1087 1890 brevius,
1134 1851 1261 1891 quam
1300 1852 1428 1878 causa
1460 1837 1564 1878 desi-

231 1896 362 1936 derat.
424 1896 634 1950 Epicurus
674 1898 833 1949 autem,
872 1895 943 1949 qui
981 1910 1046 1937 res
1087 1896 1274 1937 occultas
1314 1899 1355 1936 et
1392 1896 1562 1950 penitus
1583 1906 1616 1932 30

231 1954 400 1995 abditas
426 1969 512 1996 non
538 1955 663 1996 modo
690 1954 845 1995 viderit
871 1954 1024 2008 animo,
1054 1954 1127 1995 sed
1154 1954 1282 1995 etiam
1310 1954 1369 1996 sic
1395 1957 1564 2008 tractet,

229 2016 278 2054 ut
309 2027 451 2066 manu,
484 2013 606 2054 docet
638 2027 731 2054 eam
763 2027 855 2054 esse
887 2013 973 2054 vim
1007 2015 1048 2054 et
1073 2015 1271 2054 naturam
1299 2013 1484 2066 deorum,
1516 2016 1564 2054 ut

228 2071 414 2126 primum
445 2086 531 2113 non
563 2086 699 2124 sensu,
732 2072 806 2112 sed
837 2074 978 2112 mente
1010 2074 1207 2113 cernatur
1239 2086 1315 2113 nec
1347 2072 1564 2113 soliditate

230 2130 413 2184 quadam
456 2144 532 2172 nec
571 2130 624 2171 ad
660 2144 901 2183 numerum,
945 2132 993 2171 ut
1031 2145 1096 2182 ea,
1139 2145 1245 2184 quae
1283 2131 1357 2172 ille
1388 2133 1564 2186 propter

228 2189 479 2230 firmitatem
511 2187 741 2242 στερέμνια
774 2189 982 2243 appellat3
1021 2188 1093 2230 sed
1125 2189 1384 2242 imaginibus
1417 2189 1563 2231 simili—
1583 2201 1616 2226 35

228 2247 373 2289 tudine
418 2249 461 2288 et
503 2247 759 2289 transitione
797 2247 1010 2302 perceptis
1049 2262 1144 2289 cum
1181 2225 1350 2290 infinita
1388 2248 1564 2289 simillu-

228 2321 395 2348 marum
426 2306 664 2362 imaginum
694 2305 822 2348 series
850 2321 900 2347 ex
926 2307 1309 2349 innumerabilibus
1334 2306 1565 2349 individuis

170 287 220 327 18

165 339 209 370 46
