1685 2568
266 141 320 181 70
675 140 738 175 DE
764 140 966 175 NATURA
991 139 1195 174 DEORUM

263 251 360 279 cum
391 250 440 278 eo
473 250 641 277 summa
671 235 925 278 coniunctio.
986 234 1302 277 Effeminarunt
1333 237 1477 277 autem
1504 250 1601 277 eum

261 295 500 349 Iunonique
530 295 789 349 tribuerunt,
821 294 935 349 quocl
965 294 1074 335 nihil
1108 296 1173 335 est
1204 308 1253 336 eo
1279 294 1465 335 mollius.
1519 293 1602 335 Sed

261 353 469 396 Iunonem
502 369 527 395 a
558 353 742 395 iuvando
776 353 900 394 credo
925 353 1204 394 nominatam.
1255 353 1383 407 Aqua
1407 353 1601 394 restabat

263 416 306 455 et
329 416 458 465 terra,
484 414 533 453 ut
559 414 702 453 essent
729 426 778 453 ex
803 411 962 453 fabulis
988 412 1073 452 tria
1093 426 1227 467 regna
1246 411 1393 452 divisa.
1438 411 1601 453 Datum

263 474 329 513 est
371 471 506 525 igitur
546 469 767 524 Neptuno,
815 470 941 511 alteri
980 469 1114 524 Iovis,
1162 472 1210 511 ut
1253 471 1423 524 volunt,
1463 469 1601 524 fratri,
1638 483 1653 509 ⁵

263 530 529 571 maritimum
569 543 693 570 omne
724 542 927 584 regnum,
966 543 1206 584 nomenque
1238 529 1510 584 productum,
1553 532 1602 571 ut

261 588 478 630 Portunus
512 603 537 629 a
568 590 708 643 portu,
742 587 802 628 sic
827 586 1054 642 Neptunus
1087 603 1113 629 a
1142 588 1284 629 nando
1316 588 1494 642 paulum
1519 588 1603 643 pri-

263 647 344 689 mis
395 647 553 689 litteris
604 646 856 687 immutatis.
930 646 1117 688 Terrena
1163 649 1307 688 autem
1352 647 1416 688 vis
1463 647 1600 688 omnis

263 709 392 760 atque
428 708 585 747 natura
619 705 713 746 Diti
749 705 865 760 patri
903 704 1098 746 dedicata
1135 708 1216 759 est,
1259 706 1331 760 qui
1363 705 1513 760 Dives,
1554 708 1602 746 ut

262 765 375 820 apud
413 764 599 806 Graecos
637 762 876 817 Πλούτων,
922 764 1022 818 quia
1065 766 1107 805 et
1144 764 1338 806 recidunt
1377 765 1521 806 omnia
1557 764 1655 805 inm

262 827 399 866 terras
439 826 482 865 et
521 823 717 865 oriuntur
758 837 779 864 e
817 822 957 864 terris.
1020 821 1099 864 Cui
1128 827 1301 876 nuptam
1331 825 1472 865 dicunt
1500 823 1603 865 Pro-

262 883 495 938 serpinam,
534 882 647 936 quod
678 881 940 923 Graecorum
977 895 1134 922 nomen
1172 884 1255 936 est3
1299 896 1348 923 ea
1381 882 1493 923 enim
1526 884 1603 936 est,

263 956 370 997 quae
415 938 682 995 Περσεφόνη
728 939 888 982 Graece
937 941 1205 995 nominatur,
1257 955 1385 995 quam
1427 941 1603 996 frugum

263 1015 407 1042 semen
452 1014 544 1041 esse
587 1000 740 1041 volunt
781 999 1161 1054 absconditamque
1206 1000 1354 1054 quaeri
1397 1014 1422 1041 a
1464 1002 1602 1041 matre

193 1070 233 1100 67
263 1060 441 1115 fingunt.
503 1058 644 1100 Mater
681 1060 824 1100 autem
857 1060 924 1100 est
955 1073 981 1100 a
1012 1058 1209 1114 gerendis
1240 1057 1440 1114 frugibus
1474 1057 1601 1100 Ceres
1622 1072 1654 1097 15

261 1122 482 1173 tamquam
524 1116 700 1171 ‘Geres’‚
745 1132 928 1172 casuque
972 1118 1112 1172 prima
1155 1117 1303 1159 littera
1339 1117 1489 1158 itidem
1526 1118 1603 1159 im-

263 1180 442 1230 mutata,
473 1179 521 1218 ut
553 1191 578 1218 a
609 1175 803 1230 Graecis3
844 1191 944 1217 nam
977 1176 1030 1217 ab
1063 1176 1152 1217 illis
1185 1191 1353 1231 quoque
1386 1174 1602 1232 Δημήτηρ

263 1236 385 1291 quasi
420 1233 624 1289 Γημήτηρ
666 1235 891 1277 nominata
932 1237 1008 1276 est.
1069 1234 1163 1276 Iam
1205 1235 1277 1289 qui
1314 1250 1473 1291 magna
1513 1250 1603 1277 ver-

262 1298 385 1349 teret,
419 1294 605 1348 Mavors,
636 1293 830 1335 Minerva
862 1297 1017 1347 autem,
1050 1308 1157 1348 quae
1190 1294 1258 1335 vel
1290 1294 1503 1336 minueret
1533 1295 1603 1336 vel

191 1350 245 1391 27
262 1354 508 1396 minaretur.
572 1352 764 1407 Cumque
801 1353 845 1394 in
884 1353 1082 1394 omnibus
1114 1353 1241 1394 rebus
1274 1352 1361 1394 vim
1392 1353 1603 1394 haberent
1622 1367 1655 1391 20

262 1427 507 1455 maxumam
532 1412 673 1467 prima
699 1414 742 1452 et
768 1415 970 1466 extrema,
1002 1411 1239 1466 principem
1258 1411 1303 1452 in
1323 1412 1602 1454 sacrificando

260 1472 414 1514 Ianum
446 1485 538 1512 esse
570 1471 812 1524 voluerunt⁷
844 1470 956 1525 quod
989 1471 1042 1511 ab
1076 1470 1212 1512 eundo
1244 1485 1401 1512 nomen
1433 1473 1499 1512 est
1531 1471 1603 1512 du-

262 1534 397 1584 ctum,
438 1544 488 1571 ex
530 1544 612 1585 quo
651 1529 930 1571 transitiones
962 1529 1134 1584 perviae
1168 1529 1296 1570 ‘iani'
1327 1529 1527 1584 foresque
1557 1530 1603 1571 in

261 1589 482 1631 liminibus
532 1588 813 1644 profanarum
863 1588 1030 1630 aedium
1076 1587 1269 1630 ‘ianuae'
1313 1589 1602 1630 nominantur.

261 1648 375 1690 Nam
412 1647 572 1689 Vestae
614 1662 772 1689 nomen
815 1662 840 1689 a
878 1647 1071 1701 Graecis3
1116 1662 1166 1689 ea
1211 1649 1277 1688 est
1319 1647 1448 1701 enim,
1494 1663 1602 1702 quae
1621 1659 1653 1685 25

262 1708 316 1749 ab
360 1707 448 1748 illis
481 1703 631 1748 Ἐστία
669 1707 833 1748 dieitur.
895 1705 973 1747 Vis
1019 1708 1163 1748 autem
1203 1706 1291 1748 eius
1333 1706 1387 1748 ad
1424 1721 1520 1748 aras
1559 1709 1603 1748 et

260 1766 379 1808 focos
423 1765 622 1821 pertinet.
683 1764 836 1820 Itaque
880 1765 925 1806 in
968 1780 1018 1806 ea
1062 1765 1156 1819 dea,
1203 1764 1315 1820 quod
1354 1768 1420 1806 est
1458 1780 1602 1806 rerum

262 1828 406 1867 custos
447 1825 729 1879 intumarum7
774 1824 912 1866 omnis
955 1826 997 1865 et
1035 1823 1225 1879 precatio
1264 1826 1307 1865 et
1345 1824 1601 1866 sacrificatio

190 1899 234 1930 68
262 1886 452 1925 extrema
484 1885 560 1925 est.
611 1882 702 1926 Nee
732 1883 861 1939 longe
895 1883 1052 1924 absunt
1084 1883 1137 1924 ab
1169 1883 1250 1924 hac
1280 1882 1323 1924 vi
1356 1882 1397 1923 di
1416 1882 1600 1924 Penates

261 1943 350 1985 sive
389 1958 414 1984 a
450 1957 563 1998 penu
601 1942 728 1984 ducto
769 1942 941 1984 nomine
975 1940 1060 1998 (est
1091 1942 1203 1983 enim
1236 1956 1378 1995 omne,
1418 1956 1501 1996 quo
1534 1957 1600 1984 ve·
1620 1953 1652 1978 30

261 2004 439 2044 scuntur
470 2001 677 2056 homines7
709 2000 863 2056 penus)
897 2001 985 2042 sive
1017 2000 1071 2042 ab
1105 2015 1166 2055 eo,
1199 2000 1312 2055 quod
1342 2001 1514 2055 penitus
1539 2001 1600 2042 in-

260 2060 417 2114 sident3
457 2074 507 2101 ex
545 2074 628 2114 quo
668 2060 799 2101 etiam
838 2058 1113 2114 epenetrales’
1152 2074 1178 2101 a
1208 2059 1349 2114 poetis
1381 2062 1600 2101 vocantur.

258 2119 352 2161 Iam
384 2118 602 2174 Apollinis
635 2133 792 2160 nomen
825 2121 890 2160 est
923 2117 1145 2172 Graecum,
1178 2133 1304 2172 quem
1331 2116 1475 2160 Solem
1507 2133 1600 2160 esse

258 2179 420 2220 volunt.
465 2177 651 2218 Dianam
684 2179 829 2218 autem
855 2179 898 2218 et
917 2176 1083 2218 Lunam
1110 2177 1288 2218 eandem
1315 2192 1406 2218 esse
1431 2180 1599 2232 putant,

258 2252 354 2279 cum
386 2235 459 2278 Sol
492 2236 629 2278 dietus
663 2236 733 2290 sit7
764 2236 834 2277 vel
867 2235 967 2290 quia
999 2236 1116 2277 solus
1150 2251 1199 2277 ex
1229 2236 1428 2278 omnibus
1455 2237 1599 2278 sideri·
1617 2246 1650 2272 35

257 2297 337 2338 bus
379 2297 444 2337 est
475 2297 623 2336 tantus
654 2295 723 2336 vel
756 2295 872 2349 quia,
914 2310 1010 2336 oum
1042 2297 1107 2336 est
1140 2297 1324 2350 exortus,
1358 2295 1598 2337 obscuratis

257 2355 456 2397 omnibus
489 2354 606 2396 solus
640 2356 833 2409 apparet,
864 2353 985 2395 Luna
1017 2368 1042 2395 a
1068 2353 1246 2396 lucendo
1272 2354 1496 2396 nominata
1522 2354 1599 2408 sit;
