1685 2568
242 108 329 151 374
719 109 783 143 DE
807 109 870 144 RE
896 109 1102 145 PUBLICA

242 204 325 246 dux
369 206 412 245 et
453 204 651 259 princeps
693 208 735 246 et
775 205 1020 247 moderator
1055 205 1265 246 luminum
1303 205 1578 259 reliquorum,

241 277 360 305 mens
407 264 554 305 mundi
597 266 640 304 et
683 264 958 318 temperatio,
1006 266 1131 305 tanta
1173 264 1486 319 magnitudine,
1528 266 1577 305 ut

241 324 394 364 cuncta
425 336 502 364 sua
532 323 625 364 luce
652 323 808 363 lustret
834 325 877 363 et
903 322 1126 376 compleat.
1176 321 1301 363 Hunc
1326 325 1375 363 ut
1399 322 1576 364 comites

241 383 558 436 consequuntur
590 380 769 422 Veneris
802 381 929 435 alter,
965 381 1075 422 alter
1105 380 1306 422 Mercurii
1337 395 1502 434 curSUS,
1532 381 1578 422 in

240 440 471 494 infimoque
511 439 613 481 orbe
651 440 753 480 luna
789 439 919 480 radiis
959 440 1063 481 solis
1095 453 1272 481 accensa
1302 439 1576 481 convertitur.
1613 453 1629 480 5

240 498 360 540 Infra
400 500 544 540 autem
580 498 668 539 iam
703 497 811 538 nihil
848 500 914 539 est
950 498 1035 539 nisi
1072 498 1256 540 mortale
1294 500 1337 539 et
1373 498 1577 540 caducum

240 559 413 612 praeter
451 557 616 598 animos
655 571 829 598 munere
867 557 1042 598 deorum
1076 556 1299 598 hominum
1331 557 1478 613 generi
1509 556 1579 598 da-

240 619 322 669 108,
354 630 484 670 supra
516 616 663 656 lunam
695 617 795 656 sunt
821 618 996 657 aeterna
1024 615 1179 657 omnia.
1228 615 1342 657 Nam
1375 630 1436 670 ea,
1470 629 1578 669 quae

241 677 308 717 est
344 674 484 716 media
522 676 564 715 et
601 687 731 728 nona,
772 674 920 729 tellus,
957 689 1093 729 neque
1130 676 1328 716 movetur
1359 676 1401 715 et
1431 673 1579 715 infima

295 735 372 787 est,
407 735 450 774 et
480 733 527 773 in
558 746 651 773 eam
682 732 879 774 feruntur
911 733 1055 775 omnia
1083 735 1192 774 nutu
1223 747 1299 775 suo
1329 732 1531 788 pondera.
1598 748 1630 772 ιο
1670 728 1673 778 f

175 779 326 824 18(5)
383 790 499 840 Quae
531 805 627 833 cum
652 791 842 833 intuerer
868 794 1057 858 stupens,
1088 794 1137 833 ut
1162 806 1230 833 me
1254 791 1407 847 recepi,
1439 790 1578 840 Quid?

185 825 327 905 18111(Ξ,
366 850 559 904 inquam,
598 849 693 904 quis
730 852 813 904 est,
851 851 923 905 qui
961 850 1133 906 conplet
1172 864 1295 892 aures
1333 865 1450 892 meas
1488 852 1579 891 tan-

240 912 323 950 1118
349 911 392 950 81
427 912 519 951 tam
557 908 691 963 dulcis
733 884 892 951 soiius?
946 909 1029 951 Hic
1061 911 1144 963 est,
1181 909 1339 964 inquit,
1375 908 1468 963 ille,
1506 908 1579 963 qui

180 969 181 973 ’
241 967 483 1009 intervallis
525 958 760 1009 disiunctus
798 968 1039 1023 inparibus,
1080 968 1154 1010 sed
1190 970 1337 1009 tamen
1373 981 1451 1023 pro
1483 970 1579 1008 rata

173 1919 213 1950 19

240 1029 364 1081 parte
401 1026 569 1068 ratione
608 1026 820 1069 distinctis
858 1027 1032 1082 inpulsu
1064 1029 1107 1068 et
1138 1029 1260 1068 motu
1289 1027 1482 1081 ipsorum
1514 1040 1578 1068 or·
1598 1040 1630 1067 15

240 1085 358 1126 bium
397 1085 580 1127 efficitur
619 1088 661 1126 et
702 1088 827 1128 acuta
864 1100 959 1128 cum
997 1085 1201 1140 gravibus
1232 1088 1478 1140 temperans
1509 1099 1579 1126 va·
1668 1087 1671 1094 ’

240 1144 328 1186 rios
367 1144 651 1198 aequabiliter
689 1147 917 1186 concentus
955 1144 1105 1198 efficit3
1142 1159 1220 1186 nec
1256 1144 1369 1186 enim
1407 1143 1578 1185 silentio

240 1203 352 1244 tanti
377 1206 520 1244 motus
546 1203 717 1244 incitari
742 1206 935 1258 possunt,
962 1207 1004 1245 et
1024 1206 1181 1245 natura
1198 1203 1295 1257 fert,
1320 1205 1369 1244 ut
1389 1205 1579 1244 extrema

241 1277 291 1303 ex
316 1262 455 1303 altera
478 1264 602 1316 parte
629 1263 830 1317 graviter,
857 1277 907 1304 ex
934 1263 1073 1304 altera
1099 1265 1242 1304 autem
1269 1264 1391 1303 acute
1414 1263 1577 1303 sonent.
1668 1303 1669 1316 ἦ

240 1319 379 1369 Quam
416 1320 471 1362 ob
509 1335 682 1362 causam
720 1335 911 1362 summus
952 1321 1027 1363 ille
1064 1321 1172 1363 caeli
1203 1320 1385 1363 stellifer
1417 1334 1578 1373 cursus,
1597 1333 1631 1359 20
1667 1359 1669 1371 1

240 1379 359 1421 8111118
392 1379 614 1421 conversio
647 1382 712 1420 est
744 1380 1009 1434 concitatior,
1042 1383 1167 1422 acuto
1199 1382 1243 1421 et
1274 1379 1458 1421 excitato
1490 1393 1578 1420 mo-

240 1441 364 1480 vetur
405 1453 528 1492 sono,
570 1439 827 1493 gravissimo
869 1442 1012 1480 autem
1049 1439 1119 1480 hic
1156 1438 1319 1480 lunaris
1358 1441 1486 1492 atque
1517 1437 1579 1478 in-

239 1497 385 1551 fimus,
427 1511 528 1538 nam
571 1499 688 1538 terra
729 1512 843 1540 nona
885 1497 1106 1539 inmobilis
1143 1511 1320 1539 manens
1357 1511 1443 1538 una
1481 1496 1578 1537 sede

241 1570 409 1611 semper
444 1555 595 1597 haeret
632 1557 854 1611 complexa
890 1557 1075 1598 medium
1115 1556 1261 1597 mundi
1292 1556 1445 1597 locum.
1505 1554 1578 1596 Illi

240 1618 384 1657 autem
416 1617 513 1657 octo
546 1629 711 1668 cursus,
750 1616 794 1656 in
826 1616 980 1670 quibus
1014 1615 1159 1656 eadem
1190 1615 1256 1657 vis
1289 1617 1355 1656 881
1386 1614 1577 1668 duorum,
1597 1626 1631 1653 25

241 1676 405 1729 septem
446 1673 638 1715 efficiunt
676 1674 900 1716 distinctos
937 1674 1178 1715 intervallis
1217 1687 1363 1727 sonos,
1401 1673 1474 1728 qui
1504 1687 1579 1714 nu·
1666 1684 1667 1688 ’

241 1747 383 1774 merus
414 1747 557 1773 rerum
590 1733 780 1774 omnium
810 1733 900 1774 fere
930 1733 1066 1774 nodus
1099 1735 1182 1787 est;
1214 1732 1328 1787 quod
1359 1731 1474 1774 docti
1504 1731 1577 1772 ho-

241 1792 375 1832 mines
418 1791 562 1833 nervis
600 1791 762 1833 imitati
799 1794 926 1846 atque
964 1791 1160 1833 cantibus
1199 1793 1457 1846 aperuerunt
1495 1789 1578 1831 sibi

239 1850 425 1891 reditum
462 1850 507 1891 in
543 1850 656 1892 hunc
687 1851 846 1905 locum,
887 1851 997 1892 sicut
1029 1850 1121 1905 alii,
1154 1850 1226 1905 qui
1257 1849 1576 1905 praestantibus
1664 1889 1665 1896 ,

240 1909 422 1963 ingeniis
454 1909 499 1949 in
530 1908 621 1950 vita
651 1909 840 1951 humana
865 1909 1008 1950 divina
1034 1909 1176 1951 studia
1201 1909 1435 1951 coluerunt.
1483 1906 1578 1949 Hoc
1597 1921 1630 1946 30

241 1967 385 2009 sonitu
417 1967 616 2021 oppletae
649 1982 773 2009 aures
798 1968 1020 2009 hominum
1047 1968 1379 2021 obsurduerunt,
1409 1981 1487 2009 nec
1513 1968 1578 2007 est
1663 1968 1665 1979 ²

240 2027 354 2068 ullus
380 2026 576 2067 hebetior
602 2041 750 2068 sensus
777 2027 821 2068 in
846 2027 983 2081 vobis,
1010 2026 1132 2079 sicut,
1160 2027 1233 2068 ubi
1258 2026 1384 2067 Nilus
1412 2026 1462 2068 ad
1489 2025 1578 2079 illa,

242 2100 350 2140 quae
382 2084 605 2139 Catadupa
642 2086 936 2140 nominantur,
976 2086 1233 2140 praecipitat
1271 2100 1321 2127 ex
1353 2084 1576 2126 altissimis

241 2144 472 2197 montibus,
505 2158 554 2184 ea
587 2158 703 2199 gens,
736 2159 843 2198 quae
874 2146 999 2186 illum
1030 2145 1171 2186 locum
1199 2144 1370 2197 adcolit,
1401 2146 1577 2198 propter

242 2202 581 2258 magnitudinem
614 2204 779 2244 sonitus
813 2219 938 2245 sensu
971 2203 1167 2245 audiendi
1199 2205 1326 2245 caret.
1370 2202 1452 2244 Hic
1476 2215 1576 2243 vero
1597 2214 1629 2240 35
1661 2231 1663 2259 3

241 2265 389 2303 tantus
428 2264 493 2302 est
529 2262 663 2303 totius
696 2263 841 2303 mundi
871 2262 1175 2304 incitatissima
1206 2262 1481 2304 conversione
1513 2275 1577 2302 8ο-
1661 2259 1663 2265 ²

240 2321 375 2376 nitus,
419 2324 467 2362 ut
511 2335 607 2362 eum
650 2336 773 2363 aures
816 2321 1038 2363 hominum
1082 2335 1231 2374 capere
1272 2335 1358 2362 non
1398 2319 1578 2374 possint,
