1685 2568
218 81 299 123 140
624 79 688 114 DE
714 78 916 114 NATURA
941 76 1145 112 DEORUM

214 178 358 221 venire
396 180 508 220 certe
546 176 689 232 potuit
725 177 770 217 et
805 188 1058 216 conservare
1094 172 1213 214 urbis
1244 175 1389 214 tantas
1422 174 1550 226 atque

145 239 198 281 39
214 237 335 292 talis3
377 251 455 279 vos
500 235 613 277 enim
655 234 740 289 ipsi
778 233 914 275 dicere
953 232 1100 274 soletis
1137 231 1246 272 nihil
1284 245 1393 286 esse,
1438 230 1551 285 quod

146 303 188 338 s
215 296 317 337 deus
373 295 540 336 efficere
594 307 681 335 non
735 292 896 347 possit,
952 293 995 333 et
1045 290 1215 345 quidem
1265 289 1354 331 sine
1403 289 1551 331 labore

216 355 324 408 ullo;
366 355 416 395 ut
459 353 571 394 enim
613 351 838 393 hominum
881 350 1075 391 membra
1116 348 1238 390 nulla
1280 347 1551 390 contentione

216 414 358 454 mente
389 412 485 466 ipsa
516 425 565 453 ac
595 410 819 452 voluntate
851 411 1122 462 moveantur,
1163 407 1223 448 sic
1253 406 1426 448 numine
1459 405 1553 447 deo·
1590 416 1606 443 5

215 486 312 512 rum
345 470 489 512 omnia
518 469 638 523 fingi,
669 467 832 509 moveri
865 467 1106 521 mutarique
1138 480 1275 521 posse.
1329 464 1480 518 Neque
1509 463 1555 504 id

217 529 358 571 dicitis
397 527 695 584 superstitiose
734 528 862 579 atque
901 525 1090 579 aniliter,
1135 524 1209 566 sed
1244 523 1423 579 physica
1459 536 1555 564 con·

218 588 436 642 stantique
466 586 651 640 ratione3
682 584 910 626 materiam
935 584 1048 626 enim
1072 598 1226 637 rerum,
1259 597 1308 624 ex
1335 596 1419 636 qua
1443 583 1486 622 et
1510 580 1556 621 in

218 662 302 702 qua
334 646 477 688 omnia
509 645 613 697 sint,
644 646 784 686 totam
816 657 908 684 esse
938 642 1171 684 flexibilem
1203 644 1246 683 et
1277 639 1556 683 commutabi-

218 706 316 759 lem,
347 707 396 746 ut
422 703 532 745 nihil
560 703 628 757 sit,
660 702 773 757 quod
797 715 885 743 non
910 715 960 742 ex
986 716 1035 742 ea
1061 701 1255 755 quamvis
1282 699 1423 742 subito
1449 697 1556 753 fingi
1577 711 1607 736 10

218 763 494 816 convertique
531 761 688 817 possit,
726 760 816 802 eius
848 762 991 801 autem
1022 759 1245 801 universae
1276 758 1482 800 fictricem
1514 758 1557 797 et

184 821 547 879 &moderatricem
579 820 768 861 divinam
796 832 888 861 esse
914 818 1246 874 providentiam3
1276 817 1387 859 hanc
1410 816 1557 872 igitur,

220 894 487 935 quocumque
525 893 570 921 se
602 880 790 931 moveat,
830 877 996 919 efficere
1027 891 1171 932 posse,
1209 875 1409 930 quicquid
1439 874 1557 917 velit.

218 939 371 993 Itaque
410 940 485 980 aut
520 938 674 992 nescit,
713 936 814 991 quid
851 936 1007 990 possit,
1046 937 1121 977 aut
1156 935 1351 990 neglegit
1384 948 1452 975 res
1482 933 1558 974 hu·

219 1011 369 1039 manas
413 999 504 1051 aut,
549 996 652 1051 quid
688 995 745 1037 sit
783 995 1012 1049 optimum,
1055 1009 1142 1035 non
1177 996 1323 1049 potest
1359 992 1557 1034 iudicare.
1579 1002 1610 1029 15

148 1066 192 1097 93
218 1056 319 1098 Non
344 1058 467 1098 curat
492 1055 686 1111 singulos
712 1054 919 1095 homines.
961 1053 1062 1094 Non
1081 1053 1254 1106 mirum3
1284 1066 1337 1093 ne
1361 1051 1558 1093 civitates

220 1115 410 1170 quidem3
441 1129 528 1156 non
558 1115 675 1155 modo
706 1127 790 1166 eas,
821 1127 874 1154 ne
907 1112 1103 1153 nationes
1131 1111 1302 1166 quidem
1328 1112 1371 1152 et
1397 1111 1558 1166 gentes.

220 1174 382 1222 Quodsi
418 1173 497 1214 has
537 1172 667 1214 etiam
706 1173 966 1225 contemnet,
1005 1170 1106 1224 quid
1143 1170 1300 1211 mirum
1337 1171 1403 1210 est
1435 1182 1559 1210 omne

220 1233 274 1274 ab
313 1247 363 1274 ea
401 1245 535 1287 genus
572 1231 809 1272 humanum
846 1243 938 1272 esse
977 1228 1299 1284 contemptum?
1361 1226 1443 1269 Sed
1475 1240 1558 1281 quo

220 1291 347 1333 modo
390 1290 520 1332 iidem
563 1290 703 1332 dicitis
740 1303 827 1330 non
865 1288 1008 1330 omnia
1043 1288 1143 1329 deos
1175 1286 1391 1342 persequi,
1430 1286 1558 1326 iidem
1578 1299 1612 1324 20

220 1350 352 1391 voltis
390 1364 416 1391 a
453 1349 517 1390 dis
554 1347 859 1390 inmortalibus
890 1346 1136 1388 hominibus
1169 1345 1388 1401 dispertiri
1420 1359 1469 1386 ac
1500 1343 1558 1385 di-

220 1409 309 1450 vidi
340 1408 536 1450 somnia?
585 1406 749 1448 Idcirco
782 1405 887 1447 haec
917 1407 1071 1459 tecum,
1104 1404 1204 1459 quia
1236 1407 1380 1446 vestra
1412 1405 1477 1444 est
1509 1402 1559 1443 de

221 1467 487 1509 somniorum
512 1465 695 1507 veritate
722 1464 945 1507 sententia.
989 1463 1133 1518 Atque
1156 1463 1286 1504 iidem
1309 1463 1439 1504 etiam
1457 1463 1561 1503 vota

222 1525 382 1581 suscipi
413 1525 554 1567 dicitis
587 1526 797 1579 oportere.
852 1522 1017 1578 Nempe
1049 1522 1210 1577 singuli
1240 1523 1410 1575 vovent,
1442 1519 1561 1562 audit

220 1585 356 1640 igitur
396 1598 515 1626 mens
558 1583 702 1625 divina
739 1582 870 1624 etiam
908 1581 958 1623 de
995 1581 1191 1637 singulis.
1250 1579 1419 1622 Videtis
1456 1593 1558 1634 ergo
1578 1592 1612 1618 25

220 1658 308 1685 non
340 1657 432 1685 esse
465 1657 559 1684 eam
590 1644 683 1684 tam
715 1643 977 1696 occupatam,
1009 1655 1138 1695 quam
1169 1638 1420 1695 putabatis?
1475 1637 1560 1679 Fac

222 1716 315 1744 esse
353 1702 605 1755 distentam,
650 1700 815 1743 caelum
852 1701 1114 1753 versantem,
1157 1700 1319 1740 terram
1356 1698 1560 1750 tuentem,

222 1761 359 1802 maria
389 1760 703 1814 moderantem3
741 1773 815 1801 cur
845 1761 936 1800 tam
967 1758 1128 1799 multos
1161 1757 1261 1799 deos
1291 1756 1400 1798 nihil
1432 1769 1559 1811 agere

222 1822 266 1862 et
310 1834 477 1862 cessare
516 1819 711 1875 patitur?
756 1832 830 1860 cur
868 1831 955 1859 non
991 1817 1119 1858 rebus
1156 1814 1355 1857 humanis
1394 1814 1559 1868 aliquos

222 1878 386 1920 otiosos
419 1878 520 1920 deos
551 1877 763 1933 praeficit,
796 1876 869 1930 qui
899 1891 925 1917 a
955 1878 1016 1930 te,
1046 1875 1193 1929 Balbe,
1224 1872 1558 1915 innumerabiles
1580 1885 1614 1911 so

222 1937 425 1992 explicati
451 1937 580 1978 sunt?
630 1935 748 1977 Haec
772 1934 862 1976 fere
889 1934 1026 1976 dicere
1051 1933 1183 1975 habui
1210 1933 1260 1974 de
1285 1935 1441 1974 natura
1466 1931 1559 1973 deo-

222 2011 328 2050 rum,
359 2010 447 2037 non
476 1998 525 2036 ut
551 2009 645 2037 eam
670 1994 881 2046 tollerem,
914 1993 987 2034 sed
1011 1995 1059 2034 ut
1083 1991 1406 2047 intellegeretis,
1432 2005 1560 2045 quam

222 2057 336 2097 esset
367 2055 549 2096 obscura
581 2056 624 2095 et
656 2067 784 2107 quam
817 2052 1002 2093 difficilis
1035 2050 1272 2106 explicatus
1303 2050 1493 2092 haberet.

150 2093 208 2135 40
311 2112 428 2162 Quae
459 2127 556 2154 cum
588 2112 783 2164 dixisset,
820 2110 950 2152 Cotta
980 2110 1120 2151 finem.
1180 2109 1368 2151 Lucilius
1401 2110 1560 2150 autem:

151 2145 196 2176 94

222 2171 548 2225 Vehementius,
579 2170 731 2224 inquit,
763 2168 903 2223 Cotta,
935 2171 984 2211 tu
1016 2168 1186 2223 quidem
1216 2168 1409 2210 invectus
1441 2181 1485 2209 es
1516 2166 1561 2208 in
1580 2177 1614 2204 3⁵
1672 2195 1675 2214 .,

222 2246 317 2273 eam
338 2230 580 2273 Stoicorum
610 2229 834 2283 rationem,
867 2242 974 2282 quae
1006 2227 1057 2268 de
1087 2226 1357 2282 providentia
1388 2225 1561 2267 deorum

221 2291 276 2332 ab
308 2290 397 2332 illis
429 2288 712 2331 sanctissume
741 2289 784 2329 et
809 2286 1197 2343 providentissume
1223 2284 1459 2328 constituta
1484 2290 1561 2326 est.
