1685 2568
248 60 333 102 184
715 59 779 93 DE
804 58 1125 94 DIVINATIONE

245 156 433 211 inquam,
454 155 742 211 auspiciorum
761 155 1048 210 patrocinium
1068 154 1194 196 debet
1214 169 1317 196 esse.
1355 154 1452 197 Tibi
1471 155 1584 211 App.

248 214 450 258 Claudius
492 229 628 269 augur
673 214 837 256 consuli
874 213 1091 255 nuntiavit
1129 213 1379 256 addubitato
1422 213 1583 256 Salutis

248 274 427 330 augurio
453 274 616 315 bellum
642 273 923 314 domesticum
942 272 1067 313 triste
1092 287 1140 313 ac
1159 272 1456 314 turbulentum
1474 273 1585 327 fore3

249 333 361 388 quod
392 332 539 387 paucis
571 333 671 386 post
702 331 920 372 mensibus
953 332 1146 372 exortum
1179 331 1452 385 paucioribus
1485 347 1511 373 a
1540 333 1584 373 te
1672 383 1673 392 ἵ

248 394 315 433 est
344 391 492 432 diebus
519 404 783 444 oppressum.
833 388 911 430 Cui
938 389 1108 443 quidem
1135 389 1287 444 auguri
1312 389 1586 431 vehementer
1623 403 1638 430 5
1672 393 1673 427 1

249 449 485 502 adsentior3
528 448 646 489 solus
691 448 804 489 enim
847 448 1082 489 multorum
1126 462 1335 489 annorum
1378 449 1586 490 memoria

247 523 334 550 non
366 506 619 549 decantandi
651 506 838 561 augurii,
876 506 950 547 sed
981 506 1199 548 divinandi
1230 507 1369 548 tenuit
1401 507 1586 562 discipli-

247 582 359 608 nam.
415 565 551 614 Quem
587 565 833 606 inridebant
864 565 1056 619 collegae
1087 565 1151 606 tui
1184 580 1364 620 eumque
1395 568 1488 607 tum
1520 565 1587 606 Pi-

249 626 404 679 sidam,
441 627 534 666 tum
566 622 777 665 Soranum
816 637 1022 678 augurem
1054 638 1146 665 esse
1178 624 1394 678 dicebant3
1433 624 1586 678 quibus
1671 657 1673 672 J

247 684 369 726 nulla
393 683 619 725 videbatur
644 682 690 723 in
716 682 907 737 auguriis
935 684 1010 724 aut
1034 683 1280 737 praesensio
1308 685 1382 724 aut
1409 683 1587 724 scientia
1608 696 1640 720 10
1670 680 1671 728 s

248 742 446 785 veritatis
477 741 665 795 futurae3
698 741 914 796 sapienter
947 741 1118 782 aiebant
1151 741 1205 782 ad
1236 741 1479 796 opinionem
1511 742 1586 783 im·
1670 747 1671 750 ’

248 802 486 857 peritorum
512 814 604 841 esse
628 799 751 841 fictas
777 799 1019 855 religiones.
1064 798 1186 848 Quod
1209 801 1336 855 longe
1364 815 1484 842 secus
1505 803 1588 855 est3

248 875 385 914 neque
418 859 530 901 enim
561 859 606 900 in
636 858 884 913 pastoribus
915 858 1016 913 illis,
1049 858 1202 912 quibus
1229 858 1438 900 Romulus
1469 874 1588 914 prae-

247 919 348 973 fuit,
388 933 465 960 nec
495 918 541 959 in
570 917 666 972 ipso
697 917 882 958 Romulo
920 917 1026 958 haec
1064 917 1278 958 calliditas
1312 932 1403 959 esse
1434 918 1588 972 potuit,
1647 948 1671 964 «

248 981 297 1019 ut
329 977 382 1019 ad
414 991 603 1018 errorem
635 976 923 1017 multitudinis
954 976 1178 1031 religionis
1205 976 1435 1017 simulacra
1459 976 1589 1032 finge·
1611 989 1642 1014 15

248 1039 355 1078 rent.
418 1033 500 1077 Sed
540 1034 771 1076 difficultas
809 1035 1016 1089 laborque
1056 1034 1242 1076 discendi
1279 1035 1483 1076 disertam
1520 1050 1589 1076 ne-

251 1094 516 1151 glegentiam
547 1094 749 1148 reddidit3
781 1094 947 1134 malunt
979 1093 1092 1134 enim
1125 1093 1330 1135 disserere
1361 1094 1471 1134 nihil
1499 1109 1590 1135 esse

186 1155 306 1195 106111
344 1153 545 1208 auspiciis
584 1167 725 1207 quam,
763 1152 864 1206 quid
901 1152 975 1206 sit,
1017 1152 1213 1194 ediscere.
1271 1151 1381 1201 Quid
1413 1155 1478 1194 est
1514 1153 1590 1194 illo

251 1212 441 1267 auspicio
474 1211 670 1266 divim'us,
702 1211 815 1265 quod
841 1211 953 1266 apud
978 1213 1021 1252 te
1046 1211 1091 1252 in
1116 1211 1254 1252 Mario
1288 1211 1381 1253 est‘?
1413 1213 1462 1253 ut
1493 1214 1591 1253 utar

251 1272 538 1326 potissumum
572 1275 744 1312 auctore
774 1275 834 1313 te:
1611 1281 1644 1307 20
1668 1299 1669 1306 ,

310 1329 404 1371 Η10
435 1329 574 1370 Iovis
608 1329 824 1370 altisoni
857 1328 1028 1370 subito
1061 1329 1275 1383 pinnata
1308 1329 1522 1370 satelles

310 1388 527 1429 Arboris
561 1402 582 1428 e
614 1390 796 1429 trunco
831 1387 1089 1442 serpentis
1123 1387 1294 1428 saucia
1325 1402 1494 1429 morsu

312 1445 549 1502 Subrigit
607 1446 720 1501 ipsa
776 1446 902 1487 feris
958 1445 1278 1501 transfigens
1334 1447 1590 1501 unguibus

1261 1519 1473 1560 anguem

312 1562 674 1606 Semianimum
719 1566 768 1605 et
811 1563 954 1605 varia
999 1563 1229 1619 graviter
1272 1564 1467 1605 cervice
1505 1564 1592 1605 mi-

1265 1625 1473 1664 cantem.
1674 1658 1676 1663 .

312 1680 466 1730 Quem
522 1695 572 1723 se
627 1681 1012 1736 intorquentem
1067 1681 1270 1722 lanians
1319 1684 1643 1735 rostroque25

1200 1743 1473 1781 cruentans

312 1798 416 1840 Iam
449 1799 647 1840 satiata
679 1799 893 1853 animos,
931 1799 1029 1840 iam
1062 1798 1212 1839 duros
1244 1799 1355 1840 ulta
1387 1799 1590 1840 dolores

313 1857 489 1899 Abicit
539 1858 814 1899 ecflantem
865 1860 912 1898 et
961 1858 1242 1899 laceratum
1288 1856 1499 1911 adfligit
1541 1858 1592 1899 in

1343 1916 1474 1957 unda

314 1974 473 2028 Seque
501 1975 647 2016 obitu
668 1990 693 2016 a
713 1975 841 2016 solis
861 1975 1058 2016 nitidos
1080 1975 1340 2016 convertit
1360 1974 1419 2016 ad
1439 1977 1592 2016 ortus.

314 2033 454 2075 Hanc
497 2034 583 2074 ubi
626 2034 960 2088 praepetibus
1004 2033 1175 2088 pinnis
1220 2034 1468 2088 lapsuque
1512 2049 1593 2075 vo-

1284 2092 1475 2133 lantem

314 2149 595 2205 Conspexit
627 2150 835 2205 Marius,
869 2150 1029 2191 divini
1060 2151 1282 2191 numinis
1316 2165 1492 2206 augur,
1610 2162 1644 2188 ³0

314 2208 603 2263 Faustaque
643 2209 789 2264 signa
828 2223 946 2250 suae
979 2209 1145 2250 laudis
1178 2209 1475 2263 reditusque
1506 2224 1591 2251 no-

1326 2267 1475 2321 tavit,
