1685 2568
186 113 243 154 90
599 111 662 144 DE
687 110 889 145 NATURA
913 110 1118 146 DEORUM

185 208 454 263 prehendunt
487 210 614 262 atque
645 208 708 249 ita
741 222 784 248 se
817 207 999 263 erigunt,
1030 209 1078 249 ut
1111 207 1362 248 animantes.
1411 207 1524 256 Quin

186 268 316 309 etiam
349 282 374 308 a
405 267 616 320 caulibus,
649 267 686 307 si
716 269 893 321 propter
925 266 1009 307 sati
1041 266 1139 320 sint,
1171 269 1219 307 ut
1252 281 1277 307 a
1307 266 1523 320 pestiferis

185 329 228 367 et
258 326 512 367 nocentibus
544 325 740 380 refugere
772 325 970 366 dicuntur
1000 339 1077 366 nec
1110 339 1181 365 eos
1210 325 1301 366 ulla
1326 339 1375 366 ex
1400 327 1523 380 parte

117 393 180 424 121
203 385 461 440 contingere.
529 383 828 424 Animantium
871 398 971 425 vero
1018 386 1178 438 quanta
1220 383 1407 425 varietas
1446 386 1521 437 est,

185 446 348 498 quanta
388 442 441 484 ad
483 457 577 483 eam
618 457 706 483 rem
745 442 827 496 vis,
868 444 916 483 ut
953 443 998 483 in
1035 457 1112 484 suo
1146 457 1337 497 quaeque
1369 456 1559 497 genere5

183 501 451 557 permaneat!
485 500 674 549 Quarum
701 500 810 541 aliae
833 501 959 542 coriis
982 504 1120 543 tectae
1140 503 1251 555 sunt,
1278 501 1387 542 aliae
1406 501 1522 542 villis

184 561 379 614 vestitae,
401 560 510 601 aliae
532 559 666 614 spinis
686 559 896 613 hirsutae3
916 560 1064 614 pluma
1085 560 1204 614 alias,
1223 560 1330 601 alias
1346 574 1525 614 squama

184 619 377 660 videmus
410 619 635 672 obductas,
674 618 782 660 alias
815 632 906 659 esse
938 619 1137 660 cornibus
1172 621 1378 673 armatas,
1417 618 1524 660 alias

184 678 344 719 habere
377 678 534 733 effugia
566 677 806 732 pinnarum.
855 676 1035 718 Pastum
1061 680 1205 719 autem
1233 677 1523 719 animantibus

185 738 306 792 large
345 739 387 778 et
425 737 596 791 copiose
632 738 788 776 natura
821 750 934 790 eum,
973 736 1045 791 qui
1077 737 1227 791 cuique
1260 739 1386 791 aptus
1420 738 1524 790 erat,
1545 750 1577 774 ιο

187 795 465 850 comparavit.
525 794 789 836 Enumerare
821 809 1008 849 possum,
1044 795 1097 836 ad
1129 810 1225 836 eum
1256 798 1429 850 pastum
1461 810 1525 837 cau

185 854 441 910 pessendum
485 853 875 907 conficiendumque
920 868 1027 908 quae
1069 854 1125 894 sit
1166 854 1211 895 in
1248 854 1397 908 figuris
1438 853 1526 895 ani-

187 914 397 955 mantium
438 915 481 954 et
518 927 645 966 quam
685 913 837 953 sollers
877 912 1134 967 subtilisque
1173 912 1393 968 discriptio
1431 928 1525 968 par-

187 972 295 1013 tium
322 986 534 1026 quamque
556 971 822 1012 admirabilis
842 971 1007 1013 fabrica
1027 971 1328 1013 membrorum.
1372 970 1526 1013 Omnia

189 1031 313 1084 enim,
347 1045 454 1085 quae
488 1030 658 1084 quidem
689 1030 804 1071 intus
837 1030 1002 1072 inclusa
1034 1033 1144 1085 sunt,
1175 1030 1238 1071 ita
1268 1033 1372 1072 nata
1397 1033 1525 1084 atque
1546 1043 1578 1069 15

187 1091 250 1131 ita
293 1090 436 1131 locata
480 1092 596 1143 sunt,
640 1091 688 1130 ut
725 1089 833 1130 m'hil
873 1104 1019 1131 eorum
1058 1104 1419 1144 supervacaneum
1457 1089 1526 1143 sit,

120 1157 182 1187 122
203 1148 311 1190 nihil
350 1149 402 1190 ad
443 1147 574 1189 vitain
612 1148 879 1189 retinendam
915 1163 1002 1190 non
1038 1149 1335 1190 necessarium.
1395 1148 1526 1189 Dedit

187 1210 331 1250 autem
370 1207 515 1248 eadem
552 1209 708 1248 natura
744 1207 882 1248 beluis
921 1210 963 1248 et
995 1222 1167 1248 sensum
1200 1209 1242 1248 et
1274 1207 1525 1262 appetitum,

186 1269 235 1308 ut
273 1267 409 1307 altero
448 1268 648 1308 conatum
686 1266 894 1307 haberent
932 1266 984 1307 ad
1021 1266 1241 1307 naturales
1278 1269 1428 1320 pastus
1460 1281 1525 1308 ca-

187 1325 437 1380 pessendos,
476 1325 611 1366 altero
651 1326 919 1366 secernerent
956 1324 1161 1379 pestifera
1193 1340 1218 1366 a
1250 1325 1523 1366 salutaribus.
1545 1338 1577 1362 20

186 1384 279 1426 Iam
321 1399 421 1425 vero
463 1384 549 1425 alia
587 1384 791 1425 animalia
823 1383 1072 1439 gradiendo,
1115 1384 1200 1425 alia
1232 1384 1438 1438 serpendo
1472 1383 1525 1425 ad

188 1446 362 1499 pastum
395 1442 617 1497 accedunt,
650 1443 734 1484 alia
764 1443 965 1496 volando,
998 1443 1084 1484 alia
1113 1443 1266 1496 nando,
1299 1443 1525 1496 cibumque

186 1502 347 1557 partim
380 1502 465 1543 oris
498 1501 620 1542 hiatu
652 1504 694 1542 et
727 1501 924 1542 dentibus
955 1502 1061 1556 ipsis
1094 1504 1333 1556 capessunt,
1364 1501 1525 1556 partim

186 1560 396 1616 unguium
440 1560 672 1601 tenacitate
713 1560 942 1615 arripiunt,
982 1561 1143 1615 partim
1180 1560 1422 1602 aduncitate
1460 1575 1525 1601 ro-

187 1623 394 1673 strorum,
433 1619 518 1660 alia
549 1621 727 1675 sugunt,
765 1620 851 1661 alia
882 1622 1080 1674 carpunt,
1119 1619 1204 1661 alia
1235 1622 1407 1674 vorant,
1439 1619 1525 1660 alia
1545 1631 1577 1656 25

188 1678 414 1732 mandunt3
459 1680 587 1732 atque
625 1678 755 1719 etiam
794 1678 976 1720 aliorum
1014 1693 1064 1720 ea
1102 1681 1167 1719 est
1198 1678 1438 1733 humilitas,
1476 1680 1525 1719 ut

118 1745 183 1776 123
206 1738 346 1779 cibum
367 1739 617 1778 terrestrem
636 1737 789 1778 rostris
809 1736 935 1779 facile
956 1738 1227 1793 contingant3
1254 1752 1361 1792 quae
1382 1739 1524 1778 autem

188 1796 346 1838 altiora
373 1799 484 1851 sunt,
516 1798 563 1837 ut
590 1810 772 1851 anseres,
804 1799 852 1836 ut
878 1797 1014 1851 cygni,
1046 1799 1094 1837 ut
1120 1810 1257 1852 grues,
1289 1798 1337 1837 ut
1362 1796 1523 1850 cameli,

189 1855 445 1896 adiuvantur
488 1855 747 1910 proceritate
792 1855 1017 1909 collorum,
1061 1870 1212 1896 manus
1257 1855 1386 1896 etiam
1424 1855 1525 1896 data

189 1914 418 1968 elephanto
463 1916 547 1968 est,
591 1914 691 1968 quia
733 1917 910 1969 propter
953 1914 1292 1969 magnitudinem
1333 1913 1523 1969 corporis
1543 1925 1576 1951 30

116 1973 172 2015 48
189 1972 381 2014 difficiles
428 1973 568 2014 aditus
606 1973 796 2014 habebat
833 1973 886 2015 ad
923 1975 1106 2028 pastum.
1168 1972 1228 2014 At
1266 1972 1419 2026 quibus
1456 1973 1525 2014 be-

187 2031 281 2073 stiis
315 2034 407 2072 erat
438 2032 474 2072 is
508 2032 644 2085 cibus,
681 2034 730 2073 ut
762 2031 858 2073 aliis
892 2032 1095 2087 [generis]
1129 2031 1279 2072 bestiis
1310 2046 1525 2073 vesceren-

187 2093 270 2143 tur,
303 2093 377 2132 aut
408 2091 520 2133 vires
552 2093 708 2132 natura
740 2091 856 2132 dedit
887 2093 962 2132 aut
992 2090 1266 2132 celeritatem.
1314 2089 1429 2132 Data
1461 2092 1526 2132 est

188 2149 444 2204 quibusdam
476 2149 607 2191 etiam
638 2149 899 2191 machinatio
932 2149 1139 2204 quaedam
1166 2151 1294 2204 atque
1320 2149 1526 2203 sollertia,

187 2211 235 2250 ut
276 2208 320 2249 in
358 2209 570 2250 araneolis
610 2208 719 2250 aliae
760 2209 882 2262 quasi
918 2210 1008 2249 rete
1040 2210 1208 2263 texunt,
1250 2210 1314 2261 ut,
1356 2207 1393 2249 si
1425 2208 1525 2262 quid
1545 2220 1576 2246 35

188 2267 434 2322 inhaeserit,
466 2267 705 2321 conficiant,
738 2267 848 2308 aliae
881 2269 1024 2308 autem
1057 2281 1106 2308 ex
1137 2267 1359 2322 inopinato
1386 2266 1526 2308 obser-

188 2329 292 2368 vant
334 2328 393 2380 et,
435 2326 471 2367 si
510 2326 611 2380 quid
647 2325 813 2380 incidit,
852 2326 1063 2381 arripiunt
1100 2325 1226 2380 idque
1261 2327 1527 2367 consumunt.
