1685 2568
234 97 291 142 83
673 95 737 130 DE
763 95 964 131 NATURA
988 95 1194 131 DEORUM

292 194 483 236 Rostro
503 192 695 247 tundit,
717 194 765 233 et
784 191 1109 233 hicGeminis
1130 194 1208 234 est
1227 193 1318 234 ille
1339 194 1461 235 sub
1450 194 1580 249 1psis

293 253 427 295 Ante
477 251 680 305 Canem,
730 248 988 306 Προκύων
1039 250 1192 293 Graio
1244 251 1580 353 qifissrinuormine

166 417 233 449 115
252 405 372 448 Haec
404 404 544 446 omnis
577 404 800 459 discriptio
833 403 1020 445 siderum
1052 405 1182 458 atque
1206 403 1277 446 hic
1301 406 1448 446 tantus
1475 405 1582 447 caeli

236 466 414 507 ornatus
460 478 510 505 ex
554 463 807 518 corporibus
850 462 933 504 huc
977 465 1019 504 et
1062 463 1166 504 illuc
1203 477 1305 504 casu
1342 466 1385 504 et
1421 466 1582 505 temere

235 522 510 566 cursantibus
536 522 730 577 potuisse
757 521 868 563 effici
893 521 1092 576 cuiquam
1119 536 1223 563 sano
1250 521 1385 563 videri
1407 523 1580 577 potest?
1618 533 1657 559 5

236 585 312 624 aut
349 596 451 624 vero
491 581 578 622 alia
616 596 723 635 quae
760 583 917 622 natura
954 581 1110 622 mentis
1144 583 1187 622 et
1218 580 1399 622 rationis
1432 595 1582 636 expers

234 641 342 683 haec
367 640 534 682 efficere
560 640 732 695 potuit?
765 654 874 694 quae
899 653 987 680 non
1011 639 1137 681 modo
1164 642 1213 680 ut
1237 639 1390 681 fierent
1416 640 1601 726 10131011οι

238 702 461 756 eguerunt,
493 699 568 740 sed
593 698 792 754 intellegi
817 698 965 753 qualia
991 698 1078 739 sint
1105 698 1195 740 31110
1221 713 1390 740 summa
1416 699 1583 740 ratione

235 774 323 801 non
353 760 547 814 possunt.

110 833 221 887 “45
324 840 416 883 Nec
446 855 547 882 vero
579 840 686 882 haec
712 840 852 882 solum
879 839 1164 894 admirabilia,
1197 840 1269 881 sed
1295 840 1405 881 nihil
1433 840 1583 894 maius,
1604 852 1637 878 1⁰

168 912 179 936 «1
237 915 367 955 quam
400 899 514 954 quod
544 899 608 940 ita
641 899 811 940 stabilis
839 901 905 940 est
931 899 1112 940 mundus
1140 900 1270 953 atque
1295 899 1358 940 ita
1384 899 1586 941 cohaeret

236 959 290 1001 ad
321 958 675 1014 permanendum,
712 961 762 999 ut
792 957 901 998 nihil
932 972 986 999 ne
1018 957 1254 1013 excogitari
1287 958 1458 1012 quidem
1489 973 1584 1012 pos-

236 1018 294 1059 sit
327 1018 485 1072 aptius.
539 1017 698 1059 Omnes
731 1017 845 1058 enim
876 1019 1023 1072 partes
1056 1017 1146 1058 eius
1178 1016 1365 1071 undique
1397 1017 1585 1058 medium

235 1078 378 1119 locum
410 1079 681 1131 capessentes
707 1076 906 1116 nituntur
932 1076 1181 1130 aequaliter.
1226 1075 1412 1117 Maxime
1439 1078 1584 1117 autem

236 1150 418 1191 corpora
455 1136 568 1177 inter
607 1150 651 1177 se
689 1135 835 1177 iuncta
872 1137 1143 1190 permanent,
1188 1149 1284 1176 cum
1322 1135 1446 1189 quasi
1484 1149 1584 1189 quo·
1604 1145 1638 1172 1⁵

236 1195 336 1236 dam
379 1195 550 1236 vinculo
595 1194 858 1237 circumdato
904 1193 1183 1249 colligantur,
1227 1193 1341 1248 quod
1383 1193 1489 1235 facit
1533 1209 1583 1235 ea

176 1266 196 1295 κ’,
234 1256 403 1308 natura,
449 1268 557 1308 quae
600 1268 677 1308 per
721 1267 891 1295 omnem
934 1253 1140 1294 mundum
1179 1252 1324 1294 omnia
1360 1255 1503 1294 mente
1542 1255 1585 1294 et

235 1313 403 1354 ratione
436 1312 664 1354 conficiens
695 1311 890 1353 funditur
916 1314 959 1353 et
985 1312 1039 1353 ad
1064 1311 1251 1353 medium
1276 1311 1393 1366 rapit
1420 1314 1463 1353 et
1489 1326 1584 1354 con-

165 1382 233 1413 116
253 1372 386 1414 vertit
417 1374 620 1413 extrema.
673 1369 893 1425 Quocirca,
925 1371 962 1412 si
993 1371 1175 1412 mundus
1203 1370 1411 1426 globosus
1438 1373 1504 1412 est
1529 1371 1584 1412 ob

236 1445 415 1485 eamque
447 1444 622 1472 causam
654 1444 801 1472 omnes
835 1429 924 1471 eius
950 1432 1097 1484 partes
1122 1429 1309 1483 undique
1336 1429 1583 1484 aequabiles
1604 1441 1638 1466 2⁰

235 1490 355 1545 ipsae
399 1503 476 1544 per
521 1503 565 1530 se
604 1491 733 1544 atque
770 1489 884 1530 inter
923 1503 966 1530 se
999 1488 1290 1543 continentur,
1335 1488 1584 1544 contingere

236 1548 349 1590 idem
381 1550 523 1590 terrae
555 1562 728 1590 necesse
761 1550 844 1602 est,
875 1549 924 1589 ut
957 1548 1155 1589 omnibus
1189 1547 1278 1589 eius
1310 1547 1508 1602 partibus
1540 1547 1585 1590 in

236 1607 424 1649 medium
468 1607 748 1663 vergentibus
794 1605 855 1651 (id
900 1609 1043 1648 autem
1082 1606 1269 1648 medium
1307 1606 1503 1648 infimum
1539 1606 1585 1648 in

236 1666 422 1722 sphaera
453 1665 538 1721 est)
570 1666 679 1707 nihil
712 1666 1011 1720 interrumpat,
1044 1680 1127 1720 quo
1160 1665 1415 1707 labefactari
1445 1666 1585 1721 possit

234 1728 360 1767 tanta
401 1725 619 1768 contentio
663 1725 893 1781 gravitatis
935 1727 978 1766 et
1000 1724 1266 1780 ponderum.
1335 1724 1583 1779 Eademque
1603 1734 1637 1761 25

235 1785 403 1826 ratione
441 1798 577 1838 mare,
619 1799 714 1826 cum
747 1798 879 1839 supra
909 1786 1070 1825 terram
1103 1784 1178 1838 sit,
1219 1783 1406 1825 medium
1437 1786 1583 1825 tamen

237 1845 378 1884 terrae
416 1843 559 1885 locum
598 1846 800 1898 expetens
839 1843 1127 1898 conglobatur
1163 1843 1349 1897 undique
1382 1843 1583 1897 aequabi-

168 1911 236 1942 117
255 1902 355 1943 liter
386 1917 523 1957 neque
555 1902 766 1944 redundat
791 1916 995 1957 umquam
1020 1916 1158 1957 neque
1184 1901 1426 1943 effunditur.
1471 1901 1584 1944 Huic

236 1964 381 2002 autem
423 1961 646 2003 continens
689 1965 763 2003 001·
800 1961 937 2003 fertur
967 1961 1042 2002 ille
1076 1960 1246 2015 quidem
1278 1960 1456 2002 levitate
1488 1961 1584 2002 sub-

234 2020 348 2074 lime,
376 2020 450 2061 sed
476 2023 622 2062 tamen
646 2020 692 2061 in
718 2034 864 2062 omnes
891 2022 1036 2075 partes
1063 2034 1108 2061 se
1130 2020 1223 2075 ipse
1242 2019 1403 2074 10Πὰ11,
1434 2019 1581 2074 itaque
1601 2030 1635 2056 30

235 2081 279 2120 et
310 2079 419 2120 mari
453 2079 728 2121 continuatus
759 2082 802 2120 et
826 2079 997 2121 iunctus
1024 2081 1089 2120 est
1115 2081 1159 2119 et
1183 2081 1340 2120 natura
1364 2078 1504 2120 fertur
1529 2078 1583 2121 ad

233 2138 414 2192 caelum,
439 2138 558 2180 cuius
585 2138 798 2180 tenuitate
825 2140 868 2180 et
890 2137 1032 2180 calore
1051 2140 1315 2192 temperatus
1336 2137 1514 2180 vitalem
1540 2139 1583 2179 et

234 2197 471 2238 salutarem
503 2197 704 2252 spiritum
736 2197 916 2252 praebet
947 2196 1250 2238 animantibus.
1304 2195 1439 2246 Quem
1472 2211 1583 2238 com—

232 2255 360 2311 plexa
380 2270 549 2298 summa
573 2270 675 2311 pars
703 2255 823 2311 caeli,
849 2269 958 2311 quae
985 2255 1177 2297 aetheria
1203 2255 1369 2310 dicitur,
1395 2257 1438 2297 et
1458 2270 1580 2297 suum

233 2314 391 2357 retinet
417 2315 615 2357 ardorem
640 2317 815 2356 tenuem
842 2317 885 2356 et
909 2315 1031 2356 nulla
1051 2314 1314 2357 admixtione
1334 2316 1577 2357 concretum
1599 2323 1632 2350 35

1648 2141 1652 2201 ³
1683 2204 1685 2210 Α
