1685 2568
253 59 307 100 78
664 57 730 92 ΒΕ
754 57 956 92 NATURA
981 56 1186 93 DEORUM

310 153 550 197 Existere
580 155 711 197 ictos
744 155 892 196 lindis
926 154 1372 209 concursantibus,

310 213 424 255 Nisi
458 215 581 268 quas
613 214 883 255 terrestris
915 214 1103 268 pontus
1136 215 1341 267 strages
1375 213 1594 266 conciet,

312 273 413 314 Aut
444 273 577 314 sorte
610 272 793 314 Triton
824 272 1030 314 fuscina
1062 273 1297 313 evertens
1331 286 1510 326 specus

312 330 497 373 Subter
528 331 729 372 radices
761 331 970 385 penitus
1002 330 1219 372 undanti
1249 329 1302 371 1²11
1332 329 1467 371 freto

310 390 493 432 Molem
527 392 582 431 ex
614 389 869 444 profundo
903 391 1108 431 saxeam
1142 389 1201 430 ad
1227 389 1422 430 caelum
1449 389 1594 431 eruit.
1633 400 1648 425 5

251 461 436 503 Dubitat
466 460 617 514 primo,
650 474 757 514 quae
791 459 848 500 sit
880 474 930 501 ea
960 462 1129 514 natura,
1162 474 1290 514 quam
1317 459 1454 501 cernit
1477 460 1597 515 igno-

252 525 356 573 tam,
387 519 583 573 idemque
610 519 835 560 iuvenibus
862 518 967 560 visis
995 519 1225 573 auditoque
1251 519 1423 560 nautico
1451 521 1597 560 cantu:

311 589 503 644 †Sicut
546 590 697 631 inciti
741 592 894 643 atque
940 589 1136 631 alacres
1175 588 1366 630 rostris
1404 588 1598 643 perfre-

313 705 561 762 Delphini
593 707 765 760 †item
799 707 903 748 alia
933 650 1331 749 mulltndllslssiilvans
1360 707 1491 748 melo

315 764 647 808 Consimilem
705 766 764 808 ad
821 780 967 807 aures
1024 767 1221 865 ογῖῐέἓιὲὲᾙ
1272 768 1320 807 et
1370 765 1600 807 auditum
1623 837 1654 860 10

185 908 230 939 90
255 897 374 953 Ergo
413 899 461 938 ut
498 896 567 938 hic
605 897 744 951 primo
784 898 961 951 aspectu
998 895 1237 936 inanimum
1276 895 1479 950 quiddam
1511 909 1602 936 sen-

257 970 390 1009 suque
433 970 614 997 vacuum
657 969 701 996 se
742 958 868 1009 putat
909 969 1099 1008 cernere,
1140 957 1240 1009 post
1283 957 1427 995 autem
1466 954 1601 1009 signis

257 1014 530 1067 certioribus,
572 1014 698 1069 quale
731 1014 789 1055 sit
820 1013 880 1066 id,
918 1013 968 1055 de
1007 1027 1090 1068 quo
1124 1013 1414 1067 dubitaverat,
1450 1013 1603 1067 incipit

257 1075 486 1128 suspicari,
523 1074 584 1115 sic
624 1073 870 1128 philosophi
910 1072 1164 1127 debuerunt,
1203 1072 1239 1113 si
1270 1071 1382 1114 forte
1414 1086 1486 1113 eos
1519 1072 1602 1126 pri—

258 1147 352 1174 mus
380 1135 579 1187 aspectus
606 1132 753 1173 mundi
779 1132 1126 1184 conturbaverat,
1157 1134 1320 1186 postea,
1353 1146 1449 1172 cum
1475 1130 1601 1172 vidis·
1623 1141 1654 1166 15

258 1195 353 1233 sent
390 1195 532 1233 motus
572 1192 662 1232 eius
699 1191 844 1232 finitos
878 1194 920 1232 et
954 1190 1199 1244 aequabiles
1233 1191 1461 1244 omniaque
1494 1190 1600 1230 ratis

258 1251 478 1293 ordinibus
518 1250 740 1292 moderata
776 1250 1105 1303 inmutabilique
1138 1250 1401 1303 constantia,
1437 1248 1604 1289 intelle-

257 1324 357 1365 gere
400 1311 538 1351 inesse
584 1310 771 1363 aliquem
808 1323 894 1350 non
933 1309 1072 1350 solum
1110 1308 1401 1349 habitatorem
1440 1308 1486 1348 in
1524 1308 1603 1348 hac

258 1369 433 1410 caelesti
474 1383 521 1410 ac
560 1368 704 1410 divina
742 1367 886 1422 domo,
928 1367 1001 1408 sed
1040 1367 1170 1408 etiam
1202 1370 1411 1409 rectorem
1444 1368 1487 1407 et
1518 1381 1604 1407 mo-

258 1429 501 1469 deratorem
540 1430 583 1468 et
621 1429 843 1481 tamquam
877 1426 1160 1468 architectum
1192 1426 1304 1467 tanti
1337 1425 1479 1481 operis
1511 1427 1603 1466 tan·
1624 1436 1657 1461 20

189 1495 243 1537 36
259 1489 377 1541 tique
417 1486 616 1528 muneris.
679 1485 805 1527 Nunc
843 1488 986 1527 autem
1018 1485 1125 1526 mihi
1156 1485 1355 1526 videntur
1385 1499 1438 1525 ne
1470 1484 1605 1539 suspi-

260 1546 347 1588 cari
373 1546 558 1600 quidem,
584 1547 747 1600 quanta
773 1544 830 1586 sit
856 1544 1170 1586 admirabilitas
1191 1543 1443 1585 caelestium
1462 1557 1605 1584 rerum

261 1608 389 1659 atque
422 1605 704 1646 terrestrium.

189 1675 231 1705 91
350 1664 566 1719 Principio
611 1664 724 1705 enim
762 1666 879 1704 terra
917 1663 1002 1704 sita
1038 1662 1085 1703 in
1123 1662 1264 1704 media
1300 1664 1422 1717 parte
1460 1661 1606 1702 mundi

262 1722 521 1765 circumfusa
561 1723 746 1777 undique
786 1725 852 1764 est
889 1722 970 1764 hac
1009 1721 1188 1763 animali
1222 1721 1500 1776 spirabilique
1532 1734 1604 1761 na·
1627 1730 1659 1756 ‘25

260 1785 375 1835 tura,
413 1783 480 1824 cui
512 1796 669 1824 nomen
702 1783 767 1823 est
800 1785 890 1835 aer,
923 1780 1133 1822 Graecum
1165 1780 1271 1822 illud
1303 1780 1491 1834 quidem,
1531 1779 1605 1819 sed

260 1844 511 1897 perceptum
543 1841 631 1882 iam
662 1843 809 1882 tamen
841 1854 920 1881 usu
953 1855 978 1881 a
1008 1840 1186 1893 nostris3
1218 1839 1371 1880 tritum
1402 1840 1468 1880 est
1493 1838 1607 1879 enim

261 1915 339 1955 pro
365 1900 533 1941 Latino.
578 1899 703 1941 Hunc
729 1913 875 1940 rursus
903 1899 1179 1952 amplectitur
1205 1898 1424 1939 inmensus
1446 1897 1607 1950 aether,

263 1960 335 2014 qui
368 1961 539 2000 constat
566 1973 615 2000 ex
643 1958 866 2000 altissimis
892 1958 1078 2013 ignibus.
1128 1956 1375 1999 Mutuemur
1398 1956 1481 1998 hoc
1507 1970 1607 2010 quo-

263 2033 344 2072 que
383 2018 578 2071 verbum,
617 2018 867 2071 dicaturque
906 2019 997 2058 tam
1039 2015 1228 2057 ‘aether'
1269 2014 1440 2070 Latine,
1479 2029 1607 2069 quam
1628 2024 1661 2050 30

264 2077 419 2119 dicitur
451 2080 536 2131 a‘er,
569 2076 650 2118 etsi
681 2077 993 2131 interpretatur
1023 2074 1257 2116 Pacuvius:

350 2145 475 2201 Hoc,
520 2146 650 2200 quod
694 2160 935 2201 memoro,
984 2145 1155 2186 n6stri
1199 2146 1416 2199 caelum,
1465 2143 1609 2185 Graii

1039 2204 1320 2259 perhibent
1353 2203 1583 2257 aethera3

264 2277 390 2333 quasi
422 2291 524 2319 vero
556 2290 643 2318 non
664 2274 819 2317 Graius
851 2276 933 2317 hoc
965 2275 1088 2317 dicat.
1138 2275 1198 2316 At
1224 2274 1377 2316 Latine
1409 2273 1610 2328 loquitur.
