1685 2568
408 123 496 159 LIB.
522 123 567 159 II.
598 122 698 159 CAP.
726 127 874 159 57—59.
901 128 920 166 ὅ
948 129 1142 161 142-147.
1390 128 1445 169 99

110 232 252 270 corun,
284 221 327 260 et
359 233 407 261 ex
438 218 647 260 tortuosis
679 217 784 259 locis
816 220 859 259 et
884 218 1061 260 inclusis
1086 221 1178 261 soni
1202 220 1446 264 referuntur

109 276 351 331 ampliores.
408 275 614 318 Similiter
643 290 781 330 nares,
813 290 920 330 quae
953 291 1121 332 semper
1151 282 1329 333 propter
1359 295 1427 322 ne·
1449 290 1514 322 145

109 334 317 377 cessarias
360 335 572 376 utilitates
616 336 784 389 patent,
830 336 1138 378 contractiores
1181 336 1343 379 habent
1385 339 1445 379 in-

108 393 279 447 troitus,
310 408 363 435 ne
396 393 496 448 quid
521 393 566 434 in
591 407 675 446 eaS,
707 393 819 447 quod
844 397 1007 448 noceat,
1038 395 1177 449 possit
1202 397 1443 450 pervadere.

73 464 90 489 5
109 466 384 506 umoremque
415 465 582 506 semper
607 450 768 492 habent
794 451 847 492 ad
871 452 1090 507 pulverem
1118 454 1339 509 multaque
1360 455 1446 496 alia

110 511 360 565 depellenda
389 524 476 552 non
505 509 714 550 inutilem.
778 509 986 552 Gustatus
1018 512 1238 567 praeclare
1270 516 1445 568 saeptus

109 571 192 622 est;
225 584 296 610 ore
328 568 440 610 enim
472 568 716 610 continetur
746 571 789 610 et
821 569 873 610 ad
904 583 1028 611 usum
1060 573 1160 625 apte
1187 573 1229 612 et
1255 571 1308 613 ad
1332 572 1432 614 inco

108 627 320 669 lumitatis
346 627 595 669 custodiam.
639 625 870 682 Omnisque
891 642 1040 670 sensus
1063 628 1285 671 hominum
1305 631 1443 673 multo

109 686 327 728 antecellit
353 685 547 727 sensibus
567 685 815 727 bestiarum.
851 685 1043 728 Primum
1064 688 1175 729 enim
1197 689 1308 730 oculi
1327 689 1372 730 in
1390 689 1443 730 iis
1458 691 1512 734 58

57 757 89 781 ιο
108 744 286 798 artibus,
313 759 493 798 quarum
517 744 720 785 iudicium
746 747 813 785 est
838 746 1072 799 oculorum,
1099 746 1141 787 in
1167 747 1306 802 pictis,
1331 748 1442 790 fictis

107 803 368 857 caelatisque
398 802 562 857 formis,
593 803 638 843 in
669 817 897 857 corporum
932 804 1062 846 etiam
1093 805 1283 847 motione
1315 809 1443 861 atque

107 863 232 916 gestu
257 862 395 902 multa
421 863 598 903 cernunt
621 861 839 916 subtilius,
865 863 1056 905 colorum
1077 864 1207 905 etiam
1226 867 1269 906 et
1288 865 1443 921 figura-

106 935 272 962 rum...
288 954 314 974 .,
346 923 438 961 tum
469 922 739 962 venustatem
766 924 893 975 atque
920 922 1113 964 ordinem
1138 926 1192 977 et,
1224 925 1272 965 ut
1296 923 1359 965 ita
1385 924 1443 965 di-

106 993 212 1033 cam,
239 978 475 1020 decentiam
502 979 613 1020 oculi
634 979 835 1033 iudicant,
861 982 989 1035 atque
1012 981 1143 1023 etiam
1163 982 1248 1023 alia
1267 982 1443 1025 maiora.

56 1050 87 1075 15
106 1036 220 1078 Nam
241 1040 283 1080 et
308 1037 490 1078 virtutes
517 1040 560 1078 et
584 1037 691 1079 vitia
710 1042 992 1093 cognoscunt3
1014 1040 1174 1081 iratum
1193 1041 1442 1096 propitium,

107 1096 343 1137 laetantem
359 1096 586 1149 dolentem,
604 1095 762 1138 fortem
775 1097 992 1152 ignavum,
1012 1099 1212 1140 audacem
1228 1100 1442 1141 timidum-

107 1169 188 1209 que
215 1157 489 1210 cognoscunt.
534 1154 799 1208 Auriumque
819 1156 922 1196 item
943 1158 1008 1197 est
1029 1157 1282 1199 admirabile
1303 1159 1431 1213 quod·
1447 1169 1512 1200 146

106 1213 205 1254 dam
231 1213 593 1267 artificiosumque
619 1213 834 1268 iudicium,
860 1228 943 1268 quo
969 1215 1182 1257 iudicatur
1201 1219 1244 1258 et
1262 1217 1307 1258 in
1326 1217 1442 1259 vocis

106 1274 149 1313 et
173 1272 219 1312 in
244 1272 449 1313 tibiarum
473 1286 784 1326 nervorumque
804 1273 1000 1315 cantibus
1020 1274 1207 1316 varietas
1228 1289 1443 1330 sonorum,

54 1342 87 1368 20
106 1330 347 1385 intervalla,
373 1330 592 1372 distinctio
613 1332 655 1371 et
674 1331 790 1372 vocis
812 1345 969 1387 genera
987 1334 1214 1388 permulta,
1240 1349 1443 1376 canorum

103 1389 283 1444 fuscum,
314 1389 407 1430 leve
440 1403 649 1444 asperum,
682 1403 812 1445 grave
845 1393 1028 1445 acutum,
1061 1391 1246 1434 flexibile
1279 1393 1443 1447 durum,

106 1462 214 1502 quae
244 1448 468 1490 hominum
500 1448 640 1489 solum
673 1448 848 1490 auribus
873 1449 1126 1492 iudicantur.
1176 1450 1442 1507 Nariumque

105 1506 209 1549 item
247 1509 289 1548 et
327 1507 529 1563 gustandi
561 1506 591 1560 †
622 1509 664 1548 et
700 1510 823 1562 parte
860 1509 1067 1564 tangendi
1098 1524 1258 1566 magna
1287 1510 1443 1552 iudicia

106 1568 217 1607 sunt.
265 1565 334 1607 Ad
364 1580 470 1620 quos
497 1580 645 1607 sensus
673 1566 898 1621 capiendos
925 1570 967 1608 et
993 1568 1270 1623 perfruendos
1296 1569 1442 1624 plures

53 1635 87 1661 25
106 1625 248 1679 etiam,
280 1640 407 1680 quam
438 1625 606 1678 vellem,
638 1627 752 1666 artes
784 1628 978 1680 repertae
1005 1630 1116 1668 sunt.
1164 1627 1442 1682 Perspicuum

106 1686 172 1725 est
197 1683 320 1738 enim,
347 1698 429 1738 quo
455 1683 770 1738 conpositiones
791 1688 1120 1740 unguentorum,
1146 1701 1229 1741 quo
1250 1686 1442 1728 ciborum

67 1753 72 1758 ·
106 1742 382 1796 conditiones,
414 1756 497 1797 quo
529 1756 756 1797 corporum
787 1743 998 1785 lenocinia
1028 1745 1326 1799 processerint.
1456 1780 1511 1820 59

193 1800 285 1842 Iam
316 1815 417 1842 vero
450 1800 640 1842 animum
671 1801 812 1856 ipsum
837 1805 1109 1858 mentemque
1134 1803 1334 1859 hominis,
1365 1819 1429 1846 ra·
1445 1810 1511 1862 14²7

106 1859 284 1914 tionem,
330 1860 571 1913 consilium,
615 1860 887 1914 prudentiam
928 1862 1000 1916 qui
1036 1876 1123 1904 non
1160 1862 1304 1904 divina
1341 1877 1442 1904 cura

54 1918 294 1972 supersecta
325 1933 417 1960 esse
448 1918 664 1974 perspicit,
695 1918 732 1960 is
762 1919 831 1960 his
861 1919 966 1975 ipsis
992 1921 1119 1962 rebus
1145 1921 1252 1962 mihi
1274 1921 1443 1963 videtur

106 1990 259 2018 carere.
307 1977 371 2018 De
404 1992 487 2032 quo
519 1977 620 2018 dum
652 1977 926 2033 disputarem,
957 1981 1077 2021 tuam
1109 1979 1215 2021 mihi
1241 1980 1333 2021 dari
1357 1981 1442 2022 vel-

107 2034 203 2089 lem,
235 2034 375 2090 Cotta,
407 2035 706 2090 eloquentiam.
768 2035 859 2085 Quo
893 2037 1005 2079 enim
1037 2040 1085 2079 tu
1116 2038 1194 2080 illa
1225 2039 1351 2080 modo
1385 2039 1442 2080 di-

106 2094 239 2135 ceres!
274 2096 433 2148 quanta
458 2095 643 2150 primum
667 2095 978 2152 intellegentia,
1011 2097 1160 2138 deinde
1186 2112 1442 2152 consequen-

105 2151 215 2193 tium
256 2166 398 2193 rerum
438 2167 533 2194 cum
572 2153 724 2208 primis
768 2155 1010 2197 coniunctio
1054 2158 1097 2197 et
1133 2156 1441 2211 conprehensio

55 2220 89 2247 35
109 2213 222 2252 esset
258 2214 302 2251 in
337 2211 480 2265 nobis,
520 2226 570 2253 cx
608 2227 691 2266 quo
728 2213 944 2268 videlicet,
983 2214 1084 2269 quid
1122 2229 1172 2256 ex
1205 2215 1441 2269 quibusque

105 2269 232 2311 rebus
260 2269 479 2323 efficiatur,
503 2270 629 2324 idque
654 2271 820 2313 ratione
847 2273 1137 2315 concludimus
1165 2273 1442 2329 singulasque

103 2342 172 2370 res
205 2328 428 2370 definimus
460 2328 861 2385 circumscripteque
893 2332 1235 2387 complectimur,
1276 2346 1325 2372 ex
1358 2345 1441 2385 quo

1108 2399 1157 2435 7*
