1685 2568
432 126 520 164 LIB.
547 126 610 162 III.
637 126 736 162 CAP.
766 130 911 162 10-12.
938 131 958 169 ἓ
985 127 1132 162 17—22.
1359 130 1443 173 339

198 223 260 265 Ni
295 223 424 275 fallor
462 223 588 272 enim,
628 235 744 264 omne
781 235 950 276 reynum
984 222 1046 264 vel
1081 223 1298 275 imperium
1334 224 1447 268 bellis

109 283 321 335 quaeritur
355 285 393 324 et
427 281 606 323 victoriis
633 284 902 334 propayatur.
962 280 1092 322 Porro
1129 281 1232 323 bella
1260 285 1299 324 et
1326 284 1444 324 victo-

109 340 198 382 riae
228 341 358 393 captis
388 344 426 382 et
453 340 598 382 eversis
619 340 853 393 plurimum
875 339 1042 381 urbibus
1066 343 1258 382 constant.
1301 340 1357 382 Id
1379 355 1445 382 ne-

106 400 262 452 yotium
309 399 396 441 sine
437 399 603 440 deorum
643 399 804 440 iniuria
844 411 926 440 non
967 401 1046 448 est‚·
1097 400 1253 440 eaedem
1294 402 1447 452 strages

75 467 92 493 ⁵
110 458 313 499 moenium
350 460 388 498 et
417 457 673 510 templorum,
706 470 830 509 pares
859 457 995 498 caedes
1024 457 1173 498 civium
1203 461 1241 499 et
1268 459 1447 500 sacerdo-

112 519 198 557 tum
227 529 298 557 nec
329 516 546 557 dissimiles
575 516 748 568 rapinae
776 529 989 557 sacrarum
1019 516 1259 557 divitiarum
1289 519 1327 557 et
1348 531 1446 570 pro-

108 575 320 627 fanarum.
384 574 460 615 Tot
496 574 622 626 iyitur
658 574 872 626 sacrileyia
901 574 1199 624 Romanorum,
1237 578 1333 627 quot
1369 579 1448 617 tro-

103 646 224 686 paea,
257 635 313 674 tot
335 633 382 674 de
403 633 477 682 dis,
509 635 605 684 quot
626 633 674 673 de
694 633 888 685 yentibus,
914 632 1121 686 triumphi,
1147 636 1203 674 tot
1219 634 1448 688 manubiae,

110 695 206 745 quot
253 694 420 732 manent
466 690 598 732 adhuc
644 691 868 732 simulacra
917 695 1126 744 captorum
1173 692 1338 734 deorum
1380 696 1447 734 etc.

60 762 93 787 10
111 750 413 804 (Tertullianus
443 750 595 802 apotoy.
626 751 683 791 25
705 764 749 802 p.
781 752 863 791 164
897 749 1026 803 Oelil.)

112 808 198 862 [15.
219 810 280 861 24]
374 807 613 858 Carneades,
637 809 833 861 quoniam
857 812 974 850 erant
989 809 1170 862 infirma,
1195 810 1297 862 quae
1315 824 1342 851 a
1352 810 1446 863 plii-

112 867 287 920 losopliis
323 867 630 918 miserebantur,
667 868 813 909 sumsit
842 868 1059 909 audaciam
1088 868 1310 920 refellendi,
1349 870 1449 922 quia

110 926 242 978 refelli
275 939 394 979 posse
430 926 636 968 intellexit.
695 926 805 968 Eius
841 927 1128 979 disputationis
1163 940 1324 968 summa
1354 928 1450 969 liaec

109 986 217 1038 fuit:
241 985 338 1026 iura
361 985 440 1026 sibi
463 985 643 1027 homines
653 998 733 1037 pro
750 985 926 1026 utilitate
944 986 1139 1036 sanxisse,
1164 987 1314 1027 scilicet
1329 988 1449 1028 varia

61 1054 93 1080 15
104 1058 184 1097 pro
209 1044 388 1085 moribus
411 1047 449 1085 et
471 1044 582 1097 apud
604 1044 756 1085 eosdem
773 1057 852 1096 pro
883 1044 1124 1097 temporibus
1141 1058 1256 1097 saepe
1280 1049 1450 1096 mutata,

112 1104 178 1144 ius
202 1106 336 1144 autem
359 1103 550 1144 naturale
567 1115 648 1144 esse
664 1103 847 1153 nullum,·
874 1116 1008 1144 omnes
1032 1106 1068 1144 et
1090 1102 1270 1145 homines
1288 1107 1326 1145 et
1342 1105 1450 1146 alias

112 1162 342 1203 animantes
378 1162 435 1202 ad
468 1162 662 1202 utilitates
696 1174 793 1202 suas
822 1165 975 1202 natura
1006 1162 1168 1203 ducente
1196 1162 1320 1214 ferri,·
1351 1177 1448 1216 pro-

112 1221 206 1262 inde
235 1223 309 1261 aut
337 1220 497 1261 nullam
527 1233 609 1261 esse
638 1220 840 1261 iustitiam
870 1223 960 1271 aut,
999 1221 1037 1261 si
1065 1221 1121 1261 sit
1150 1221 1309 1273 aliqua,
1340 1235 1449 1263 sum-

113 1293 224 1321 mam
260 1292 341 1320 esse
375 1279 609 1329 stultitiam,
649 1280 842 1330 quoniam
879 1279 957 1320 sibi
987 1282 1141 1320 noceret
1170 1280 1316 1321 alienis
1347 1294 1449 1321 com-

61 1350 95 1375 20
113 1339 243 1380 modis
272 1337 494 1379 consulens.
541 1338 602 1378 Et
631 1338 826 1389 inferebat
854 1337 950 1379 liaec
973 1341 1234 1391 argumenta:
1266 1340 1451 1380 omnibus

105 1396 289 1451 populis,
319 1396 391 1449 qui
419 1396 609 1448 florerent
639 1397 824 1449 imperio,
861 1400 898 1437 et
926 1396 1128 1438 Romanis
1157 1411 1309 1450 quoque
1338 1399 1450 1450 ipsis,

113 1457 184 1509 qui
214 1456 334 1496 totius
364 1455 471 1496 orbis
493 1455 737 1507 potirentur,
768 1456 806 1496 si
836 1456 934 1497 iusti
962 1456 1088 1496 velint
1118 1469 1208 1506 esse,
1238 1456 1310 1497 lioc
1334 1460 1391 1498 est
1414 1458 1450 1498 si

114 1515 248 1556 aliena
278 1514 505 1564 restituant,
536 1514 592 1555 ad
620 1527 736 1555 casas
766 1527 847 1555 esse
877 1515 1123 1556 redeundum
1155 1518 1192 1556 et
1216 1516 1260 1556 in
1285 1519 1451 1568 eyestate

113 1587 163 1615 ac
191 1573 368 1614 miseriis
397 1573 622 1614 iacendum.
658 1572 920 1625 (Lactantius
938 1574 1029 1615 inst.
1056 1574 1134 1615 div.
1162 1573 1203 1615 V
1219 1577 1284 1615 16.
1302 1574 1451 1628 2—4.)

63 1642 95 1668 25
203 1631 375 1673 Sublata
403 1630 613 1672 hominum
644 1632 855 1672 concordia
885 1634 1013 1673 virtus
1043 1632 1160 1673 nulla
1189 1636 1247 1674 est
1275 1634 1450 1674 omnino.

117 1690 229 1743 Quae
251 1693 348 1732 sunt
371 1691 479 1731 enim
490 1690 657 1743 patriae
675 1691 881 1732 commoda
900 1692 982 1732 nisi
1001 1691 1169 1732 alterius
1187 1692 1362 1732 civitatis
1380 1695 1454 1733 aut

111 1750 242 1803 yentis
272 1748 556 1791 incommoda?
594 1749 638 1790 id
666 1752 724 1791 est
751 1750 852 1802 fines
874 1763 1106 1803 propayare
1135 1750 1232 1792 aliis
1262 1751 1452 1792 violenter

115 1811 282 1862 ereptos,
319 1821 464 1861 anyere
498 1808 731 1860 imperium,
768 1809 977 1861 vectigalia
1005 1809 1137 1860 facere
1166 1809 1354 1851 meliora.
1375 1843 1384 1852 .
1404 1842 1413 1852 .
1433 1842 1443 1851 .

114 1867 232 1908 Haec
262 1868 408 1919 itaque,
438 1869 486 1908 ut
508 1866 589 1919 ipsi
612 1867 830 1919 appellant,
862 1867 965 1908 bona
990 1869 1173 1920 quisquis
1190 1869 1356 1921 patriae
1380 1869 1451 1910 ad-

63 1936 96 1962 so
115 1926 310 1979 quisierit,
335 1925 407 1967 lioc
425 1928 483 1967 est
500 1925 646 1966 eversis
664 1925 891 1967 civitatibus
906 1927 1164 1979 gentibusque
1183 1927 1318 1968 deletis
1336 1941 1451 1968 aera-

116 1986 226 2026 rium
247 1985 427 2038 pecunia
456 1984 668 2036 referserit,
700 1997 818 2037 ayros
848 1986 1003 2038 ceperit,
1035 1987 1136 2027 cii-es
1165 1999 1259 2027 suos
1285 1986 1450 2039 locuple-

119 2044 236 2085 tiores
258 2044 406 2095 fecerit‚
430 2042 495 2084 liic
520 2042 707 2084 laudibus
728 2043 862 2094 fertur
879 2045 925 2085 in
944 2044 1109 2094 caelum,
1132 2045 1178 2085 in
1196 2044 1268 2086 lioc
1278 2048 1453 2098 putatur

116 2116 278 2144 summa
313 2105 351 2143 et
377 2101 559 2155 perfecta
589 2114 669 2143 esse
698 2102 846 2151 virtus,·
883 2104 954 2155 qui
984 2117 1096 2145 error
1125 2117 1207 2144 non
1239 2104 1354 2144 modo
1377 2117 1451 2156 po-

109 2161 205 2214 puli
239 2164 278 2202 et
312 2161 608 2214 imperitorum,
644 2160 715 2201 sed
750 2161 871 2202 etiam
902 2161 1231 2214 pliilosopliormn
1269 2166 1340 2211 est,
1381 2162 1450 2214 qui

67 2229 98 2256 ⁵5
109 2223 325 2273 praecepta
363 2232 516 2272 quoque
554 2220 655 2260 dant
693 2219 749 2260 ad
785 2219 1048 2270 iniustitiam,
1088 2234 1138 2261 ne
1175 2221 1369 2262 stultitiae
1405 2233 1450 2260 ac

116 2279 300 2320 malitiae
323 2279 560 2331 disciplinae
584 2278 804 2319 auctoritas
828 2279 937 2320 desit.
974 2277 1236 2332 (Lactantius
1261 2280 1350 2320 inst.
1374 2279 1440 2319 div

125 2337 193 2379 VI
217 2340 255 2379 6.
284 2341 337 2379 19
368 2340 405 2378 et
432 2337 522 2392 23.)

1097 2406 1169 2440 22*

1474 818 1512 850 21

1477 1640 1516 1673 22
