1685 2568
434 112 523 149 LIB.
549 113 594 149 ΙΙ.
622 112 721 149 CAP.
749 118 899 148 37—41.
926 117 946 156 ξ
972 118 1120 149 63—68.
1365 115 1450 156 3⁶29

113 211 256 250 autem
301 209 391 250 sine
435 209 566 250 ullius
606 209 756 263 populi
797 209 991 263 exemplo
1033 223 1167 263 genus
1204 210 1345 263 ipsum
1385 224 1452 250 ex-

112 267 244 322 quiris
290 268 444 322 optimi
488 270 647 321 status,
689 270 869 308 naturae
912 268 1100 323 imagine
1144 268 1349 308 utendum
1387 271 1452 308 est

110 326 248 381 nobiS,
269 327 471 381 quoniam
492 329 540 368 tu
558 327 670 368 hane
689 326 922 381 imaginem
944 326 1062 367 urbis
1083 328 1126 367 et
1144 326 1292 381 populi
1314 326 1359 367 ni
1373 359 1381 366 .
1397 359 1405 367 .
1420 358 1429 367 .
1443 358 1453 367 .

527 409 688 460 [Multa
718 409 1029 461 desiderantur]

208 512 218 522 .
369 513 378 522 .
418 493 536 533 quem
584 479 671 520 iam
718 479 876 520 dudum
924 493 1082 533 quaero
1129 480 1173 520 et
1220 478 1274 520 ad
1321 479 1374 531 [p
1409 489 1452 521 19

77 549 239 592 5quem
278 539 402 593 cupio
441 538 675 592 pervenire.
737 538 785 579 L.
817 537 1076 579 Prudentem
1112 537 1298 578 fortasse
1331 552 1455 592 quae-

112 597 201 638 ris‘?
247 596 357 638 Tum
388 597 479 638 ille:
511 595 686 636 Istum
675 611 828 651 ipsum.
878 597 927 639 L.
958 596 1040 638 Est
1065 596 1146 637 tibi
1172 611 1222 637 ex
1249 596 1309 637 eis
1336 597 1454 651 ipsis,

112 656 184 709 qui
210 655 377 709 adsunt,
410 655 526 696 bella
553 654 688 709 eopia,
718 655 786 696 vel
814 658 861 696 ut
888 671 912 697 a
937 658 981 696 te
1006 656 1100 710 ipso
1129 655 1307 696 ordiare.
1345 655 1455 696 Tum

111 712 273 768 Scipio:
306 714 450 769 Atque
482 713 648 754 utinam
680 728 729 755 ex
763 714 880 755 omni
912 718 1063 756 senatu
1093 728 1171 769 pro
1204 716 1301 755 rata
1331 717 1455 769 parte

111 774 242 814 esset!
287 771 369 814 Sed
407 776 553 814 tamen
591 774 656 813 est
694 773 768 813 ille
801 773 1004 827 prudens,
1043 773 1132 827 qui,
1170 776 1220 814 ut
1251 787 1377 827 saepe
1410 773 1454 814 in

58 843 92 869 10
111 831 260 873 Africa
279 832 476 885 vidimus,
496 831 676 872 immani
697 834 739 872 et
756 835 905 873 vastae
920 832 1109 873 insidens
1123 832 1275 873 beluae
1290 834 1456 873 coercet

110 893 154 931 et
184 891 296 945 regit
322 891 505 944 beluam,
538 905 804 944 quocumque
830 891 936 944 vult,
968 891 1053 932 levi
1079 891 1301 932 admonitu
1325 890 1456 944 †non

110 947 220 1002 acsstu
251 949 433 991 inflectit
462 949 586 990 illam
611 949 760 991 feram.
803 950 852 991 L.
878 949 991 991 Novi
1018 952 1073 1004 et,
1098 949 1180 991 tibi
1206 965 1302 991 eum
1329 951 1382 1002 [p.
1410 961 1455 992 20

110 1022 247 1049 essem
293 1009 483 1064 legatus,
528 1023 654 1063 saepe
698 1008 796 1049 vidi.
858 1008 900 1051 S.
932 1008 1050 1064 Ergo
1095 1009 1170 1050 ille
1207 1008 1338 1050 Indus
1381 1011 1457 1050 aut

108 1066 277 1108 Poenus
310 1083 439 1109 unam
472 1070 639 1109 coercet
669 1067 859 1121 beluam,
892 1070 935 1108 et
968 1082 1062 1108 eam
1094 1068 1275 1109 docilem
1308 1070 1350 1109 et
1381 1068 1456 1109 hu-

0 1162 2 1167 .
58 1138 89 1163 15
109 1126 249 1168 manis
287 1127 480 1168 moribus
519 1127 759 1179 adsuetam3
799 1129 844 1167 at
881 1141 981 1167 vero
1021 1141 1087 1180 ea7
1126 1141 1234 1180 quae
1271 1127 1380 1167 latet
1411 1127 1456 1167 in

0 1171 3 1187 ³
110 1185 264 1226 animis
304 1185 528 1227 hominum
570 1199 761 1239 quaeque
800 1199 901 1240 pars
943 1185 1076 1226 animi
1113 1200 1233 1226 mens
1265 1188 1456 1239 vocatur,

108 1258 195 1285 non
232 1259 362 1285 unam
401 1247 475 1285 aut
511 1244 684 1285 facilem
724 1243 777 1285 ad
815 1244 1099 1298 subigendum
1135 1244 1278 1285 frenat
1310 1247 1352 1285 et
1385 1244 1454 1285 do-

109 1305 212 1356 mat,
245 1303 281 1344 si
314 1303 482 1357 quando
514 1303 558 1343 id
590 1303 733 1355 efficit,
766 1303 879 1357 quod
909 1317 1086 1357 perraro
1117 1305 1275 1359 potest.
1324 1302 1454 1344 Nam—

110 1375 190 1416 que
223 1364 266 1403 et
295 1362 374 1403 illa
405 1362 591 1403 tenenda
623 1364 689 1402 est
719 1361 860 1403 ferox,
881 1395 889 1403 .
912 1395 920 1403 .
941 1395 950 1403 .

269 1431 588 1484 [Desiderantur
618 1436 811 1485 quattuor
841 1446 1060 1474 mmmmm
1082 1433 1294 1486 paymae]
1468 1475 1519 1514 41

57 1515 91 1541 20
197 1503 260 1545 M.
301 1504 464 1545 Tullius
503 1504 551 1544 de
588 1517 634 1545 re
665 1503 833 1556 publzea
875 1504 940 1544 lib
975 1503 1051 1544 II:
1096 1517 1204 1557 quae
1246 1504 1455 1559 sanguine
1482 1524 1523 1556 68

110 1562 260 1616 alitur,
302 1577 410 1617 quae
449 1562 495 1603 in
537 1562 654 1603 omni
691 1562 944 1603 crudelitate
984 1562 1044 1603 sio
1082 1563 1265 1617 exultat,
1305 1566 1353 1604 ut
1384 1563 1455 1604 vix

108 1621 334 1663 hominum
353 1621 517 1663 acerbis
536 1621 760 1663 funeribus
781 1621 973 1662 satietur.
1010 1628 1026 1673 (
1026 1621 1194 1662 ¹Romus
1200 1636 1244 1674 p.
1257 1625 1352 1663 300.
1364 1623 1456 1676 24.)

197 1680 261 1722 M.
289 1681 452 1722 Tullius
482 1682 528 1722 de
558 1694 603 1721 re
626 1681 738 1733 publ.
768 1680 833 1721 lib.
859 1680 935 1721 H:
968 1680 1121 1735 cupido
1148 1683 1292 1721 autem
1319 1683 1362 1722 et
1389 1695 1455 1722 ex-

108 1739 276 1794 petenti
314 1742 357 1781 et
388 1739 632 1780 lubidinoso
666 1742 709 1780 et
739 1739 1034 1781 volutabundo
1066 1739 1112 1780 in
1142 1739 1454 1794 voluptatibus.

57 1807 91 1834 25
109 1798 295 1852 (Nonius
316 1813 361 1851 p.
393 1801 487 1840 491.
517 1800 605 1852 16.)

196 1857 260 1898 M.
294 1857 457 1899 Tullius
487 1858 534 1899 de
563 1871 608 1899 re
629 1857 742 1910 publ.
775 1858 840 1899 lib.
872 1857 932 1898 II
935 1871 948 1898 .·
982 1859 1221 1912 quartaque
1248 1857 1453 1899 anxitudo

108 1930 246 1971 prona
277 1916 331 1958 ad
362 1916 525 1958 luctum
558 1918 601 1957 et
632 1930 827 1958 maerens
861 1931 1113 1972 semperque
1145 1917 1241 1971 ipsa
1266 1931 1311 1958 se
1338 1916 1454 1958 solli-

109 1975 258 2016 citans.
319 1975 505 2027 (Nonius
528 1989 572 2028 p.
605 1978 674 2017 72.
705 1976 792 2028 30.)

196 2034 260 2075 M.
289 2034 452 2076 Tullius
483 2036 529 2075 de
559 2047 603 2075 re
631 2034 737 2087 publ.
771 2034 835 2075 lib.
867 2034 927 2076 II
931 2048 944 2075 .·
977 2049 1070 2076 esse
1102 2037 1247 2076 autem
1280 2049 1453 2090 angore,

57 2103 91 2129 80
110 2107 201 2134 esse
233 2093 407 2134 miseria
439 2093 634 2134 adflictas
667 2096 741 2134 aut
774 2093 962 2135 abiectas
994 2093 1229 2135 timiditate
1261 2096 1304 2135 et
1335 2094 1454 2149 igna-

108 2151 190 2193 via.
239 2151 426 2204 (Nonius
449 2166 493 2205 10·
523 2154 624 2194 228.
655 2152 742 2205 19.)

196 2211 260 2252 M.
289 2211 452 2252 Tullius
483 2215 528 2252 de
557 2225 600 2252 re
628 2211 736 2263 publ.
770 2211 834 2252 lib.
866 2211 944 2252 II:
976 2210 1038 2253 Ut
1071 2212 1222 2267 auriga
1254 2211 1451 2252 indoctus

109 2283 133 2310 e
164 2284 291 2311 eurru
321 2269 524 2324 trahitur,
555 2270 779 2324 opteritur7
811 2270 1012 2325 laniatur,
1045 2271 1228 2312 eliditur.
1266 2270 1452 2323 (Nonius

103 2342 146 2382 p.
176 2331 277 2371 292.
307 2332 365 2371 32
394 2329 535 2380 Blera,
565 2331 665 2371 292.
695 2333 723 2371 3
754 2329 913 2384 taz'ch.)

1467 462 1520 501 40
