1685 2568
393 81 482 118 LIB.
509 81 553 118 ΙΙ.
581 80 680 117 CAP.
707 85 765 124 43,
790 84 845 116 44.
872 83 891 122 ς
919 83 1115 115 111—114.
1374 76 1431 119 87

87 177 198 220 Hinc
231 181 375 220 autem
408 178 626 239 aspicitur,
1435 180 1504 212 113

145 247 214 290 Ut
246 263 356 291 sese
388 248 664 291 ostendens
698 245 916 301 emergit
947 243 1192 300 Scorpios
1225 243 1331 284 alte

144 306 445 350 Posteriore
464 306 678 348 trahens
698 305 902 360 plexum
921 304 971 346 vi
990 302 1223 358 corporis
1245 315 1433 354 arcum,

148 364 301 414 Quem
327 368 540 422 propter
561 364 732 405 nitens
753 363 926 418 pinnis
947 361 1278 404 convolvitur
1298 359 1432 401 Ales.

50 434 68 461 ⁵
147 424 215 465 At
258 427 471 480 propter
514 437 564 465 se
595 422 787 477 Aquila
826 421 1030 465 ardenti
1070 434 1178 463 cum
1219 431 1434 473 corpore

1123 479 1315 534 portat

87 553 254 595 Deinde
285 553 539 608 Delphinus,

145 624 340 666 Exinde
372 622 530 665 Orion
561 621 776 676 obliquo
808 634 1023 676 corpore
1053 619 1240 661 nitens.

87 704 223 754 Quem
258 706 522 760 subsequens
1439 706 1509 738 114

146 787 396 829 Fervidus
434 786 527 828 ille
560 785 713 829 Canis
749 785 1165 827 stellarumvluce
1196 783 1438 839 refulget.

0 901 3 924 ‚
51 881 68 908 o
87 869 198 911 Post
228 869 371 925 Lepus
405 869 684 923 subsequitur

147 940 473 983 Curriculum
493 954 765 994 numquam
787 938 987 980 defesso
1009 952 1222 994 corpore
1243 937 1438 978 sedans.

146 1000 217 1041 At
269 998 433 1041 Oanis
492 998 554 1040 ad
610 998 816 1040 caudam
875 1012 1085 1052 serpens
1140 996 1440 1053 prolabitur

1043 1056 1176 1111 Argo
1204 1089 1212 1097 .
1240 1089 1248 1097 .
1275 1089 1284 1096 .
1311 1088 1319 1096 .

146 1117 291 1159 Hanc
310 1116 461 1158 Aries
487 1116 623 1172 tegit
653 1118 703 1157 et
729 1129 1002 1169 squamoso
1030 1129 1243 1169 corpore
1262 1113 1438 1155 Pisces

146 1175 401 1217 Fluminis
445 1174 662 1216 inlustri
700 1175 995 1228 tangentem
1034 1186 1249 1228 corpore
1285 1172 1440 1227 ripas.

54 1269 69 1296 5
91 1257 227 1308 Quem
260 1258 389 1313 longe
422 1258 666 1312 serpentem
699 1258 742 1297 et
773 1258 1023 1297 manantem
1056 1255 1238 1310 aspicies

651 1351 969 1393 proceraque
1001 1335 1187 1379 Vincla
1218 1336 1441 1392 videbis,

149 1399 285 1449 Quae
327 1398 557 1440 retinent
587 1396 760 1438 Pisces
803 1396 1076 1438 caudarum
1118 1410 1143 1437 a
1179 1398 1327 1451 parte
1365 1395 1441 1438 lo-

1062 1457 1178 1496 cata
1203 1488 1212 1497 .
1240 1488 1249 1497 .
1276 1488 1284 1496 .
1312 1488 1320 1496 .

147 1516 268 1559 Inde
294 1515 467 1571 Nepae
499 1529 675 1557 cernes
707 1516 923 1570 propter
947 1513 1205 1568 fulgentis
1233 1528 1443 1556 acumen

149 1576 321 1630 Aram,
354 1589 502 1631 quam
532 1574 670 1616 flatu
700 1573 988 1629 permulcet
1014 1572 1234 1628 spiritus
1261 1571 1441 1614 austri.

58 1658 363 1714 oPropterque
395 1656 635 1699 Centaurus

150 1728 298 1772 Cedit
358 1727 489 1782 Equi
550 1727 717 1782 partis
779 1740 1065 1782 properans
1128 1725 1442 1781 subiungere

0 1811 13 1836 r*
150 1846 244 1889 Hic
282 1846 514 1887 dextram
550 1858 791 1901 porgens,
830 1783 1443 1899 quadrupeSCssueahSV-asm

151 1963 338 2006 Tendit
395 1965 444 2005 et
492 1962 768 2005 inlustrem
818 1905 1333 2062 truculentliigiileldlit
1383 1960 1444 2002 ad

1199 2035 1323 2074 ram3

150 2081 247 2124 Hic
279 2095 390 2123 sese
421 2080 643 2122 infernis
677 2095 700 2122 e
731 2080 971 2136 partibus
1004 2080 1164 2136 erigit
1195 2079 1388 2134 Hydra,

5 2213 16 2220 η
58 2164 212 2207 ⁵cuius
245 2164 375 2220 longe
408 2177 562 2218 corpus
595 2165 661 2205 est
691 2162 848 2218 fusum,

151 2234 210 2277 In
240 2234 507 2289 medioque
540 2233 654 2276 sinu
684 2234 892 2289 fulgens
925 2231 1142 2276 Cratera
1172 2232 1383 2274 relucet.

151 2293 446 2336 Extremam
476 2292 648 2334 nitens
679 2293 911 2349 plumato
945 2306 1160 2348 corpore
1192 2290 1389 2333 Corvus
