1685 2568
218 95 301 129 VIII
629 92 905 128 ADNOTATIO
934 91 1132 127 CRITICA.

217 188 292 232 opt.
314 187 432 230 codd,
459 187 602 223 Caelius
627 187 720 230 edd,
746 187 836 221 item
860 198 896 231 p.
919 191 995 221 163.
1017 190 1061 220 26
1081 186 1120 220 et
1142 189 1198 229 37,
1226 189 1302 220 166.
1329 188 1348 220 5
1376 185 1415 220 et
1439 189 1482 220 23
1509 186 1546 220 et

217 238 271 276 28,
305 239 381 268 174.
413 238 469 277 35,
500 247 535 279 p.
571 239 649 270 383.
684 239 725 268 16
764 244 808 268 ex
844 233 875 266 A
913 233 1010 267 certe
1042 231 1197 266 Vahlen.
1237 231 1343 266 affert
1379 233 1546 275 coelium3

217 281 330 315 etiam
359 293 395 326 p.
429 285 508 316 445.
542 285 582 316 11
618 281 654 316 0.
689 280 829 316 Coelius
859 279 963 315 codd.
998 300 1040 305 —
1072 280 1110 313 P.
1144 283 1198 313 51.
1229 284 1270 314 16
1295 279 1503 314 medicinae
1528 289 1548 312 6

202 327 296 362 .cod.
323 327 428 372 Glog.
461 327 512 372 (in
544 339 615 371 quo
646 329 770 362 tamen
801 337 880 361 esse
911 337 971 361 ars
1002 327 1199 361 medicinae
1228 326 1333 360 nulla
1363 329 1413 360 est
1436 327 1548 360 testa-

216 376 276 409 tur
306 374 452 415 Heind.)
484 374 578 410 Bait.
612 375 651 408 eb
684 373 849 408 Schoem.
876 372 1066 417 Madvigio
1093 374 1259 413 auctore3
1291 382 1376 405 nam
1404 371 1548 406 ‘Latine

217 420 291 456 dici
315 422 495 456 medicina
519 432 580 456 ars
604 431 678 456 non
703 424 766 462 est,
792 431 865 453 non
891 430 951 454 ars
975 421 1094 462 nulla,
1120 419 1228 453 keine
1249 418 1545 453 WVissenschaflz.²

218 467 256 502 Si
281 467 430 512 quidem
455 467 584 502 Latine
617 478 677 502 ars
701 468 898 502 medicinae
922 467 1068 501 tantum
1099 465 1301 509 diceretur,
1332 476 1406 500 non
1437 465 1549 499 etiam

216 525 277 550 ars
309 515 486 549 medicina
516 514 631 558 (Varr.
664 514 709 548 de
741 513 828 558 ling.
862 512 940 548 Lat.
973 513 1005 546 V
1037 517 1097 555 933
1130 513 1173 547 cf.
1231 511 1353 554 Quint.
1392 511 1460 546 XII
1494 516 1546 546 11.

217 566 262 596 24
292 562 345 596 rei
375 562 546 595 militaris
577 565 609 596 et
637 561 793 595 rusticae
824 564 856 595 et
885 560 1105 602 medicinae).
1140 580 1183 585 —
1214 559 1252 593 P.
1280 563 1335 594 52.
1362 563 1382 594 6
1409 570 1546 594 conver-

217 610 424 652 sionumque
450 607 545 651 Em„
572 607 738 642 Schoem.
765 610 837 651 (op.
859 607 908 640 III
934 609 1028 650 328),
1054 606 1209 642 Vahlen.
1237 606 1281 640 de
1308 605 1404 650 legg.
1432 618 1466 650 p.
1494 609 1547 648 21,

217 656 477 690 conversionem
508 654 624 697 codd,
658 664 763 688 cruce
794 652 922 688 addita
946 653 1040 688 Bait..
1074 653 1129 687 ed.
1159 653 1229 696 Or.,
1261 654 1303 687 in
1328 654 1549 688 conversione

217 701 353 745 Davis.,
385 700 479 737 Bait.
515 701 568 735 ed.
596 701 757 734 Tauchn.
784 721 827 726 -—
858 699 895 733 P.
923 704 976 735 52.
1004 704 1047 735 36
1073 711 1147 735 non
1179 699 1377 734 delendum
1409 699 1550 734 censuit

218 748 258 782 A.
292 749 340 782 du
371 747 504 782 Mesnil
536 748 574 782 in
606 747 782 781 Fleckeis.
816 746 936 781 annal.
967 749 1053 782 1877
1079 759 1113 791 p.
1143 751 1209 781 760
1225 758 1275 790 sq.
1303 757 1376 780 non
1401 745 1548 788 inscite3

218 794 416 828 dicendum
441 794 538 828 enim
564 795 643 829 erat
667 795 730 828 aut
761 794 824 828 An
850 814 892 818 —
918 794 1037 838 possis
1067 794 1219 836 adduci,
1252 797 1293 828 ut
1318 797 1442 837 putes;
1470 797 1549 828 tau-

217 846 293 877 tum
323 852 403 887 erqo
434 846 602 876 ornatum
628 862 670 866 —
703 851 820 876 nonne
853 842 1008 885 desipere
1037 839 1203 875 videare?
1235 841 1297 874 aut
1323 840 1386 875 An
1410 860 1454 866 ——
1477 851 1551 874 non

212 889 332 933 possis
362 889 513 931 adduci,
545 892 585 923 ut
609 892 734 932 putes;
765 891 907 922 tantum
937 891 1104 922 ornatum
1129 907 1173 912 —
1203 891 1245 922 ut
1274 891 1376 922 tuum
1407 898 1449 922 ac
1478 898 1551 921 non

219 937 364 970 deorum
384 956 426 960 —
448 939 570 979 putes,
592 934 735 979 possis?
773 934 845 968 Sed
870 933 1018 968 videtur
1044 932 1168 967 Cicero
1195 944 1217 967 a
1242 945 1349 968 cursu
1374 933 1551 968 orationis

219 983 288 1016 hoc
314 981 423 1015 modo
450 982 642 1015 institutae
667 981 778 1025 paulo
804 980 1061 1025 neglegentius
1088 979 1288 1015 deflexisse.
1310 1001 1353 1005 ——
1373 980 1410 1014 P.
1431 984 1485 1015 54.
1507 984 1551 1014 20

217 1030 273 1063 his
300 1028 405 1062 codd.
433 1029 470 1062 et
495 1028 576 1064 edd.
605 1049 647 1053 ——-
673 1027 711 1062 P.
740 1032 793 1062 54.
822 1032 862 1062 21
891 1029 1065 1070 efficietur
1091 1026 1195 1061 codd.
1217 1026 1314 1060 ABV
1340 1027 1428 1070 (fere
1453 1027 1552 1061 idem

219 1075 318 1119 quod
344 1087 376 1109 v.
406 1079 447 1110 18
473 1076 569 1118 effici
588 1079 720 1120 potest,
754 1074 798 1109 cf.
831 1074 878 1108 ad
903 1075 1008 1109 Tusc.
1035 1086 1070 1118 p.
1098 1078 1175 1109 333.
1204 1078 1258 1116 22,
1290 1073 1387 1108 infra
1410 1086 1445 1119 p.
1473 1078 1550 1109 264.

219 1124 288 1164 32),
314 1122 471 1165 efficitur
497 1121 579 1156 edd.
607 1143 649 1147 —
674 1121 713 1156 P.
740 1124 796 1156 54.
824 1126 867 1156 35
898 1122 980 1156 item
1005 1120 1098 1154 Bait.
1131 1120 1187 1154 ed.
1215 1120 1374 1154 Tauchn.
1402 1120 1481 1154 veri
1507 1120 1553 1154 si-

217 1168 366 1203 militer.
400 1189 443 1194 —
480 1168 518 1202 P.
547 1173 600 1203 55.
635 1173 653 1203 7
675 1180 727 1212 sq.
759 1180 849 1212 quae
881 1169 1028 1202 alantur
1059 1172 1091 1202 et
1121 1178 1211 1212 quae
1243 1172 1402 1202 crescant
1434 1167 1552 1209 codd,

219 1227 308 1260 quae
333 1216 484 1250 aluntur
508 1219 612 1259 atque
637 1219 799 1250 crescunt
824 1214 930 1257 Bau„
958 1214 1137 1257 Schoem.,
1164 1214 1287 1249 nescio
1314 1225 1393 1256 ραι-ς
1420 1213 1464 1249 cf.
1492 1214 1552 1248 vel

219 1275 253 1306 p.
275 1266 330 1296 54.
351 1266 394 1296 26
421 1262 515 1306 quod
534 1263 650 1296 animi
673 1263 832 1307 quodque
855 1263 1010 1297 rationis
1035 1265 1085 1296 est
1109 1271 1249 1305 eoepers,
1276 1265 1354 1296 436.
1376 1265 1417 1296 31
1445 1273 1553 1306 quam

221 1310 347 1343 laudat
378 1313 410 1343 et
444 1320 552 1353 quam
581 1310 735 1344 maxime
760 1309 893 1353 probat
924 1309 1005 1351 etc„
1040 1307 1085 1342 de
1112 1307 1347 1342 coniunctivo
1375 1319 1407 1342 v.
1434 1320 1469 1353 p.
1499 1312 1551 1342 16.

221 1360 275 1390 31.
302 1375 346 1381 —-
371 1355 409 1389 P.
437 1359 491 1390 55.
518 1358 562 1390 35
577 1367 629 1399 sq.
657 1357 888 1390 contineatur
913 1376 956 1380 —
982 1356 1029 1390 sit
1054 1375 1097 1380 —
1124 1356 1303 1390 contineat
1328 1355 1446 1398 codd,
1473 1365 1553 1390 con-

220 1404 355 1437 tinetur
380 1423 424 1427 —
448 1403 491 1446 fit
516 1422 559 1428 -—
586 1404 741 1437 continet
765 1402 908 1444 Heind,
934 1401 1041 1445 Bait„
1069 1401 1234 1436 Schoem.
1266 1402 1378 1446 paulo
1404 1401 1483 1436 veri
1508 1401 1554 1435 si-

219 1448 343 1482 milius
376 1447 435 1493 (cf.
468 1449 593 1483 tamen
622 1449 778 1483 maxime
810 1461 844 1494 p.
880 1453 933 1483 12.
960 1450 1030 1492 29),
1062 1447 1153 1482 item
1182 1460 1316 1494 magna
1344 1449 1399 1484 vis
1424 1449 1555 1483 caloris

219 1501 333 1530 terrae
358 1507 432 1530 cav.
459 1500 549 1530 cont.
578 1495 721 1538 Heind,
748 1495 913 1530 Schoem.
941 1516 984 1521 —
1016 1495 1053 1529 P.
1080 1498 1135 1530 56.
1162 1498 1182 1530 5
1208 1499 1240 1530 et
1269 1496 1364 1538 fusio
1390 1495 1554 1538 Lallem.,

219 1542 340 1577 Madv.
372 1542 453 1576 adv.
487 1543 521 1577 II
551 1554 585 1587 p.
622 1547 688 1577 242
710 1553 774 1586 sq.,
814 1542 992 1586 Schoem.,
1030 1542 1153 1586 effusio
1185 1541 1289 1576 codd.
1322 1543 1467 1586 (effusae
1498 1541 1554 1585 B),

221 1601 290 1624 om.
324 1588 420 1624 Bait.
454 1609 496 1614 —
528 1589 566 1623 P.
599 1593 654 1625 56.
687 1593 706 1623 9
740 1590 936 1625 adstrictus
966 1588 1200 1633 scripseram,
1234 1599 1316 1622 cum
1347 1588 1425 1623 vidi
1456 1588 1555 1623 idem

221 1636 295 1670 iam
325 1635 538 1670 Heindorfio
569 1635 609 1670 in
638 1637 800 1670 mentem
836 1636 996 1679 venisse,
1035 1636 1183 1670 adiectis
1223 1636 1397 1680 (adiectis)
1437 1636 1555 1679 codd,

221 1682 328 1726 Bait„
362 1682 541 1726 Schoem.,
574 1694 643 1718 om.
677 1683 751 1717 alii.
786 1704 828 1708 —-
853 1682 891 1717 P.
925 1687 980 1717 56.
1013 1686 1057 1717 23
1095 1684 1321 1726 effervescunt
1353 1682 1457 1717 codd.
1489 1682 1555 1716 BH

221 1730 260 1764 et
284 1729 316 1763 V
347 1728 386 1762 in
417 1740 544 1774 marg„
577 1729 671 1772 edd,
702 1731 752 1765 eis
782 1731 983 1773 fervescunt
1006 1729 1082 1763 AV.
1115 1750 1157 1754 —
1189 1728 1227 1763 P.
1261 1733 1314 1763 58.
1351 1733 1391 1764 15
1418 1731 1556 1774 prima

222 1776 327 1811 codd.
354 1775 462 1819 AVB,
483 1778 604 1820 primo
629 1776 730 1818 edd.;
764 1787 797 1810 v.
833 1776 881 1810 ad
912 1775 1026 1810 Aead.
1058 1787 1094 1820 p.
1127 1779 1181 1810 35.
1215 1780 1270 1819 22,
1299 1781 1352 1811 72.
1379 1780 1434 1819 34,
1461 1775 1557 1810 infra

222 1826 300 1857 328.
328 1827 359 1856 4.
388 1843 430 1848 —
455 1822 493 1856 P.
521 1826 575 1857 58.
605 1827 647 1858 16
678 1824 879 1869 yiqnantur
904 1822 1022 1865 codd,
1047 1824 1248 1868 yigynuntur
1273 1822 1422 1865 Manut„
1448 1823 1555 1866 Bait„

223 1869 406 1911 Schocm.;
444 1880 477 1903 v.
515 1881 550 1914 p.
586 1873 639 1904 16.
672 1874 727 1904 31.
762 1890 804 1894 —-
836 1869 874 1903 P.
907 1874 961 1904 60.
997 1874 1038 1903 14
1069 1873 1119 1904 est
1155 1871 1319 1904 admixta
1348 1869 1443 1904 Bait.
1477 1869 1555 1904 sine

222 1916 299 1950 ulla
333 1926 458 1958 causa3
495 1915 540 1950 cf.
572 1928 607 1961 p.
641 1919 696 1951 56.
731 1919 784 1951 18.
812 1937 855 1942 -—
887 1916 925 1950 P.
959 1921 1012 1951 60.
1046 1920 1089 1950 20
1124 1917 1164 1950 in
1189 1926 1258 1950 om.
1287 1916 1462 1959 Schoem..
1497 1916 1556 1950 cui

223 1963 368 1996 videtur
387 1964 556 1998 immenso
573 1964 706 1998 mundo
727 1974 804 1997 esse
826 1962 983 1997 dativus.
1006 1983 1048 1988 ——
1068 1962 1106 1996 P.
1123 1966 1177 1997 60.
1193 1967 1236 1997 25
1250 1964 1379 2007 possit
1398 1963 1503 1998 codd.
1520 1964 1558 1997 et

223 2009 304 2043 edd.
326 2008 386 2051 (ad
406 2009 517 2045 Acad.
534 2022 567 2054 p.
584 2014 638 2044 52.
654 2012 722 2053 25).
738 2030 781 2035 -—
795 2009 832 2044 P.
849 2014 903 2044 60.
919 2014 962 2044 37
984 2013 1088 2054 atque
1106 2011 1188 2043 item
1206 2010 1344 2054 reliqua
1364 2009 1434 2053 Or.,
1449 2010 1556 2052 Bait,

224 2055 317 2090 coni.
344 2055 494 2098 Heind.;
527 2068 560 2090 v.
592 2056 639 2090 ad
664 2056 768 2090 Tusc.
801 2068 835 2101 p.
869 2061 947 2091 442.
974 2061 1028 2090 33.
1057 2076 1099 2081 —
1125 2055 1163 2090 P.
1192 2060 1244 2091 61.
1272 2061 1315 2090 36
1342 2057 1559 2101 circumque

221 2104 375 2146 ferretur
406 2102 524 2146 codd,
550 2103 644 2137 Bait..
673 2102 734 2149 [cf.
767 2115 801 2148 p.
831 2107 883 2137 75.
911 2107 954 2138 35
987 2104 1211 2138 conversione
1234 2104 1393 2138 rotunda
1419 2103 1493 2147 (hic
1518 2104 1559 2138 in

224 2150 352 2192 orbem)
379 2151 513 2184 circum
537 2151 692 2185 medium
715 2150 911 2195 feruntur],
941 2151 1212 2194 circumquaque
1237 2149 1380 2193 Heind,
1411 2152 1558 2185 circum—

223 2197 377 2239 ferretur
393 2196 558 2230 Schoem.
575 2217 617 2222 —
632 2196 671 2231 P.
688 2201 741 2231 62.
761 2201 804 2231 36
825 2208 966 2241 quaero
981 2196 1073 2230 Bait.
1090 2217 1132 2221 —
1148 2196 1184 2230 P.
1202 2201 1256 2231 63.
1275 2202 1314 2231 13
1330 2208 1363 2231 v.
1379 2196 1557 2232 Fleckeis.

224 2253 306 2278 ann.
334 2255 370 2288 p.
400 2247 463 2277 142
479 2254 531 2286 sq.
559 2264 603 2269 --
628 2243 666 2278 P.
695 2248 749 2279 64.
778 2247 818 2277 15
845 2244 937 2278 Inde
962 2243 1069 2286 Bait,
1095 2243 1158 2277 Ita
1184 2243 1348 2278 Schoem.
1370 2264 1414 2269 —-
1438 2243 1476 2278 P.
1504 2248 1558 2279 66.

224 2295 245 2324 4
278 2291 347 2325 iis?
374 2310 417 2315 --
451 2289 490 2324 P.
519 2294 572 2325 67.
599 2295 643 2325 33
674 2290 720 2325 A.
752 2291 869 2326 Atilio
893 2289 1071 2326 Fleckeis.
1103 2289 1271 2324 kritisch.
1302 2290 1404 2325 Misc.
1436 2302 1471 2335 p.
1504 2294 1560 2336 56,
