1685 2568
125 1021 168 1051 32

127 1432 180 1473 18

124 1484 167 1514 33

130 2305 182 2346 19

125 2356 171 2386 34

193 116 279 157 316
661 115 726 149 DE
751 115 814 150 RE
839 115 1046 150 PUBLICA

194 225 388 267 gnaeque
414 212 648 252 extiterunt
666 226 733 252 res
754 212 945 265 bellicae,
968 210 1154 265 fecitque
1172 210 1284 252 idem
1304 213 1347 252 et
1366 211 1530 267 saepsit

193 271 242 311 de
269 270 481 311 manubiis
509 270 731 312 comitium
756 272 800 311 et
824 270 985 311 curiam
1011 269 1319 323 constituitque
1337 269 1415 324 ius,
1442 285 1525 325 quo

192 328 309 370 bella
350 329 654 382 indicerentur,
698 328 810 382 quod
847 343 922 382 per
961 342 1005 369 se
1041 328 1275 369 iustissime
1305 327 1527 370 inventum

192 405 228 439 p.
249 389 336 440 218]
370 388 512 429 sanxit
540 388 544 441 Ι
571 387 710 428 fetiali
735 386 954 442 religione,
986 389 1035 427 ut
1060 401 1184 428 omne
1208 386 1383 441 bellum,
1415 387 1528 441 quod

193 446 490 487 denuntiatum
522 446 812 499 indictumque
843 460 931 486 non
962 448 1092 499 esset,
1128 445 1171 485 id
1202 444 1410 486 iniustum
1435 459 1526 487 esse
1545 459 1563 486 ⁵

194 507 321 558 atque
358 505 522 559 inpium
560 504 829 545 iudicaretur.
889 503 948 544 Et
979 507 1026 544 ut
1059 503 1293 545 advertatis
1327 504 1528 558 animum,

194 578 322 617 quam
369 563 584 617 sapienter
623 562 710 603 iam
753 576 875 618 reges
921 562 1003 604 hoc
1038 562 1177 604 nostri
1213 562 1415 616 viderint,
1454 562 1530 603 tri-

192 622 361 663 buenda
401 621 608 675 quaedam
650 635 742 662 esse
779 621 939 676 populo
979 621 1136 676 (multa
1173 620 1285 662 enim
1321 621 1445 662 nobis
1478 620 1529 662 de

194 695 242 721 eo
277 695 429 735 genere
462 679 640 721 dicenda
672 678 808 735 sunt),
838 694 891 720 ne
922 680 1164 735 insignibus
1197 679 1367 734 quidem
1397 679 1529 734 regiis

193 738 343 779 Tullus
380 738 463 779 nisi
500 739 619 779 iussu
650 738 800 792 populi
831 740 896 779 est
928 753 1054 779 ausus
1086 738 1162 779 uti.
1223 737 1336 779 Nam
1366 741 1415 779 ut
1447 736 1582 779 sibim

195 797 414 839 duodecim
445 797 618 838 lictores
651 811 747 838 cum
777 797 965 838 fascibus
999 797 1160 838 anteire
1192 797 1390 839 liceret..
1410 829 1420 839 .
1439 829 1450 839 .

523 903 839 956 [Desiderantm
861 904 1042 957 payinae
1072 904 1205 956 duaa]

283 1009 349 1052 De
376 1009 494 1050 Tullo
518 1010 664 1063 quippe
687 1010 810 1050 etiam
831 1007 1023 1058 Hostilio,
1054 1008 1125 1061 qui
1150 1009 1289 1050 tertius
1312 1022 1340 1050 a
1357 1008 1531 1050 Romulo

193 1082 266 1110 rex
288 1070 381 1121 fuit,
411 1069 483 1121 qui
507 1069 645 1121 etipse
660 1068 835 1119 fhclmiwe
852 1067 1087 1120 absmnptus
1112 1070 1178 1120 est,
1209 1068 1307 1108 dicit
1323 1069 1369 1109 in
1387 1068 1532 1109 eisdem

196 1128 311 1169 libris
335 1128 440 1169 idem
460 1126 596 1168 Cicero
614 1130 828 1179 propterea
852 1129 889 1167 et
912 1126 1035 1167 istum
1058 1139 1140 1167 non
1165 1127 1359 1167 creditum
1377 1127 1423 1167 in
1441 1127 1532 1168 deos

195 1190 393 1239 receptum
425 1186 500 1226 tali
531 1189 668 1236 morte,
699 1186 798 1238 quia
824 1184 1007 1236 fortasse,
1037 1185 1145 1237 quod
1172 1188 1260 1225 crat
1287 1185 1334 1226 in
1357 1184 1531 1226 Romulo
1550 1197 1584 1224 15

187 1246 425 1298 probatum,
455 1245 501 1286 id
529 1247 588 1286 est
611 1257 870 1296 persuasum,
901 1243 1084 1284 Romani
1113 1244 1276 1296 vulgare
1305 1244 1531 1294 noluerunt,

194 1305 241 1345 id
281 1307 338 1345 est
378 1303 456 1344 vile
495 1303 645 1355 facere,
693 1303 730 1344 si
771 1302 844 1343 hoc
885 1305 922 1343 et
962 1302 1082 1343 alteri
1121 1302 1242 1354 facile
1283 1302 1531 1343 tribueretur.

195 1362 474 1416 (Au-qustiwus
504 1362 551 1402 dc
581 1362 651 1403 civ.
683 1361 746 1402 dei
775 1360 864 1401 III
887 1360 971 1414 15.)

194 1464 230 1497 p.
247 1445 332 1497 171]
433 1477 442 1484 .
462 1476 471 1484 .
492 1476 500 1484 .
522 1456 665 1496 ‚neque
692 1443 805 1484 enim
831 1442 975 1497 serpit,
1002 1443 1074 1484 sed
1100 1443 1221 1484 volat
1247 1443 1293 1485 in
1320 1443 1532 1498 optimum

196 1505 359 1545 statum
384 1501 585 1543 instituto
612 1504 687 1543 tuo
715 1516 908 1543 sermone
935 1515 1003 1542 res
1022 1501 1207 1556 publica.
1244 1502 1286 1544 S.
1305 1502 1411 1543 Post
1436 1516 1532 1543 eum
1551 1514 1585 1540 20

195 1561 364 1603 Numae
391 1560 597 1615 Pompilii
627 1574 761 1615 nepos
794 1575 843 1601 ex
874 1560 963 1601 filia
993 1574 1068 1601 rex
1099 1575 1124 1601 a
1155 1561 1315 1615 populo
1348 1563 1414 1602 est
1444 1559 1533 1602 An-

195 1635 268 1663 cus
288 1620 473 1662 Marcius
500 1619 772 1673 constitutus,
798 1619 984 1672 itemque
1011 1619 1060 1660 de
1086 1619 1267 1674 imperio
1295 1634 1372 1661 suo
1391 1620 1533 1675 legem

196 1679 405 1721 curiata-m
436 1678 550 1719 tulit.
600 1676 681 1726 Qui
712 1692 808 1719 cum
838 1677 1016 1719 Latinos
1048 1677 1163 1719 bello
1196 1678 1432 1733 devicisset,
1464 1677 1534 1719 ad-

197 1738 323 1780 scivit
355 1751 427 1779 eos
457 1737 504 1778 in
528 1736 759 1790 civitatem,
790 1738 918 1790 atque
942 1736 1055 1777 idem
1075 1735 1339 1778 Aventinum
1364 1739 1407 1778 et
1431 1735 1534 1779 Cae-

196 1797 303 1838 lium
341 1798 533 1837 montem
571 1795 766 1836 adiunxit
801 1794 915 1849 urbi,
954 1809 1145 1849 quosque
1182 1809 1311 1850 agros
1349 1797 1533 1850 ceperat,
1552 1806 1586 1833 25

196 1874 232 1907 p.
247 1856 331 1907 172]
349 1855 496 1896 divisit
515 1856 558 1895 et
578 1853 708 1895 silvas
730 1853 968 1895 maritimas
989 1854 1127 1894 omnis
1141 1854 1388 1908 publicavit,
1405 1854 1408 1910 Ι
1427 1868 1532 1909 quas

197 1916 379 1968 ceperat,
412 1916 455 1954 et
486 1913 539 1954 ad
572 1913 730 1954 ostium
761 1912 927 1953 Tiberis
959 1913 1109 1954 urbem
1141 1913 1329 1954 condidit
1354 1913 1534 1955 colonis-

199 1987 279 2027 que
316 1972 518 2013 firmavit.
579 1971 722 2025 Atque
758 1970 821 2012 ita
857 1986 953 2012 cum
989 1973 1076 2012 tres
1114 1973 1157 2012 et
1193 1970 1364 2027 viginti*
1385 1985 1534 2027 regna-

196 2031 331 2073 visset
363 2044 515 2085 annos,
547 2032 613 2071 est
645 2032 850 2071 mortuus.
912 2029 1021 2071 Tum
1051 2029 1240 2071 Laelius:
1278 2030 1533 2072 Laudandus

197 2090 327 2131 etiam
358 2089 442 2130 iste
474 2103 566 2143 rex3
604 2088 677 2130 sed
709 2088 890 2130 obscura
922 2090 988 2129 est
1017 2087 1200 2130 historia
1230 2088 1443 2143 Romana,
1481 2088 1533 2130 si·
1552 2100 1586 2126 30

198 2148 366 2203 quidem
399 2147 525 2188 istius
557 2147 671 2202 regis
705 2150 886 2188 matrem
919 2147 1145 2201 habemus,
1182 2147 1431 2202 ignoramus
1462 2162 1534 2202 pa-

197 2210 320 2248 trem.
381 2205 423 2248 S.
455 2205 525 2247 Ita
557 2208 639 2259 est,
670 2205 828 2260 inquit3
860 2206 933 2246 sed
964 2208 1207 2260 temporum
1238 2206 1412 2247 illorum
1442 2208 1535 2248 tan·

197 2268 291 2307 tum
322 2265 409 2306 fere
441 2278 593 2320 regum
624 2265 857 2305 inlustrata
889 2267 988 2305 sunt
1019 2264 1206 2305 nomina.

286 2322 369 2365 Sed
410 2323 492 2364 hoe
535 2323 629 2365 loco
667 2323 853 2378 primum
890 2322 1059 2364 videtur
1095 2322 1271 2365 insitiva
1309 2322 1491 2377 quadam
1525 2322 1532 2378 Ι
