1685 2568
196 93 284 134 442
727 93 791 128 DE
816 93 1019 130 LEGIBUS

196 263 369 290 causam
411 263 488 290 nec
531 249 815 304 perniciosam
858 252 902 291 et
943 250 1007 290 ita
1045 249 1315 304 popularem,
1357 253 1406 291 ut
1440 265 1528 293 non

195 310 343 362 posset
372 307 538 362 obsisti,
567 308 803 363 perniciose
833 307 1034 362 populari
1058 307 1141 349 civi
1165 322 1252 350 non
1276 308 1527 363 relinquere.

197 364 286 408 Scis
319 366 468 420 solere,
498 366 644 421 frater,
675 367 719 407 in
750 366 876 407 huius
902 363 1018 407 modi
1042 380 1248 421 sermone,
1278 369 1328 408 ut
1351 368 1529 410 transiri

196 425 282 466 alio
326 425 485 480 possit,
529 425 611 467 dici
652 424 927 466 ‘Admodum’
972 427 1046 466 aut
1090 424 1286 467 ‘Prorsus
1328 425 1392 467 ita
1434 426 1562 468 est.'5

197 484 242 536 Q.
274 483 400 524 Haud
431 483 628 538 equidem
659 484 889 538 adsentior,
919 486 969 525 tu
998 486 1144 525 tamen
1170 483 1223 525 ad
1247 483 1413 539 reliqua
1437 500 1528 540 per-

197 556 274 598 gas
301 543 441 584 velim.
492 543 555 584 M.
581 541 835 584 Perseveras
866 544 914 584 tu
947 542 1117 597 quidem
1148 544 1192 584 et
1215 542 1260 584 in
1284 545 1361 585 tua
1384 546 1528 586 vetere

197 601 411 642 sententia
440 615 676 656 permanes.
734 602 834 644 ATT.
866 600 956 642 Nec
987 601 1226 643 mehercule
1259 616 1338 658 ego
1371 617 1473 644 sane
1503 617 1530 645 a

196 659 354 709 Quinto
373 662 523 701 nostro
543 660 761 714 dissentio,
787 659 861 701 sed
881 675 941 714 ea,
967 674 1075 714 quae
1094 662 1272 715 restant,
1295 661 1529 704 audiamus.

125 698 182 781 ἐξ
282 720 345 760 M.
365 719 576 773 Deinceps
601 718 735 775 igitur
760 718 958 760 omnibus
984 718 1311 774 magistratibus
1339 720 1530 775 auspicia
1549 734 1582 758 ιο

196 780 240 819 et
269 777 425 820 iudicia
456 777 624 831 dantur,
654 777 821 832 iudicia,
851 780 901 819 ut
925 780 1039 819 esset
1063 778 1215 832 populi
1245 780 1450 834 potestas,
1477 779 1530 821 ad

197 851 325 891 quam
356 839 674 891 provocaretur,
707 836 908 891 auspicia,
940 839 989 878 ut
1016 837 1177 878 multos
1201 837 1377 879 inutiles
1404 838 1530 880 comi-

195 896 329 936 tiatus
355 895 604 949 probabiles
629 895 870 950 inpedirent
896 910 1059 950 morae,
1091 909 1218 950 saepe
1243 896 1356 937 enim
1381 897 1531 952 populi

194 954 403 1008 impetum
427 954 635 995 iniustum
655 954 855 1008 auspiciis
877 954 918 995 di
937 954 1203 996 immortales
1223 958 1529 1010 represserunt.
1639 994 1641 998 .

195 1012 259 1053 Ex
286 1013 338 1054 iis
362 1015 517 1067 autem,
544 1013 616 1067 qui
642 1013 944 1068 magistratum
971 1015 1185 1068 ceperunt,
1218 1014 1331 1068 quod
1356 1017 1528 1056 senatus
1550 1027 1580 1052 15
1638 1011 1639 1014 ¹

194 1071 390 1125 efficitur,
416 1072 623 1127 populare
648 1076 706 1114 est
728 1087 829 1113 sane
854 1072 1068 1114 neminem
1091 1072 1136 1113 in
1156 1087 1369 1114 summum
1389 1073 1530 1115 locum

193 1130 278 1172 nisi
309 1145 385 1185 per
416 1131 622 1186 populum
655 1131 798 1172 venire
831 1131 1003 1173 sublata
1028 1131 1300 1185 cooptatione
1326 1133 1530 1174 censoria.

195 1188 277 1230 Sed
308 1192 481 1243 praesto
520 1192 584 1231 est
616 1190 740 1231 huius
772 1190 867 1231 vitii
898 1190 1173 1245 temperatio,
1211 1190 1324 1244 quod
1356 1193 1529 1233 senatus

123 1254 168 1286 28
195 1248 288 1302 lege
330 1251 481 1290 nostra
530 1249 808 1290 confirmatur
859 1249 1111 1303 auctoritas3
1161 1249 1353 1303 sequitur
1399 1250 1528 1291 enim:

193 1307 315 1348 Eius
354 1307 560 1349 decreta
596 1309 711 1349 rata
749 1310 911 1350 sunto.
972 1307 1085 1349 Nam
1115 1307 1179 1349 ita
1211 1323 1255 1349 se
1286 1322 1354 1349 res
1385 1308 1529 1363 habet,
1549 1321 1582 1348 20

193 1368 253 1419 ut,
286 1366 321 1407 si
354 1368 529 1407 senatus
562 1366 759 1408 dominus
792 1367 850 1408 sit
873 1367 1033 1422 publici
1059 1366 1238 1421 consilii,
1271 1367 1466 1421 quodque
1491 1368 1528 1409 is

193 1424 392 1479 creverit,
425 1424 653 1466 defendant
685 1440 844 1479 omnes,
877 1428 931 1479 et,
963 1426 1000 1466 si
1031 1425 1199 1467 ordines
1230 1425 1385 1480 reliqui
1415 1426 1529 1481 prin-

193 1483 299 1538 cipis
339 1484 500 1525 ordinis
540 1484 718 1526 consilio
750 1499 840 1526 rem
872 1484 1088 1539 publicam
1121 1484 1352 1539 gubernari
1383 1485 1529 1540 velint,

193 1543 331 1597 possit
357 1557 407 1584 ex
432 1543 743 1598 temperatione
769 1543 886 1597 iuris,
913 1558 1041 1597 quom
1066 1545 1262 1598 potestas
1287 1543 1332 1583 in
1356 1545 1529 1599 populo,

194 1601 428 1643 auctoritas
460 1602 507 1643 in
537 1604 689 1643 senatu
721 1602 789 1657 sit,
820 1602 957 1644 teneri
987 1602 1062 1643 ille
1094 1602 1340 1643 moderatus
1366 1605 1409 1644 et
1433 1617 1528 1645 con·
1548 1614 1582 1640 25

193 1675 288 1702 cors
320 1660 509 1702 civitatis
541 1663 699 1715 status,
736 1661 989 1716 praesertim
1022 1660 1059 1702 si
1088 1661 1308 1716 proximae
1339 1661 1427 1717 legi
1456 1676 1528 1717 pa-

194 1719 368 1760 rebitur.
418 1719 531 1761 Nam
562 1719 804 1774 proximum
835 1722 917 1761 est:
948 1719 992 1761 Is
1024 1720 1144 1761 ordo
1176 1719 1305 1761 vitio
1337 1723 1529 1775 careto,

194 1778 380 1819 ceteris
419 1778 679 1833 specimen
709 1782 830 1820 esto.
893 1780 937 1830 Q.
968 1778 1196 1820 Praeclara
1225 1793 1345 1833 vero,
1381 1778 1529 1833 frater,

193 1836 278 1878 ista
314 1837 400 1890 leX,
441 1837 514 1879 sed
552 1840 595 1879 et
631 1838 719 1879 late
756 1839 894 1892 patet,
933 1840 982 1879 ut
1012 1838 1118 1879 vitio
1150 1840 1295 1879 careat
1325 1838 1446 1892 ordo,
1486 1840 1529 1879 et

123 1902 167 1933 29
195 1910 414 1937 censorem
457 1896 624 1951 quaerit
666 1896 956 1950 interpretem.
1023 1897 1123 1939 Am
1160 1895 1241 1937 Ille
1283 1910 1403 1951 vero,
1446 1897 1529 1938 etsi
1546 1908 1582 1934 30

193 1957 292 1995 tuus
325 1957 391 1995 est
415 1956 534 1996 totus
561 1955 664 1997 ordo
692 1955 1068 2010 gratissimamque
1094 1955 1346 1996 memoriam
1371 1955 1529 1997 retinet

194 2013 441 2054 consulatus
474 2014 551 2067 tui,
581 2028 684 2069 pace
715 2016 791 2055 tua
822 2014 1012 2068 dixerim,
1043 2028 1129 2055 non
1160 2014 1287 2056 modo
1319 2028 1530 2070 censoreS,

195 2072 269 2113 sed
301 2071 431 2113 etiam
463 2072 621 2114 iudices
654 2087 800 2114 omnes
832 2075 977 2127 potest
1009 2072 1258 2128 defatigare.

127 2129 179 2171 13
282 2131 345 2172 M.
378 2130 538 2172 Omitte
575 2131 678 2185 ista,
715 2130 878 2185 Attice3
914 2146 1002 2173 non
1038 2131 1150 2173 enim
1183 2131 1233 2172 de
1264 2131 1345 2174 hoc
1377 2134 1528 2174 senatu

193 2203 270 2231 nec
302 2189 369 2230 his
403 2190 453 2231 de
484 2189 748 2244 hominibus,
781 2190 853 2245 qui
882 2205 995 2232 nunc
1026 2192 1143 2244 sunt,
1174 2190 1247 2232 sed
1279 2190 1329 2232 de
1359 2190 1530 2246 futuris,
1547 2201 1582 2229 35

195 2247 231 2288 si
270 2248 342 2303 qui
372 2247 484 2290 forte
515 2249 583 2290 his
616 2249 784 2304 legibus
815 2264 964 2303 parere
996 2249 1228 2304 voluerint,
1264 2249 1371 2291 haec
1400 2250 1529 2292 habe-

194 2309 265 2348 tur
297 2307 448 2349 oratio.
503 2307 617 2349 Nam
649 2322 778 2363 quom
811 2308 927 2349 omni
957 2308 1064 2350 vitio
1097 2322 1239 2350 carere
1271 2308 1340 2349 lex
1370 2308 1529 2364 iubeat,

1624 0 1632 45 l

1626 47 1633 150 ἕ

196 190 269 244 qui
300 192 447 245 posset
478 204 620 232 carere
651 191 854 246 cognita?
904 189 1120 244 Sapientis
1146 193 1290 232 autem
1314 191 1418 233 civis
1443 192 1527 234 fuit
1621 154 1635 257 g

1631 301 1635 318 1
