1685 2568
512 102 612 139 CAP.
640 107 741 139 3—5.
768 107 788 146 ς
813 107 940 139 5-10.
1303 105 1391 146 255

49 198 134 255 peii
164 198 309 254 potius
343 213 471 253 quam
502 198 548 240 in
578 212 730 253 campo
762 198 1060 240 ambulemus?
1092 201 1234 240 tecum
1261 214 1389 254 quam

49 272 145 300 eum
182 257 297 298 alio?
347 256 495 298 Idibus
533 257 677 311 potius
710 271 838 311 quam
871 256 1107 298 Kalendis?
1163 256 1224 298 Ut
1255 257 1391 313 igitur

49 316 102 358 ad
135 315 343 370 quasdam
375 330 443 357 res
474 319 631 357 natura
660 316 743 357 loci
767 315 956 370 pertinet
982 315 1157 370 aliquid,
1189 316 1241 357 ad
1268 330 1390 370 quas-

50 374 147 416 dam
180 376 325 415 autem
356 374 477 428 nihil,
511 374 571 416 sic
604 377 818 416 astrorum
846 373 1030 415 adfectio
1061 374 1218 428 valeat,
1250 374 1287 415 si
1312 375 1393 429 vis,

13 443 31 472 5
49 433 102 475 ad
128 432 336 487 quasdam
361 447 442 486 res,
468 433 521 474 ad
547 433 686 475 omnis
713 436 826 474 certe
851 447 939 474 non
964 432 1139 474 valebit.
1177 432 1238 473 At
1265 433 1391 485 enim,

49 491 251 547 quoniam
283 491 327 532 in
358 491 526 532 naturis
555 491 778 533 hominum
804 491 1172 532 dissimilitudines
1201 494 1312 546 sunt,
1343 495 1392 533 ut

50 550 158 592 alios
191 549 348 600 dulcia,
388 550 496 592 alios
530 550 759 591 subamara
791 550 1022 604 delectent,
1054 550 1130 591 alii
1161 550 1392 604 libidinosi,

48 608 123 651 alii
147 608 340 650 iracundi
367 611 442 649 aut
467 609 657 650 crudeles
678 612 753 650 aut
773 608 946 664 superbi
966 608 1065 662 sint,
1092 608 1165 649 alii
1183 623 1211 650 a
1229 609 1390 650 talibus

47 667 165 710 vitiis
199 667 479 721 abhorreant,
511 692 568 696 —
600 668 804 722 quoniam
835 668 988 723 igitur,
1024 667 1183 722 inquit,
1220 670 1392 709 tantum

13 728 205 768 enatura
236 741 262 767 a
290 728 448 767 natura
480 726 624 780 distat,
657 726 757 780 quid
789 726 945 767 mirum
978 729 1044 768 est
1068 726 1148 768 has
1175 727 1390 768 dissimili-

46 784 216 827 tudines
249 799 299 826 ex
331 784 626 826 differentibus
659 785 798 827 causis
830 799 923 826 esse
954 785 1124 827 factas?

134 842 252 885 Haec
284 843 508 897 disserens,
539 858 623 898 qua
655 843 705 885 de
737 859 782 885 re
815 847 981 899 agatur,
1014 847 1057 885 et
1081 844 1126 885 in
1152 859 1235 898 quo
1261 859 1391 887 causa

47 902 275 956 consistat,
312 917 400 944 non
430 902 557 944 videt.
616 901 716 944 Non
748 903 878 955 enim,
918 903 954 944 si
985 903 1060 944 alii
1093 903 1146 944 ad
1178 903 1265 944 alia
1295 918 1390 958 pro-

46 961 265 1016 pensiores
293 964 394 1002 sunt
418 964 597 1016 propter
618 976 768 1003 causas
787 961 1000 1002 naturalis
1022 965 1064 1003 et
1088 962 1390 1016 antecedentis,

13 1020 202 1062 5idcirco
243 1020 373 1061 etiam
410 1023 659 1062 nostrarum
698 1021 973 1062 voluntatum
1005 1023 1134 1075 atque
1167 1021 1390 1076 adpetitio-

45 1093 148 1120 num
175 1081 276 1120 sunt
302 1093 455 1120 causae
480 1079 702 1120 naturales
729 1082 772 1120 et
797 1080 1108 1121 antecedentes.
1147 1078 1262 1121 Nam
1280 1080 1390 1121 nihil

47 1140 160 1179 esset
190 1137 236 1178 in
265 1140 417 1179 nostra
447 1140 679 1192 potestate,
711 1137 748 1178 si
779 1137 842 1179 ita
867 1152 912 1178 se
937 1152 1006 1178 res
1031 1138 1223 1179 haberet.
1266 1137 1390 1180 Nunc

45 1211 146 1238 vero
177 1196 384 1250 fatemur,
416 1196 531 1238 acuti
559 1196 802 1249 hebetesne,
833 1197 1028 1238 valentes
1060 1197 1305 1238 inbecilline
1338 1197 1390 1238 si-

45 1269 153 1309 mus,
178 1270 264 1296 non
291 1269 383 1296 esse
408 1255 451 1295 id
477 1255 520 1296 in
546 1255 684 1296 nobis.
726 1253 806 1303 Qui
834 1258 978 1296 autem
998 1270 1048 1296 ex
1068 1270 1117 1297 eo
1138 1256 1233 1310 cogi
1252 1259 1391 1311 putat,

46 1328 98 1356 ne
142 1316 191 1355 ut
234 1314 458 1355 sedeamus
504 1314 675 1369 quidem
719 1317 794 1355 aut
838 1314 1107 1356 ambulemus
1151 1315 1391 1356 voluntatis

46 1387 160 1428 esse,
198 1372 236 1414 is
267 1387 354 1414 non
384 1372 519 1425 videt,
554 1387 662 1427 quae
695 1387 908 1427 quamque
939 1388 1030 1414 rem
1061 1388 1129 1415 res
1162 1388 1390 1429 consequa-

45 1434 128 1473 tur.
175 1430 238 1473 Ut
276 1431 390 1473 enim
423 1434 465 1472 et
496 1431 710 1487 ingeniosi
743 1435 785 1473 et
816 1431 930 1473 tardi
961 1432 1024 1473 ita
1054 1435 1288 1474 nascantur
1320 1448 1390 1474 an-

46 1490 339 1532 tecedentibus
371 1490 511 1532 causis
542 1491 732 1545 itemque
763 1491 958 1532 valentes
991 1494 1034 1532 et
1064 1491 1272 1546 inbecilli,
1302 1506 1389 1534 non

48 1549 240 1604 sequitur
277 1552 439 1604 tamen,
476 1552 524 1590 ut
565 1549 697 1590 etiam
736 1550 881 1591 sedere
914 1564 985 1591 eos
1018 1552 1061 1591 et
1093 1550 1315 1592 ambulare
1347 1554 1390 1592 et

17 1618 26 1626 ·
46 1623 137 1650 rem
175 1623 302 1664 agere
335 1608 525 1663 aliquam
556 1608 866 1663 principalibus
909 1608 1048 1650 causis
1087 1609 1308 1651 definitum
1347 1612 1390 1651 et

46 1667 330 1709 constitutum
363 1667 431 1708 sit.
489 1665 742 1722 Stilponem,
773 1667 1038 1723 Megaricum
1069 1667 1389 1723 philosophum,

47 1729 220 1768 acutum
261 1741 363 1767 sane
399 1725 618 1767 hominem
657 1729 700 1767 et
737 1727 970 1781 probatum
1002 1727 1268 1782 temporibus
1300 1727 1389 1768 illis

47 1785 300 1840 accepimus.
350 1784 475 1827 Hunc
508 1784 701 1826 scribunt
735 1785 870 1840 ipsius
902 1785 1140 1827 familiares
1180 1789 1223 1827 et
1255 1786 1390 1828 ebrio-

47 1858 142 1886 sum
180 1847 222 1885 et
254 1844 532 1885 mulierosum
562 1842 714 1897 fuisse,
751 1859 888 1899 neque
919 1844 1026 1886 haec
1058 1845 1250 1886 scribunt
1282 1846 1390 1888 vitu-

21 1906 265 1958 ›perantes,
298 1902 371 1944 sed
402 1903 548 1958 potius
581 1902 634 1943 ad
665 1902 852 1957 laudem3
889 1903 1093 1945 vitiosam
1125 1903 1237 1945 enim
1268 1907 1391 1946 natu-

46 1976 139 2003 ram
171 1962 226 2003 ab
259 1976 308 2003 eo
342 1962 402 2003 sic
434 1961 667 2002 edomitam
694 1964 736 2002 et
762 1977 1037 2017 conpressam
1064 1977 1156 2004 esse
1183 1963 1391 2018 doctrina,

45 2023 94 2062 ut
124 2035 249 2062 nemo
281 2035 486 2075 umquam
518 2020 787 2062 vinulentum
817 2021 954 2075 illum,
984 2036 1110 2063 nemo
1141 2021 1188 2063 in
1220 2036 1268 2063 eo
1295 2022 1391 2063 libi-

47 2079 157 2121 dinis
183 2079 415 2135 vestigium
436 2079 603 2121 viderit.
648 2078 786 2127 Quid?
819 2078 1026 2122 Socraten
1044 2095 1185 2122 nonne
1205 2081 1390 2136 legimus

47 2152 173 2193 quem
207 2138 259 2179 ad
291 2138 465 2180 modum
495 2138 661 2179 notarit
693 2137 883 2193 Zopyrus
915 2139 1281 2195 physiognomon,
1318 2139 1391 2194 qui

49 2210 93 2238 se
118 2197 403 2252 profitebatur
427 2196 650 2238 hominum
676 2211 816 2238 mores
841 2200 1103 2253 naturasque
1130 2213 1180 2239 ex
1201 2213 1389 2252 corpore,

49 2256 195 2308 oculis,
226 2256 362 2310 vultu,
393 2256 536 2297 fronte
565 2256 846 2311 pernoscere?
879 2257 1099 2312 stupidum
1125 2271 1216 2298 esse
1243 2255 1389 2297 Socra-

48 2315 122 2355 ten
154 2314 260 2356 dixit
293 2318 336 2355 et
366 2315 566 2369 bardum,
605 2315 718 2369 quod
748 2315 898 2370 iugula
930 2331 1115 2358 concava
1144 2330 1232 2356 non
1262 2315 1389 2356 habe—

1417 820 1446 861 5

1417 873 1438 903 9

1418 1678 1462 1708 10
