1685 2568
190 1456 217 1536 aa>

196 2244 216 2275 8

247 87 334 130 254
810 87 875 122 DE
900 87 1024 123 FATo

246 185 445 238 possunt,
476 186 525 224 ut
556 183 601 224 in
630 183 707 224 illo
739 183 968 237 naufrago,
999 186 1049 224 ut
1078 183 1122 224 in
1153 183 1315 237 Icadio,
1345 187 1394 224 ut
1424 184 1469 225 in
1500 184 1583 226 Da-

245 242 386 297 phita3
420 242 628 296 quaedam
661 242 791 283 etiam
815 241 1072 283 Posidonius
1100 240 1222 296 (pace
1247 242 1448 297 magistri
1473 243 1584 284 dixe-

245 300 346 356 rim)
379 300 644 342 comminisci
674 300 860 354 videtur3
893 302 994 341 sunt
1026 300 1196 354 quidem
1229 301 1424 341 absurda.
1475 300 1583 349 Quid

246 359 388 400 enim?
427 359 463 400 si
495 358 713 413 Daphitae
750 358 889 399 fatum
925 358 1009 399 fuit
1047 373 1096 399 ex
1135 373 1243 413 equo
1275 359 1422 400 cadere
1456 362 1583 414 atque

244 418 307 459 ita
337 417 493 472 perire,
531 432 582 458 ex
612 417 747 457 hocne
780 431 905 470 equo,
946 417 1018 471 qui
1050 431 1146 458 011111
1178 432 1310 471 equus
1342 432 1428 458 non
1460 421 1583 472 esset,

244 490 402 518 nomen
438 475 628 516 habebat
660 475 876 516 alienum?
915 478 990 516 aut
1020 474 1248 530 Philippus
1279 476 1413 517 hasne
1443 476 1488 517 in
1519 491 1584 518 ca-

243 535 345 589 pulo
374 533 653 599 quadrigulas
678 533 817 574 vitare
842 534 1128 575 monebatur?
1156 534 1278 588 quasi
1304 549 1404 575 velo
1431 535 1583 589 capulo

246 593 303 634 sit
336 593 510 634 occisus.
555 589 666 640 Quid
692 594 835 633 autem
856 606 1063 647 magnum
1088 595 1164 634 aut
1182 592 1440 648 naufragum
1459 593 1584 634 illum

244 652 335 693 sine
371 651 543 692 nomine
580 650 626 691 in
661 650 754 692 rivo
793 665 886 692 esse
925 651 1123 705 lapsum?
1168 649 1448 706 (quamquam
1484 651 1583 693 huic

246 710 416 764 quidem
452 709 522 751 hic
560 709 710 750 scribit
746 709 1012 764 praedictum
1049 710 1094 751 in
1131 724 1242 764 aqua
1279 724 1371 751 esse
1409 721 1583 765 pereun-

245 767 382 824 dum);
425 783 478 809 ne
515 767 686 809 hercule
722 766 856 809 Icadii
894 768 1063 822 quidem
1099 768 1327 823 praedonis
1364 768 1486 811 video
1523 769 1583 810 fa-

243 831 334 869 tum
375 828 529 880 ullum3
571 826 680 867 nihil
722 826 835 867 enim
872 826 1022 868 scribit
1060 827 1098 868 ei
1134 827 1413 882 praedictum.
1474 826 1583 876 Quid

242 886 400 931 mirum
437 886 571 941 igitur
609 900 658 926 ex
696 885 900 940 spelunca
936 899 1086 926 saxum
1123 885 1169 926 in
1208 900 1331 928 crura
1362 886 1452 928 eius
1483 886 1582 928 inci-

245 945 386 986 disse?
427 946 533 999 puto
575 944 705 997 enim,
747 944 917 985 etiamsi
956 943 1124 985 Icadius
1165 947 1258 985 tum
1298 944 1344 986 in
1380 945 1584 1000 spelunca

242 1018 331 1045 non
361 1003 526 1057 fuisset,
560 1017 709 1044 saxum
740 1005 886 1043 tamen
917 1002 1026 1043 illud
1051 1017 1249 1045 casurum
1273 1003 1418 1045 fuisse.
1469 1002 1582 1045 Nam

243 1065 318 1104 aut
348 1062 456 1103 nihil
490 1061 663 1103 omnino
696 1064 762 1102 est
791 1061 1031 1115 fortuitum,
1063 1065 1137 1103 aut
1168 1062 1250 1103 hoc
1274 1062 1415 1116 ipsum
1440 1062 1584 1117 potuit

245 1121 413 1162 evenire
450 1120 637 1162 fortuna.
694 1119 859 1169 Quaero
891 1120 1024 1176 igitur
1057 1118 1204 1176 (atque
1235 1120 1317 1162 hoc
1348 1121 1436 1162 late
1466 1123 1583 1175 pate-

243 1178 340 1236 bit),
373 1179 409 1220 si
434 1179 515 1220 fati
541 1178 715 1220 omnino
740 1179 907 1220 nullum
931 1193 1100 1233 nomen,
1124 1179 1246 1220 nulla
1269 1181 1437 1234 natura,
1462 1180 1583 1221 nulla

242 1239 308 1280 vis
354 1241 467 1279 esset
510 1240 553 1279 et
595 1237 706 1279 forte
743 1240 904 1279 temere
941 1252 1042 1280 casu
1079 1240 1155 1279 aut
1190 1238 1395 1292 pleraque
1431 1238 1582 1279 fierent

244 1300 319 1338 aut
357 1296 518 1351 omnia,
555 1311 658 1337 num
690 1296 834 1350 aliter,
872 1311 921 1338 ac
951 1311 1064 1337 nunc
1096 1296 1312 1350 eveniunt,
1352 1297 1581 1338 evenirent.

244 1355 355 1404 Quid
381 1369 483 1411 ergo
511 1355 676 1396 adtinet
700 1355 914 1396 inculcare
939 1355 1089 1409 fatum,
1116 1370 1210 1397 cum
1237 1355 1327 1396 sine
1352 1355 1444 1397 fato
1470 1355 1581 1398 ratio

245 1414 435 1456 omnium
466 1428 609 1455 rerum
641 1414 693 1454 ad
724 1417 924 1455 naturam
954 1413 1225 1455 fortunamve
1257 1414 1496 1456 referatur?

333 1472 414 1514 Sed
445 1472 736 1525 Posidonium,
769 1472 879 1514 sicut
911 1487 1093 1527 aequum
1118 1476 1195 1526 est,
1228 1487 1323 1514 cum
1349 1473 1463 1514 bona
1488 1487 1582 1529 gra-

244 1532 305 1573 tia
332 1531 613 1585 dimittamus,
644 1531 699 1573 ad
724 1530 956 1586 Chrysippi
981 1532 1156 1586 laqueos
1180 1533 1460 1573 revertamur.
1504 1531 1582 1574 Cui

244 1590 414 1645 quidem
446 1590 632 1645 primum
664 1589 715 1631 de
745 1590 841 1645 ipsa
872 1590 1125 1644 contagione
1155 1605 1299 1631 rerum
1330 1590 1606 1645 respondea-·

243 1665 354 1703 mus,
392 1649 557 1703 reliqua
587 1651 739 1704 postea
770 1663 1084 1703 persequemur.
1139 1648 1257 1690 Inter
1288 1649 1480 1691 locorum
1509 1664 1582 1690 na-

247 1711 364 1749 turas
403 1711 612 1762 quantum
643 1707 831 1759 intersit,
868 1707 1079 1760 videmus3
1118 1707 1225 1749 alios
1259 1722 1351 1749 esse
1383 1708 1580 1762 salubris,

244 1767 350 1808 alios
392 1766 655 1821 pestilentis7
692 1766 738 1807 in
775 1766 871 1807 aliis
905 1780 996 1807 esse
1028 1766 1260 1821 pituitosos
1292 1769 1335 1808 et
1367 1767 1490 1821 quasi
1519 1781 1581 1808 re-

244 1826 491 1880 dundantis,
526 1825 572 1866 in
604 1824 699 1866 aliis
733 1825 967 1866 exsiccatos
1001 1828 1129 1880 atque
1161 1825 1323 1878 aridos3
1360 1826 1580 1879 multaque

243 1887 343 1926 sunt
375 1884 471 1936 alia,
504 1898 611 1938 quae
643 1884 755 1924 inter
786 1884 928 1924 10011111
961 1886 1003 1925 et
1035 1884 1176 1925 locum
1208 1884 1441 1939 plurimum
1467 1884 1628 1926 diffe-ao

241 1946 352 1984 rant.
414 1942 597 1983 Athenis
630 1944 756 1983 tenue
788 1943 970 1995 caelum,
1009 1957 1059 1984 ex
1091 1957 1173 1996 quo
1207 1943 1337 1984 etiam
1370 1943 1579 1985 acutiores

241 2004 449 2056 putantur
481 2001 628 2054 Attici,
660 2015 850 2042 crassum
883 2001 1053 2053 Thebis,
1085 2001 1229 2055 itaque
1261 2001 1442 2057 pingues
1474 2001 1578 2043 The-

242 2060 344 2102 bani
370 2063 413 2101 et
438 2061 639 2101 valentes.
684 2059 847 2100 Tamen
872 2074 1008 2125 neque
1035 2060 1142 2101 illud
1162 2063 1288 2101 tenue
1309 2061 1474 2102 caelum
1494 2060 1579 2101 effi-

242 2119 342 2173 ciet
379 2121 428 2160 ut
466 2122 541 2159 aut
572 2118 785 2159 Zenonem
823 2118 917 2172 quis
956 2121 1031 2160 aut
1062 2119 1302 2160 Arcesilam
1341 2121 1415 2160 aut
1446 2119 1578 2160 Theo-

242 2177 468 2232 phi-astum
514 2177 676 2229 audiat,
719 2191 855 2230 neque
899 2192 1107 2229 crassum,
1151 2180 1199 2218 ut
1236 2177 1400 2218 Nemea
1435 2178 1675 2233 potiusss

245 2252 374 2291 quam
399 2236 566 2277 Isthmo
599 2211 824 2277 victoriam
852 2239 982 2289 petat.
1032 2235 1218 2292 Diiunge
1245 2236 1427 2291 longius
1471 2235 1578 2285 Quid

243 2296 356 2336 enim
393 2294 477 2337 loci
513 2297 668 2336 natura
709 2294 872 2335 adferre
904 2297 1067 2350 potest,
1105 2297 1153 2336 ut
1182 2295 1227 2336 in
1258 2294 1427 2350 porticu
1456 2294 1578 2337 Pom·
