1685 2568
410 86 500 121 LIB.
526 86 554 122 I.
588 86 686 123 CAP.
715 91 863 122 17—19.
895 91 915 129 ξ
940 91 1090 122 33—38.
1332 89 1414 131 159

73 184 278 240 mugitus,
305 197 431 238 saepe
451 185 594 225 motus
614 182 753 224 multa
772 184 946 223 nostrae
966 182 1028 224 rei
1047 183 1257 237 publicae,
1277 185 1415 227 multa

73 243 225 286 ceteris
258 242 507 284 civitatibus
540 241 690 297 gravia
721 243 764 282 et
794 255 896 282 vera
926 241 1228 296 praedixerint.
1276 242 1414 290 Quid?
1440 255 1484 286 36

73 301 146 357 (1111
176 301 398 353 inridetur,
430 302 580 355 partus
611 299 681 340 hic
713 299 854 340 mulae
885 313 1039 353 nonne,
1072 300 1172 354 quia
1202 300 1315 342 fetus
1349 316 1414 343 ex-

72 360 165 402 titit
195 360 240 401 in
272 359 503 401 sterilitate
534 361 725 412 naturae,
756 358 1002 413 praedictus
1036 361 1102 400 est
1133 359 1187 400 ab
1219 359 1416 415 haruspi—

37 419 192 461 56111113
230 418 494 460 incredibilis
532 419 682 472 partus
720 417 963 459 malorum?
1014 415 1153 465 Quid?
1192 417 1254 459 Ti.
1288 417 1416 461 Grac-

73 478 177 520 chus
208 476 254 519 P.
285 476 344 531 F,
379 476 452 531 qui
482 475 549 517 bis
582 476 731 517 consul
764 478 806 517 et
838 489 987 517 censor
1017 475 1112 530 fuit,
1142 476 1340 532 idemque
1373 480 1416 518 et

73 551 265 578 summus
293 549 431 590 augur
451 536 493 576 et
511 534 578 575 vir
598 535 769 589 sapiens
789 534 978 588 civisque
996 537 1238 590 praestans,
1261 550 1415 590 nonne,

71 598 120 637 ut
151 594 196 637 C.
229 593 466 647 Gracchus,
497 593 612 634 filius
645 593 752 647 eius,
785 593 993 648 scriptum
1024 594 1216 648 reliquit,
1249 594 1414 636 duobus

73 654 286 710 anguibus
308 652 423 694 domi
443 652 747 707 conprehensis
767 652 1015 706 haruspices
1036 653 1317 694 convocavit?
1342 654 1416 708 qui

20 725 53 751 ιο
72 727 168 755 611111
208 711 553 767 respondissent,
591 710 628 752 si
666 725 827 752 marem
866 711 1096 766 emisisset,
1134 712 1258 754 uxori
1294 712 1416 753 brevi

71 774 265 826 tempore
304 784 397 812 esse
435 769 720 824 moriendum,
765 769 802 811 si
837 769 1060 824 feminam,
1098 770 1199 826 ipsi,
1238 771 1414 825 aequius

73 844 164 872 esse
203 829 369 871 censuit
407 842 452 870 se
489 831 706 870 maturam
744 831 946 883 oppetere
984 831 1171 870 mortem
1209 844 1338 884 quam
1361 828 1414 877 Ρ.

72 888 268 930 Africani
309 888 446 929 filiam
490 887 824 942 adulescentem,
867 886 1073 929 feminam
1117 888 1279 943 emisit,
1322 888 1414 944 ipse

71 947 218 1003 paucis
250 949 351 1002 post
383 946 531 988 diebus
564 948 629 987 est
660 948 868 987 mortuus.
920 945 1187 988 Inrideamus
1219 947 1415 1002 haruspi-
1433 951 1485 992 19

19 1018 53 1045 15
73 1021 160 1061 ces,
191 1020 345 1059 vanos,
374 1005 543 1047 futtiles
576 1019 668 1046 esse
700 1005 901 1059 dicamus,
934 1019 1199 1060 quorumque
1232 1006 1417 1061 discipli-

71 1081 173 1107 nam
211 1067 254 1106 et
290 1064 634 1119 sapientissimus
672 1064 740 1105 vir
777 1066 819 1105 et
850 1066 1027 1105 eventus
1059 1079 1108 1106 ac
1139 1079 1207 1106 res
1240 1079 1416 1120 conpro-

72 1124 205 1178 bavit,
232 1126 569 1177 contemnamus,
594 1123 899 1164 condemnemus
924 1122 1054 1163 etiam
1077 1121 1347 1177 Babylonem
1373 1126 1416 1165 et

74 1197 164 1236 eos,
203 1182 275 1237 qui
314 1196 336 1223 e
368 1180 559 1224 Caucaso
598 1181 705 1223 caeli
741 1181 868 1237 signa
899 1184 1120 1223 servantes
1151 1182 1340 1223 numeris
1373 1185 1416 1224 et

72 1241 210 1283 modis
253 1240 478 1282 stellarum
516 1254 664 1282 cursus
701 1242 1033 1294 persequuntur,
1075 1241 1416 1296 condemnemus,

19 1313 54 1339 20
72 1301 267 1355 inquam,
297 1300 376 1341 hos
410 1301 485 1341 aut
517 1298 730 1340 stultitiae
763 1301 838 1340 aut
869 1298 1075 1340 vanitatis
1108 1302 1184 1341 aut
1212 1299 1417 1355 inpuden-

72 1360 169 1414 tiae,
202 1358 275 1413 qui
307 1358 623 1414 quadringenta
654 1357 932 1413 septuaginta
962 1358 1083 1399 milia
1115 1373 1337 1413 annorum,
1367 1361 1416 1400 ut

71 1418 156 1474 ipsi
206 1418 370 1472 dicunt,
419 1416 708 1458 monumentis
753 1417 1046 1471 conprehensa
1090 1418 1329 1472 continent,
1373 1420 1416 1459 et

72 1477 246 1519 mentiri
271 1476 505 1518 iudicemus
530 1490 620 1530 nec,
640 1475 910 1517 saeculorum
928 1476 1193 1530 reliquorum
1212 1476 1415 1518 iudicium

75 1536 188 1592 quod
214 1536 264 1577 de
289 1535 396 1590 ipsis
421 1535 615 1577 futurum
642 1535 710 1589 sit,
741 1534 1056 1590 pertimescere.
1106 1534 1214 1591 Age,
1239 1535 1416 1577 barbari
1442 1545 1485 1577 37

21 1605 56 1632 25
73 1595 174 1638 vani
219 1597 348 1649 atque
390 1593 586 1648 fallaces,
634 1608 738 1635 num
782 1593 913 1635 etiam
958 1592 1188 1636 Graiorum
1231 1594 1416 1636 historia

76 1654 261 1696 mentita
293 1653 387 1695 est?
432 1652 548 1702 Quae
580 1651 740 1695 Croeso
765 1651 948 1707 Pythius
980 1652 1152 1708 Apollo,
1183 1655 1232 1694 ut
1263 1653 1314 1695 de
1344 1668 1416 1695 na-

76 1713 206 1755 turali
251 1712 513 1754 divinatione
558 1711 714 1766 dicam,
759 1725 866 1766 quae
907 1710 1264 1766 Atheniensibus,
1308 1727 1416 1766 quae

74 1771 436 1825 Lacedaemoniis,
469 1785 576 1825 quae
602 1770 816 1826 Tegeatis,
848 1785 956 1824 quae
982 1770 1171 1826 Argivis,
1203 1785 1312 1825 quae
1339 1770 1417 1813 Co-

76 1830 248 1872 rinthiis
286 1830 573 1885 responderit,
613 1830 706 1884 quis
745 1829 949 1885 ignorat?
1002 1827 1192 1885 Collegit
1226 1830 1416 1871 innume-

23 1900 56 1926 30
76 1889 230 1930 rabilia
270 1889 444 1931 oracula
476 1887 742 1943 Chrysippus
779 1902 858 1930 nec
895 1887 1033 1929 ullum
1071 1888 1163 1930 sine
1200 1888 1416 1944 locuplete

77 1950 250 1990 auctore
283 1950 410 2002 atque
440 1949 569 2002 teste,
609 1961 734 2002 quae,
767 1947 868 2001 quia
898 1948 1003 1988 nota
1033 1947 1116 1988 tibi
1148 1950 1260 2001 sunt,
1291 1947 1418 1989 relin-

78 2021 180 2060 quo3
230 2005 407 2048 defendo
456 2021 589 2048 unum
634 2006 733 2047 hoc:
782 2004 1030 2060 Numquam
1073 2005 1183 2047 illud
1226 2006 1418 2047 oraclum

34 2077 39 2083 ·
76 2064 258 2119 Delphis
278 2067 369 2106 tam
389 2065 553 2106 celebre
579 2067 622 2106 et
647 2066 738 2106 tam
764 2064 927 2106 clarum
950 2064 1104 2106 fuisset
1123 2079 1260 2119 neque
1282 2065 1417 2106 tantis

79 2123 201 2165 donis
233 2123 440 2165 refertum
471 2123 661 2165 omnium
692 2123 952 2178 populorum
985 2125 1112 2178 atque
1138 2138 1302 2179 regum,
1333 2123 1418 2164 nisi

25 2192 58 2219 ³5
79 2182 218 2224 omnis
246 2185 364 2223 aetas
391 2182 632 2224 oraclorum
649 2182 826 2224 illorum
846 2182 1074 2224 veritatem
1096 2185 1209 2224 esset
1230 2184 1416 2237 experta.

76 2239 196 2282 Idem
234 2241 322 2282 iarn
360 2240 432 2281 diu
467 2254 556 2282 non
589 2241 706 2283 facit.
765 2239 828 2282 Ut
864 2241 998 2296 igitur
1033 2256 1146 2283 nunc
1176 2242 1223 2282 in
1253 2241 1416 2281 minore
1443 2247 1486 2279 38

79 2299 221 2355 gloria
253 2302 330 2354 est,
363 2298 463 2353 quia
494 2299 634 2341 minus
661 2299 931 2341 oraculorum
955 2300 1115 2342 veritas
1144 2299 1324 2353 excellit,
1358 2298 1417 2340 sic
