1685 2568
426 95 514 131 LIB.
540 94 602 130 ΠΙ.
630 92 729 130 CAP.
758 98 860 129 1—3.
886 97 906 135 ‚s
934 98 1033 129 1-6,
1311 93 1397 135 433

69 196 113 236 et
136 192 309 234 notiora
332 191 469 245 nobis,
495 204 642 232 omnes
669 188 870 254 antiquae
897 190 1045 254 gentes
1071 188 1244 242 regibus
1270 202 1400 242 quon-

71 252 167 293 dam
199 253 445 306 paruerunt.
505 247 627 297 Quod
659 261 792 303 genus
823 246 995 301 imperii
1025 246 1211 301 primum
1243 246 1296 287 ad
1326 246 1400 287 ho-

70 310 204 351 mines
236 308 494 350 iustissimos
526 309 569 348 et
594 305 934 361 sapientissimos
961 304 1231 359 deferebatur
1256 301 1400 369 (idque

71 370 155 421 [ut]
187 368 233 409 111
262 381 307 409 16
338 366 511 422 publica
539 367 690 407 nostra
720 364 902 406 maxime
930 360 1082 417 valuit,
1111 362 1252 417 quoad
1277 362 1315 403 ei
1339 376 1401 403 re-

35 440 52 466 5
72 427 182 484 galis
207 428 400 481 potestas
426 422 643 489 praefuit),
668 423 817 464 deinde
843 423 974 464 etiam
1000 421 1197 476 deinceps
1216 421 1401 476 posteris

70 484 341 541 prodebatur,
373 483 485 538 quod
519 484 597 534 [et]
629 482 674 523 in
704 482 758 523 iis
791 481 933 535 etiam,
966 480 1039 535 qui
1069 494 1181 521 nunc
1206 481 1403 534 regnant,

71 545 226 586 manet.
280 541 442 608 Quibus
469 543 613 582 autem
638 540 759 596 regia
782 542 976 606 potestas
1000 553 1088 581 non
1112 538 1287 593 placuit,
1316 552 1404 579 non

70 603 102 644 ii
131 601 303 655 nemini,
335 601 408 642 sed
438 615 525 642 non
556 614 724 654 semper
754 599 828 640 uni
853 613 1003 653 parere
1028 598 1268 639 voluerunt
1310 595 1403 638 Nos

73 663 216 704 autem
247 659 448 714 quoniam
481 659 598 713 leges
631 658 780 699 damus
812 657 960 699 liberis
990 656 1180 712 populis,
1213 669 1404 710 quaeque

20 733 52 758 ιο
71 720 122 761 de
161 718 325 773 optima
364 732 410 759 re
447 717 621 772 publica
652 716 927 770 sentiremus,
967 715 1013 757 in
1044 730 1116 756 sex
1147 714 1272 756 libris
1305 716 1404 755 ante

71 777 265 831 diximus,
290 776 706 818 accommodabimus
732 775 814 817 hoc
839 749 1031 829 terripore
1056 774 1174 829 leges
1195 773 1250 814 ad
1267 772 1404 826 illum,

70 851 195 891 quem
220 811 465 901 probamus,
490 834 678 876 civitatis
706 835 878 875 statum.
921 832 1249 888 Magistratibus
1270 831 1405 887 igitur
1429 839 1450 871 5

71 909 177 950 opus
218 896 301 948 est,
344 894 434 935 31116
476 908 657 948 quorum
696 892 924 948 prudentia
964 907 1013 933 ac
1052 890 1276 947 diligentia
1312 903 1404 931 esse

70 953 221 996 civitas
252 967 339 995 non
370 955 531 1007 potest,
570 966 834 1006 quorumque
865 950 1142 1006 discriptione
1174 948 1312 991 omnis
1343 947 1406 990 rei

20 1025 52 1050 15
71 1012 268 1068 publicae
293 1011 530 1053 moderatio
558 1011 810 1052 continetur.
853 1009 1002 1064 Neque
1029 1009 1168 1050 solum
1193 1008 1261 1049 his
1286 1022 1405 1063 prae-

71 1070 316 1113 scribendus
349 1072 415 1112 est
444 1065 694 1125 imperandi,
727 1069 800 1110 sed
832 1069 962 1109 etiam
994 1067 1156 1109 civibus
1189 1067 1405 1121 obtempe-

70 1129 193 1171 randi
223 1129 393 1183 modus3
429 1143 531 1170 nam
562 1131 605 1170 et
637 1128 710 1183 qui
740 1128 848 1169 bene
879 1127 1076 1182 imperat,
1106 1125 1298 1181 paruerit
1330 1125 1404 1166 ali-

71 1187 240 1242 quando
265 1202 436 1229 necesse
463 1189 539 1241 est,
571 1189 614 1228 et
639 1186 712 1241 qui
737 1186 928 1228 modeste
954 1187 1091 1240 paret,
1123 1184 1301 1238 videtur,
1333 1183 1406 1238 qui

72 1246 301 1301 aliquando
343 1246 543 1301 imperet,
588 1245 741 1301 dignus
786 1259 890 1286 esse.
950 1243 1103 1298 Itaque
1146 1245 1319 1298 oportet
1362 1245 1406 1283 et

19 1319 53 1343 20
73 1320 186 1360 611111,
218 1305 291 1360 qui
321 1308 462 1360 paret,
495 1319 665 1359 sperare
698 1318 742 1346 se
774 1303 918 1358 aliquo
950 1305 1143 1357 tempore
1173 1302 1406 1356 imperatu—

71 1379 166 1406 rum
207 1366 249 1405 et
287 1363 430 1417 illum,
471 1363 544 1418 qui
579 1363 782 1418 imperat,
823 1361 1014 1417 cogitare
1052 1360 1173 1402 brevi
1212 1363 1406 1415 tempore

72 1423 154 1464 sibi
185 1436 277 1464 esse
307 1422 553 1478 parendum.
607 1421 697 1463 Nec
727 1435 827 1463 vero
861 1421 999 1462 solum
1028 1422 1078 1462 ut
1110 1420 1406 1474 obtemperent

72 1481 383 1536 oboediantque
420 1480 767 1536 magistratibus,
806 1480 878 1521 sed
916 1479 1046 1520 etiam
1077 1481 1126 1520 ut
1158 1493 1229 1520 eos
1262 1478 1406 1520 colant

73 1540 351 1595 diligantque,
381 1539 726 1595 praescribimus,
757 1541 805 1580 ut
832 1537 1080 1580 Charondas
1111 1537 1158 1578 in
1189 1537 1276 1578 suis
1301 1536 1407 1579 facit

19 1599 257 1654 25legibus3
292 1601 439 1640 noster
475 1612 576 1640 vero
607 1597 733 1639 Plato
766 1597 968 1638 Titanum
1005 1611 1027 1638 e
1067 1610 1220 1652 genere
1252 1595 1407 1637 statuit

72 1672 161 1711 eos,
194 1657 283 1711 qui,
314 1659 363 1698 ut
393 1657 459 1698 illi
490 1657 762 1710 caelestibus,
796 1656 855 1698 sic
886 1656 932 1697 hi
964 1655 1242 1697 adversentur
1273 1654 1407 1710 magi-

71 1716 290 1757 stratibus.
353 1714 469 1764 Quae
507 1730 636 1770 quom
672 1715 736 1756 ita
772 1715 877 1769 sint,
921 1714 974 1755 ad
1010 1714 1126 1769 ipsas
1164 1714 1251 1755 iam
1288 1714 1406 1769 leges

71 1775 303 1827 veniamus,
335 1775 371 1815 si
402 1774 555 1829 placet.
603 1774 703 1817 Am.
734 1773 842 1815 Mihi
872 1787 973 1815 vero
1006 1775 1050 1815 et
1079 1772 1196 1814 istud
1227 1774 1270 1813 et
1302 1772 1405 1814 ordo

71 1833 154 1875 iste
184 1848 326 1874 rerum
357 1833 510 1888 placet.
912 1855 924 1898 κ

19 1903 54 1929 30
159 1892 222 1934 M.
264 1891 408 1933 Iusta
450 1891 664 1946 imperia
707 1893 874 1945 sunto,
923 1890 1090 1944 iisque
1133 1889 1270 1932 cives
1307 1869 1457 1951 mm}

73 1950 215 1992 deste
242 1966 296 1992 ac
322 1951 428 1991 sine
454 1949 778 1992 recusatione
804 1952 1037 2004 parent03
1063 1949 1403 2003 magistratus

71 2023 160 2051 nec
191 2009 547 2051 oboedientem
580 2011 628 2049 et
659 2008 862 2049 noxium
894 2008 1052 2050 civem
1085 2008 1276 2073 multa,
1300 2007 1406 2048 vin-

73 2068 203 2110 culis
239 2068 606 2109 verberibusve
645 2067 936 2121 coherceto,
977 2066 1029 2108 ni
1060 2081 1151 2122 par
1181 2066 1406 2108 maiorve

72 2129 306 2181 potestas
344 2127 628 2182 populusve
664 2125 1002 2180 prohibessit,
1040 2125 1099 2166 ad
1138 2139 1261 2179 quos
1293 2139 1406 2179 pro·

20 2195 54 2220 ⁵5
72 2185 273 2227 vocatio
312 2188 433 2227 esto.
496 2184 650 2233 Quom
687 2183 997 2239 magitratus
1028 2183 1303 2225 iudicvassit
1333 2183 1406 2223 in·

72 2244 381 2299 rogassitve,
412 2259 498 2298 per
528 2243 772 2298 populum
804 2243 993 2284 multae
1024 2256 1217 2298 poenae
1244 2243 1405 2283 certa-

72 2302 145 2343 tio
187 2305 305 2343 esto.
368 2302 590 2344 Militiae
631 2302 691 2343 ab
730 2316 803 2356 eo,
845 2302 928 2356 qui
959 2300 1256 2356 imperabit,
1293 2314 1405 2354 pro-

144 2376 216 2404 cm.
235 2377 288 2402 rv.
308 2378 333 2402 2.
1078 2372 1122 2402 28
1149 2391 1152 2393 -
