1685 2568
198 659 225 741 ,μω

206 1509 224 1539 <5-

251 113 338 154 274
727 112 791 149 DE
816 113 880 147 RE
904 113 1111 148 PUBLICA

251 209 381 264 longe
408 209 513 251 duco
542 209 754 264 sapientia
778 209 874 264 ipsa
899 223 991 250 esse
1012 209 1344 263 anteponendos.
1381 209 1440 251 Et
1460 225 1591 264 quon—

251 267 339 309 iam
375 268 560 309 maxime
597 268 790 322 rapimur
827 268 879 308 ad
918 281 1021 322 opes
1060 268 1277 322 augendas
1316 268 1483 323 generis
1515 269 1589 310 hu-

252 326 368 368 mani
400 326 704 380 studemusque
735 326 897 367 nostris
929 325 1118 367 consiliis
1147 328 1190 366 et
1215 326 1436 367 laboribus
1462 327 1590 368 tutio-

252 399 341 426 rem
381 387 423 425 et
461 385 776 439 opulentiorem
812 384 948 425 vitam
985 383 1209 425 hominum
1244 385 1419 426 reddere
1457 388 1500 426 et
1537 385 1590 426 ad

250 462 287 494 p.
315 445 399 496 126]
438 443 549 484 hanc
576 444 581 497 Ι
609 443 879 497 voluptatem
914 442 1050 497 ipsius
1086 445 1268 484 naturae
1305 443 1492 485 stimulis
1527 444 1590 485 in-
1627 453 1643 481 5

252 502 445 556 citamur,
470 504 691 542 teneamus
718 515 815 542 eum
841 515 1023 554 cursum,
1050 501 1123 555 qui
1149 516 1316 556 semper
1333 501 1417 543 fuit
1437 502 1589 557 optimi

252 560 465 614 cuiusque,
496 574 633 614 neque
665 574 715 601 ea
747 559 872 615 signa
903 559 1137 613 audiamus,
1171 575 1278 614 quae
1309 561 1500 615 receptui
1526 575 1592 602 ca-

251 621 371 672 nunt,
402 620 451 659 ut
483 632 555 659 eos
587 618 718 659 etiam
748 620 961 672 revocent,
994 618 1066 673 qui
1097 618 1184 659 iam
1214 619 1514 673 processerint.

340 676 420 718 His
458 677 698 718 rationibus
736 679 827 718 tam
865 677 992 718 certis
1024 679 1200 731 tamque
1230 677 1487 718 inlustribus
1520 692 1592 733 op-

251 738 468 791 ponuntur
500 735 553 776 ab
579 735 652 789 iis,
691 735 763 790 qui
796 737 946 777 contra
978 735 1218 790 disputant,
1255 736 1442 790 primum
1473 737 1644 778 labo-1⁰

251 809 336 848 res,
378 794 450 848 qui
491 794 577 834 sint
614 808 660 835 re
696 793 870 848 publica
907 794 1168 835 defendenda
1200 794 1455 848 sustinendi,
1497 795 1591 837 leve

253 868 353 894 sane
389 852 729 907 inpedimentum
767 852 967 908 vigilanti
1007 854 1050 894 et
1087 852 1318 907 industrio,
1356 867 1494 907 neque
1526 868 1591 895 so-

250 931 284 963 p.
312 913 374 964 91]
400 912 489 952 lum
519 912 522 966 Ι
550 911 595 952 in
625 911 760 952 tantis
792 911 931 965 rebus,
964 911 1037 952 sed
1069 911 1199 952 etiam
1230 912 1275 952 'm
1306 911 1591 953 mediocribus

252 971 318 1011 vel
357 970 509 1011 studiis
550 970 618 1011 vel
659 969 811 1011 officiis
852 970 920 1011 vel
963 984 1063 1011 vero
1103 970 1232 1011 etiam
1270 971 1457 1026 negotiis
1496 985 1591 1013 con-

251 1029 537 1070 temnendum.
581 1027 887 1083 Adiunguntur
912 1028 1103 1083 pericula
1129 1029 1256 1083 vitae,
1282 1029 1508 1084 turpisque
1535 1030 1590 1071 ab
1611 1038 1643 1065 1⁵

251 1088 318 1129 his
344 1087 527 1129 formido
548 1087 700 1129 mortis
726 1087 912 1129 fortibus
933 1087 1036 1129 viris
1058 1087 1301 1142 opponitur,
1328 1088 1482 1143 quibus
1503 1103 1592 1129 ma-

253 1147 317 1202 gis
344 1146 388 1187 id
413 1146 618 1187 miserum
637 1146 771 1187 videri
791 1147 912 1200 solet,
932 1149 1089 1187 natura
1109 1160 1153 1187 se
1174 1146 1367 1188 consumi
1387 1149 1430 1188 et
1450 1161 1590 1189 senec-

251 1208 355 1259 tute,
377 1220 504 1259 quam
526 1204 607 1246 sibi
629 1204 721 1246 dari
740 1207 922 1259 tempus,
943 1207 990 1245 ut
1009 1205 1178 1260 possint
1199 1219 1293 1246 eam
1312 1205 1461 1259 vitam,
1482 1220 1591 1260 quae

252 1267 396 1305 tamen
428 1266 541 1305 esset
572 1263 785 1304 reddenda
815 1266 1006 1318 naturae,
1037 1278 1115 1318 pro
1147 1263 1291 1318 patria
1316 1264 1590 1319 potissimum

251 1323 436 1364 reddere.
502 1321 586 1363 Illo
635 1337 736 1363 vero
787 1336 831 1363 se
881 1322 975 1363 loco
1025 1322 1221 1376 copiosos
1273 1324 1316 1363 et
1359 1322 1542 1365 disertos
1583 1321 1650 1380 {2⁰²

250 1401 285 1433 p.
313 1383 374 1434 92]
408 1383 576 1436 putant,
608 1396 703 1422 cum
736 1381 1006 1422 calamitates
1038 1380 1375 1422 clarissimorum
1400 1381 1590 1423 virorum

250 1440 514 1494 iniuriasque
545 1439 597 1480 iis
631 1440 684 1481 ab
716 1439 900 1494 ingratis
932 1439 1144 1494 inpositas
1178 1439 1341 1481 civibus
1368 1439 1590 1495 colligunt.

250 1498 363 1541 Hinc
394 1499 506 1539 enim
538 1498 615 1539 illa
651 1500 694 1539 et
725 1498 837 1553 apud
869 1497 1054 1540 Graecos
1087 1499 1299 1552 exempla,
1337 1498 1589 1553 Miltiadem,

251 1558 456 1599 victorem
483 1557 822 1611 domitoremque
842 1556 1082 1611 Persarum,
1107 1557 1296 1598 nondum
1322 1557 1483 1598 sanatis
1503 1558 1590 1599 vol·

251 1616 424 1657 neribus
455 1616 521 1669 iis,
554 1630 661 1670 quae
693 1630 871 1670 corpore
903 1615 1081 1656 adverso
1112 1615 1157 1656 in
1189 1615 1429 1657 clarissima
1459 1616 1590 1658 victo·
1609 1625 1648 1652 25'

252 1675 315 1716 ria
360 1675 611 1729 accepisset,
655 1675 790 1716 vitam
835 1688 885 1715 ex
924 1674 1116 1715 hostium
1156 1674 1256 1716 telis
1294 1677 1509 1716 servatam
1545 1675 1591 1716 in

252 1734 407 1776 civium
428 1733 579 1774 vinclis
599 1733 852 1787 profudisse,
873 1735 915 1774 et
931 1732 1266 1774 Themistoclem
1286 1733 1439 1787 patria,
1462 1748 1590 1788 quam

252 1811 287 1844 p.
315 1794 375 1844 73]
415 1792 703 1846 liberavisset,
739 1792 911 1846 pulsum
945 1794 1072 1845 atque
1104 1790 1396 1846 proterrisstum
1427 1806 1514 1833 non
1544 1792 1590 1833 in

253 1850 455 1892 Graeciae
487 1853 637 1905 portus
669 1865 745 1905 per
777 1865 821 1891 se
854 1852 1065 1903 servatos,
1099 1850 1172 1891 sed
1202 1850 1247 1891 in
1279 1850 1505 1892 barbariae
1537 1850 1589 1891 si·
1640 1896 1644 1901 ¹

250 1924 330 1951 nus
376 1909 636 1964 confugisse,
682 1924 810 1963 quam
855 1909 1095 1963 adflixerat3
1137 1923 1215 1950 nec
1255 1923 1356 1950 vero
1397 1909 1587 1950 levitatis
1607 1918 1645 1945 δῦ

251 1968 580 2009 Atheniensium
613 1967 963 2021 crudelitatisque
994 1968 1040 2008 in
1071 1967 1361 2022 amplissimos
1393 1968 1497 2009 civis
1523 1982 1589 2009 ex-

253 2027 394 2081 empla
432 2027 649 2080 deficiunt3
687 2041 795 2081 quae
833 2029 937 2067 nata
969 2028 1011 2067 et
1042 2025 1315 2080 frequentata
1346 2026 1459 2081 apud
1489 2026 1588 2068 illos

253 2086 382 2127 etiam
431 2085 477 2126 in
526 2085 840 2140 gravissumam
891 2085 1109 2126 civitatem
1153 2087 1348 2126 nostram
1393 2084 1589 2126 dicuntur

251 2143 527 2198 redundasse3
558 2159 658 2185 nam
685 2145 753 2185 vel
780 2144 953 2184 exilium
979 2142 1153 2185 Camilli
1178 2144 1246 2185 vel
1274 2143 1451 2185 offensio
1478 2158 1588 2185 com-

252 2205 514 2244 memoratur
552 2203 719 2244 Ahalae
761 2202 830 2244 vel
872 2201 1032 2244 invidia
1068 2200 1251 2243 Nasicae
1289 2202 1356 2243 vel
1395 2202 1586 2256 expulsio
1605 2210 1638 2236 3⁵

251 2281 285 2313 p.
315 2263 375 2314 74]
408 2260 609 2302 Laenatis
641 2262 709 2303 vel
731 2260 889 2315 Opimii
918 2260 923 2314 Ι
951 2260 1168 2301 damnatio
1200 2260 1268 2301 vel
1299 2259 1404 2316 fuga
1422 2259 1587 2301 Metelli
1646 2272 1648 2283 ¹

252 2320 319 2361 vel
358 2319 634 2362 acerbissima
672 2318 716 2361 O.
745 2319 872 2360 Marii
910 2318 1050 2360 clades
1087 2318 1403 2373 principumque
1438 2318 1586 2360 caedes
