1685 2568
382 124 471 160 LIB.
497 124 524 160 I.
552 123 652 159 CAP.
681 127 828 159 13-15.
855 127 874 166 ἓ
901 128 1050 159 33—39.
1330 123 1383 164 17

49 223 204 274 autem,
232 220 304 275 qui
325 220 536 261 Zenonem
557 219 721 260 audivit
740 233 826 260 una
844 233 939 260 cum
960 233 1021 272 eo,
1048 232 1173 273 quem
1192 218 1384 272 proxime

47 279 282 332 nominavi,
319 282 412 320 tum
443 279 583 333 ipsum
615 277 820 318 mundum
853 277 976 318 deum
1009 277 1111 318 dicit
1142 290 1254 330 esse,
1292 279 1384 317 tum

49 338 184 380 totius
215 340 394 379 naturae
426 336 560 378 menti
592 339 719 390 atque
752 337 894 377 animo
926 335 1080 377 tribuit
1110 335 1191 376 hoc
1215 349 1384 389 nomen,

48 399 141 438 tum
185 397 385 438 ultimum
428 398 471 436 et
511 395 770 436 altissimum
815 398 942 449 atque
986 394 1171 448 undique
1212 393 1385 435 circum-

13 467 30 493 5
48 455 193 497 fusum
219 458 262 496 et
287 457 523 496 extremum
550 454 693 494 omnia
718 454 959 508 cingentem
983 456 1111 507 atque
1132 452 1385 507 conplexum

50 514 262 568 ardorem,
312 513 383 568 qui
427 513 574 554 aether
616 513 878 567 nominetur,
928 512 1215 554 certissimum
1259 510 1386 552 deum

48 573 226 626 iudicat,
274 572 468 626 idemque
512 571 634 625 quasi
679 571 864 612 delirans
907 571 952 612 in
994 571 1047 612 iis
1085 570 1226 623 libris,
1278 583 1386 624 quos

51 632 223 687 scripsit
255 633 404 673 contra
434 630 721 684 voluptatem,
759 633 852 671 tum
882 630 1009 684 fingit
1039 629 1223 671 formam
1257 642 1386 682 quan·

50 690 148 731 dam
168 692 210 732 et
230 689 412 744 speciem
433 689 619 742 deorum,
639 691 731 730 tum
752 689 1022 730 divinitatem
1043 702 1211 729 omnem
1230 686 1385 728 tribuit

0 761 31 786 ιο
50 749 192 803 astris,
222 751 314 789 tum
345 748 453 788 nihil
484 748 650 788 ratione
682 750 826 789 censet
852 762 943 789 esse
971 747 1166 788 divinius.
1224 745 1294 787 Ita
1323 745 1384 798 fit,

48 810 97 849 ut
137 807 238 849 deus
279 807 371 860 ille,
413 821 538 861 quem
579 809 720 848 mente
761 807 974 848 noscimus
1017 808 1145 860 atque
1176 805 1222 846 in
1253 804 1386 845 animi

46 866 221 908 notione
255 868 478 920 tamquam
509 866 554 906 in
583 866 767 921 vestigio
799 866 998 907 volumus
1029 878 1252 919 reponere,
1288 877 1450 937 nus-1„

49 940 177 980 quam
197 939 374 980 prorsus
401 927 620 979 appareat.
664 925 724 965 At
743 924 964 978 Persaeus,
993 923 1182 965 eiusdem
1202 922 1384 964 Zenonis
1411 909 1456 978 ἐξ

50 984 234 1038 auditor,
273 998 344 1025 eos
381 984 479 1024 dicit
509 997 599 1024 esse
629 983 800 1025 habitos
834 984 953 1037 deos,
984 998 1009 1023 a
1041 983 1194 1037 quibus
1226 995 1386 1036 magna

0 1054 30 1080 15
49 1043 214 1084 utilitas
259 1042 311 1083 ad
347 1043 461 1083 vitae
499 1043 658 1083 cultum
697 1045 808 1083 esset
843 1043 1036 1095 inventa,
1078 1042 1280 1096 ipsasque
1317 1054 1385 1081 res

49 1102 175 1143 utiles
208 1103 251 1142 et
281 1101 490 1143 salutares
523 1100 696 1142 deorum
729 1115 820 1142 esse
851 1101 1072 1142 vocabulis
1103 1101 1386 1153 nuncupatas,

49 1163 98 1201 ut
136 1174 190 1201 ne
226 1159 309 1202 hoc
347 1159 518 1213 quidem
551 1159 723 1213 diceret,
760 1159 836 1199 illa
866 1159 1043 1199 inventa
1075 1173 1165 1199 esse
1198 1158 1385 1210 deorum,

50 1218 123 1260 sed
159 1219 253 1272 ipsa
292 1217 445 1259 divina.
508 1216 599 1266 Quo
639 1217 739 1272 quid
771 1218 1014 1271 absurdius,
1053 1231 1181 1271 quam
1214 1219 1288 1257 aut
1317 1230 1385 1256 res

51 1277 242 1319 sordidas
282 1279 410 1330 atque
450 1276 652 1318 deformis
690 1276 865 1318 deorum
901 1276 1062 1318 honore
1104 1275 1278 1316 adficere
1312 1276 1386 1315 aut

0 1347 31 1373 ²0
49 1336 242 1378 homines
274 1335 361 1377 iam
393 1337 530 1376 morte
563 1335 724 1376 deletos
758 1349 962 1389 reponere
987 1335 1032 1376 in
1058 1334 1170 1388 deos,
1204 1348 1385 1388 quorum

51 1395 187 1438 omnis
219 1395 357 1436 cultus
389 1396 503 1435 esset
531 1393 700 1435 futurus
731 1394 776 1435 in
806 1394 951 1435 luctu?
1006 1392 1100 1434 Iam
1125 1407 1226 1434 vero
1253 1391 1385 1446 Chry·
1411 1400 1456 1432 39

0 1483 1 1487 ,
51 1455 211 1508 sippus,
243 1454 316 1508 qui
343 1451 584 1494 Stoicorum
616 1453 879 1495 somniorum
910 1452 1177 1494 vaferrumus
1203 1451 1386 1493 liabetur

49 1513 278 1567 interpres,
313 1525 516 1567 magnam
547 1512 718 1553 turbam
751 1514 983 1567 congregat
1008 1512 1256 1566 'ignotorum
1289 1511 1386 1552 deo-

50 1586 162 1625 rum,
199 1574 326 1625 atque
357 1571 419 1612 ita
449 1571 713 1626 ignotorum,
752 1573 801 1611 ut
832 1585 904 1612 eos
934 1585 988 1612 ne
1020 1571 1263 1612 coniectura
1295 1570 1385 1624 qui-

17 1640 32 1666 5
52 1630 148 1672 dem
189 1630 420 1672 informare
461 1630 695 1684 possimus,
739 1645 834 1671 cum
871 1643 991 1671 mens
1029 1631 1179 1670 nostra
1216 1628 1385 1683 quidvis

50 1689 243 1730 videatur
283 1689 542 1744 cogitatione
585 1703 710 1744 posse
754 1689 1003 1743 depingere,
1048 1688 1108 1729 ait
1148 1688 1261 1728 6111111
1297 1687 1386 1728 vim

52 1748 239 1789 divinam
260 1748 307 1788 in
326 1748 493 1789 ratione
514 1762 606 1789 esse
625 1748 812 1802 positam
831 1750 874 1789 et
892 1747 937 1788 in
961 1747 1185 1788 universae
1203 1748 1385 1787 naturae

51 1807 195 1848 animo
239 1809 366 1861 atque
409 1809 568 1860 mente,
610 1807 834 1861 ipsumque
877 1806 1082 1847 mundum
1120 1805 1245 1846 deum
1282 1805 1388 1846 dicit

52 1879 144 1907 esse
194 1867 237 1907 et
285 1866 375 1907 eius
420 1866 550 1906 animi
591 1865 805 1907 fusionem
846 1866 1110 1918 universam,
1158 1867 1252 1906 tum
1295 1864 1385 1905 eius

17 1934 33 1960 0
52 1924 186 1978 ipsius
218 1924 525 1978 principatum,
560 1925 632 1978 qui
662 1924 708 1965 in
738 1926 881 1965 mente
913 1927 957 1965 et
985 1924 1151 1966 ratione
1181 1926 1387 1976 versetur,

53 1997 405 2037 communemque
429 1997 571 2024 rerum
589 1985 791 2024 naturam
809 1983 1219 2036 universitatemque
1242 1982 1387 2023 omnia

53 2042 356 2096 continentem,
387 2045 479 2083 tum
510 2042 688 2083 fatalem
719 2043 807 2083 vim
839 2044 882 2083 et
911 2042 1213 2084 necessitatem
1244 2056 1386 2082 rerum

51 2099 310 2153 futurarum,
344 2101 489 2156 ignem
520 2103 743 2155 praeterea
774 2103 817 2142 et
848 2115 961 2154 eum,
1000 2115 1126 2155 quem
1158 2103 1256 2141 ante
1288 2100 1387 2153 dixi,

54 2158 245 2211 aethera,
281 2161 374 2200 tum
412 2174 478 2213 ea,
521 2174 628 2214 quae
664 2163 820 2202 natura
858 2160 1040 2201 fluerent
1075 2162 1204 2214 atque
1241 2174 1387 2200 mana-

18 2228 33 2254 5
52 2220 164 2271 rent,
202 2221 250 2259 ut
282 2219 324 2258 et
355 2232 511 2272 aquam
543 2222 587 2260 et
616 2221 778 2260 terram
810 2221 853 2260 et
884 2223 1000 2273 aera,
1038 2219 1190 2273 solem,
1226 2218 1386 2271 lunam,

53 2276 192 2318 sidera
221 2276 629 2332 universitatemque
660 2292 812 2332 rerum,
844 2292 929 2332 qua
954 2278 1098 2319 omnia
1123 2277 1386 2319 contineren-

51 2336 139 2390 tur,
187 2337 316 2390 atque
360 2336 489 2377 etiam
530 2336 726 2379 homines
770 2351 861 2391 eos,
911 2337 984 2391 qui
1026 2336 1389 2378 inmortalitatem

122 2409 194 2437 c1c.
213 2410 268 2436 1v.
288 2411 304 2435 2
1082 2408 1103 2439 ‘2

1676 1487 1685 1550 l

1678 1557 1685 1621 1
