1685 2568
387 90 476 127 LIB.
504 91 530 127 I.
558 90 656 126 CAP.
684 95 832 126 26—28.
858 95 878 133 ξ
905 95 1052 127 73-79.
1329 95 1385 137 29

53 188 239 244 quodam
271 188 542 243 sapientium,
577 201 659 241 quo
689 186 859 227 facilius
892 186 1057 228 animos
1089 188 1386 243 imperitorum

53 247 108 289 ad
139 246 315 288 deorum
346 247 509 288 cultum
540 261 566 287 a
592 245 706 286 vitae
732 245 945 299 pravitate
971 249 1280 301 converterent,
1312 252 1387 290 aut

54 305 378 360 superstitione,
420 308 468 346 ut
512 306 654 345 essent
698 303 943 358 simulacra,
988 319 1095 358 quae
1135 309 1386 348 venerantes

55 364 155 406 deos
186 364 304 419 ipsos
337 378 381 405 se
413 363 528 405 adire
559 362 807 404 crederent?
857 362 1082 404 Auxerunt
1114 366 1257 406 autem
1282 365 1387 407 haec

17 423 202 464 5eadem
233 425 397 478 poetae,
427 422 624 476 pictores,
657 421 847 475 opifices3
879 424 971 462 erat
1003 422 1115 463 enim
1144 436 1232 465 non
1261 422 1387 466 facile

55 482 223 537 agentis
263 481 425 535 aliquid
462 482 505 522 et
541 479 758 521 molientis
797 479 897 521 deos
935 480 981 521 in
1018 480 1201 522 aliarum
1232 481 1387 524 forma-

54 555 149 582 rum
188 540 429 582 imitatione
470 553 651 580 servare.
713 538 906 580 Accessit
947 539 1077 580 etiam
1117 539 1202 581 ista
1243 541 1387 596 opinio

53 599 256 654 fortasse,
302 598 414 652 quod
457 597 621 639 homini
663 597 836 639 homine
872 597 1094 652 pulchrius
1130 598 1240 639 nihil
1276 599 1388 641 vide-

54 658 194 699 batur.
255 655 337 698 Sed
367 659 415 698 tu
446 656 538 710 hoc,
573 656 759 711 physice,
790 671 877 698 non
907 656 1038 710 vides,
1070 671 1196 711 quam
1229 658 1389 700 blanda

19 715 321 758 oconeiliatrix
362 717 404 756 et
443 715 564 769 quasi
603 715 667 756 sui
700 715 756 755 sit
788 715 885 756 lena
915 716 1100 757 natura?
1160 716 1231 757 An
1260 719 1388 771 putas

54 775 188 816 ullam
227 789 319 816 esse
357 776 473 815 terra
509 774 702 828 marique
740 774 929 829 beluam,
967 788 1074 828 quae
1105 789 1191 816 non
1223 775 1289 816 sui
1321 789 1389 831 ge-

53 834 167 876 neris
209 833 337 875 belua
374 833 557 874 maxime
596 832 857 874 delectetur?
926 831 1047 881 Quod
1083 833 1128 874 ni
1165 833 1228 875 ita
1265 837 1389 888 esset,

54 907 128 935 cur
163 906 249 934 non
288 892 468 947 gestiret
505 894 654 932 taurus
692 906 824 946 equae
862 892 1217 946 contrectatione,
1256 907 1388 947 equus

54 951 236 993 vaccae?
298 951 368 991 An
404 953 452 992 tu
489 950 679 1004 aquilam
717 953 791 991 aut
828 951 996 992 leonem
1035 953 1109 992 aut
1141 951 1389 1006 delphinum

20 1011 191 1052 5ullam
235 1009 446 1051 anteferre
491 1023 635 1050 censes
678 1009 862 1064 figuram
907 1010 1037 1051 suae?
1104 1008 1214 1058 Quid
1256 1010 1390 1066 igitur

56 1069 223 1122 mirum,
250 1068 287 1110 si
312 1068 393 1110 hoc
419 1068 566 1109 eodem
593 1068 718 1109 modo
744 1068 909 1109 homini
927 1071 1082 1109 natura
1101 1070 1391 1124 praescripsit,

54 1130 104 1170 ut
133 1127 241 1169 nihil
273 1126 494 1182 pulchrius
527 1141 655 1180 quam
686 1126 904 1167 hominem
929 1129 1102 1181 putaret
1114 1128 1146 1181 [,
1178 1142 1272 1169 eam
1298 1142 1390 1169 esse

55 1201 239 1240 causam,
271 1200 344 1227 cur
375 1185 475 1226 deos
506 1185 729 1226 hominum
761 1185 914 1226 similis
945 1186 1244 1240 putaremus]‘?

143 1244 253 1294 Quid
297 1244 470 1286 censes?
521 1244 558 1284 si
594 1243 706 1285 ratio
751 1246 864 1285 esset
906 1243 951 1285 in
991 1244 1147 1298 beluis,
1189 1259 1277 1286 non
1315 1259 1390 1287 suo
1418 1254 1460 1285 78

19 1314 37 1342 o
56 1318 245 1359 quasque
284 1303 429 1358 generi
465 1302 698 1357 plurimum
730 1303 967 1344 tributuras
998 1302 1160 1344 fuisse?
1216 1303 1277 1345 At
1308 1318 1391 1345 me·
1406 1306 1460 1347 28

54 1363 225 1405 hercule
264 1375 342 1417 ego
381 1359 538 1415 (dicam
576 1361 706 1415 enim,
742 1363 791 1402 ut
829 1360 987 1417 sentio)
1026 1362 1221 1416 quamvis
1253 1377 1392 1404 amem

54 1421 146 1478 ipse
189 1435 275 1475 me,
318 1422 466 1462 tamen
499 1434 587 1462 non
625 1420 757 1461 audeo
797 1420 934 1462 dicere
970 1420 1261 1475 pulchriorem
1300 1436 1391 1463 esse

55 1495 135 1546 me,
167 1454 295 1535 quaii]
325 1479 400 1520 ille
430 1478 562 1520 fuerit
586 1481 748 1544 taurus,
781 1479 853 1533 qui
879 1479 995 1520 vexit
1014 1478 1246 1534 Europam.
1292 1479 1392 1522 Non

57 1539 168 1581 enim
199 1538 281 1580 hoc
313 1538 408 1580 loco
441 1538 491 1579 de
522 1537 706 1593 ingeniis
739 1540 813 1579 aut
845 1538 894 1579 de
927 1538 1194 1580 orationibus
1219 1539 1392 1594 nostris,

57 1598 130 1640 sed
163 1597 212 1639 de
245 1597 383 1652 5Ρο010
413 1597 636 1652 figuraque
668 1596 898 1651 quaeritur.
948 1595 1108 1645 Quodsi
1133 1597 1294 1653 fingere
1319 1612 1392 1640 no-

55 1657 123 1698 bis
162 1658 204 1698 et
234 1656 411 1711 iungere
441 1655 603 1697 formas
635 1655 834 1710 velimus,
873 1656 1013 1710 qualis
1044 1655 1118 1696 ille
1150 1656 1392 1698 maritimus

56 1715 209 1757 Triton
245 1714 456 1770 pingitur,
491 1714 744 1756 natantibus
775 1713 980 1756 invehens
1011 1714 1150 1756 beluis
1182 1715 1392 1757 adiunctis

55 1774 243 1816 humano
282 1773 467 1828 corpori,
504 1773 616 1814 nolis
650 1787 753 1814 esse.
820 1772 999 1815 Difficili
1030 1773 1076 1814 in
1107 1773 1201 1815 loco
1233 1788 1392 1815 versor.

55 1832 138 1874 Est
168 1833 280 1874 enim
311 1832 376 1873 vis
408 1834 532 1873 tanta
561 1834 753 1887 naturae,
784 1835 833 1873 ut
863 1832 992 1874 homo
1023 1846 1148 1874 nemo
1179 1832 1286 1874 velit
1309 1832 1394 1874 nisi

19 1891 243 1933 2h0minis
287 1891 440 1932 similis
485 1905 587 1932 esse.
653 1891 712 1932 Et
755 1891 925 1945 quidem
961 1890 1143 1932 formica
1177 1890 1391 1933 formicae.
1420 1900 1461 1930 79

59 1949 140 1992 Sed
175 1952 321 1991 tamen
357 1950 474 1992 cuius
504 1949 720 1991 hominis?
766 1952 921 2004 quotus
954 1949 1066 1991 enim
1100 1949 1278 2004 quisque
1308 1950 1392 1992 for-

57 2023 203 2051 mosus
235 2009 327 2050 est?
388 2009 572 2050 Athenis
605 2024 700 2050 cum
733 2023 887 2060 essem,
920 2023 941 2050 e
974 2009 1178 2064 gregibus
1211 2009 1393 2064 ephebo-

57 2082 153 2109 rum
183 2067 254 2108 vix
286 2067 445 2123 singuli
475 2068 809 2123 reperiebantur.
869 2067 1018 2122 Video,
1051 2067 1151 2121 quid
1180 2067 1393 2122 adriseris,

59 2126 132 2168 sed
169 2126 231 2167 ita-
267 2128 410 2167 tamen
444 2141 488 2168 se
519 2141 586 2168 res
618 2126 760 2168 habet.
815 2124 978 2167 Deinde
1010 2126 1155 2180 nobis,
1195 2128 1267 2181 qui
1298 2141 1394 2168 con-

29 2185 306 2230 5cedentibus
336 2185 607 2240 philosophis
640 2185 827 2240 antiquis
855 2185 1186 2227 adulescentulis
1214 2185 1393 2227 delecta-

58 2258 166 2298 mur,
198 2243 324 2285 etiam
357 2243 464 2284 vitia
494 2258 620 2299 saepe
651 2243 832 2286 iucunda
864 2246 976 2285 sunt.
1024 2243 1197 2285 Naevus
1223 2244 1268 2285 in
1294 2243 1393 2285 arti-

58 2302 154 2346 culo
183 2301 306 2358 pueri
337 2301 521 2344 delectat
551 2303 769 2344 Alcaeum.
818 2302 880 2344 At
911 2305 977 2344 est
1008 2303 1199 2358 corporis
1225 2302 1393 2344 macula
