1685 2568
249 68 334 110 194
713 67 777 103 DE
802 66 1122 103 DIVINATIONE

180 173 242 204 131
258 164 394 206 lubre.
443 163 716 206 Democritus
749 166 893 206 autem
924 165 1068 205 censet
1100 162 1316 218 sapienter
1345 164 1586 206 instituisse

245 225 425 277 veteres,
448 225 497 264 ut
520 222 761 264 hostiarum
785 222 1109 264 immolatarum
1133 221 1444 277 inspicerentur
1470 225 1586 276 exta3

247 296 430 336 quorum
467 296 517 322 ex
553 280 706 322 habitu
744 283 873 335 atque
912 295 962 322 ex
999 281 1141 322 colore
1177 282 1271 322 tum
1302 281 1585 335 salubritatis,

245 342 340 382 tum
377 339 649 395 pestilentiae
687 339 812 394 signa
842 338 1021 394 percipi,
1058 353 1146 380 non
1175 353 1412 393 numquam
1442 340 1585 394 etiam,

248 413 356 453 quae
394 398 452 439 sit
488 398 557 439 vel
594 397 801 439 sterilitas
840 411 1042 453 agrorum
1079 398 1148 438 vel
1183 397 1389 439 fertilitas
1427 398 1585 440 futura.
1623 411 1639 437 5

248 456 364 506 Quae
397 456 434 498 si
459 471 485 497 a
508 458 664 498 natura
688 455 882 511 profecta
908 456 1152 498 observatio
1180 458 1307 511 atque
1332 470 1434 498 usus
1458 471 1587 512 agno-

247 515 328 569 vit,
365 516 503 556 multa
540 514 706 556 adferre
743 514 886 569 potuit
925 514 1030 570 dies,
1069 529 1176 569 quae
1209 515 1586 557 animadvertendo

246 576 515 628 notarentur,
545 575 594 615 ut
619 573 693 614 ille
719 572 999 627 Pacuvianus,
1028 574 1101 628 qui
1125 573 1171 615 in
1196 572 1359 628 Chryse
1383 574 1588 629 physicus

247 632 480 686 inducitur,
517 631 692 673 minime
728 634 930 674 naturam
963 647 1106 674 rerum
1138 646 1345 688 cognosse
1376 632 1588 674 videatur:

317 736 355 745 ..
376 717 515 745 ,nam
551 702 645 744 isti
683 700 772 756 qui
800 702 1033 758 linguam
1065 703 1234 744 avium
1264 702 1589 759 intellegunt
1610 716 1643 741 10

307 761 529 816 Plusque
550 763 607 803 ex
628 760 800 802 alieno
820 761 990 802 iecore
1010 761 1219 816 sapiunt
1240 776 1386 816 quam
1407 763 1463 802 ex
1483 776 1590 816 suo,

307 819 471 876 Magis
492 820 799 862 audiendum
820 834 966 874 quam
987 820 1381 861 auscultandum
1398 822 1590 862 censeo.

249 889 364 932 Gur?
397 904 568 945 quaeso,
599 904 696 932 cum
725 889 819 944 ipse
843 889 990 945 paucis
1016 889 1285 945 interpositis
1311 890 1506 932 versibus
1533 891 1591 932 di-

249 963 321 991 cas
354 948 461 991 satis
494 949 728 991 luculente:

311 1017 569 1073 Quidquid
589 1021 667 1061 est
686 1019 798 1073 hoc,
824 1019 992 1060 omnia
1012 1019 1223 1073 animat,
1249 1018 1455 1072 format,
1476 1019 1591 1073 alit,
1613 1032 1644 1057 15

1112 1079 1285 1133 auget,
1317 1080 1474 1132 creat,

311 1135 512 1192 Sepelit
554 1136 845 1192 recipitque
889 1134 941 1177 1'n
986 1150 1094 1177 sese
1139 1136 1307 1178 omnia
1352 1137 1592 1178 omnium-

968 1209 1060 1249 que
1090 1195 1277 1236 ide‘mst
1308 1198 1475 1250 pater,

310 1243 647 1308 Indidemque
674 1253 846 1295 eadem
873 1255 1030 1307 aeque
1051 1253 1288 1295 oriuntur
1309 1254 1364 1295 de
1383 1252 1592 1309 integro

837 1314 988 1366 atque
1020 1312 1193 1353 eodem
1226 1312 1475 1354 occidunt.

254 1382 365 1432 Quid
397 1385 463 1424 est
493 1383 641 1438 igitur,
673 1397 759 1437 cur,
791 1397 885 1424 cum
919 1382 1068 1423 domus
1101 1381 1158 1423 sit
1185 1383 1375 1424 omnium
1399 1398 1495 1438 una,
1527 1398 1593 1425 ea-

254 1456 336 1497 que
362 1441 610 1496 communis,
637 1456 816 1496 cumque
843 1440 975 1482 animi
999 1440 1221 1482 hominum
1248 1456 1414 1496 semper
1432 1441 1593 1483 fuerint

252 1500 472 1555 futurique
505 1500 603 1555 sint,
635 1515 709 1542 cur
739 1500 783 1555 ii,
815 1499 916 1554 quid
942 1514 991 1540 ex
1018 1514 1185 1554 quoque
1211 1500 1391 1554 eveniat,
1423 1503 1466 1542 et
1492 1501 1593 1555 quid
1612 1514 1646 1540 20

256 1574 469 1614 quamque
494 1573 586 1601 rem
612 1558 836 1614 significet,
868 1558 1107 1613 perspicere
1132 1573 1219 1600 non
1243 1559 1440 1614 possint?
1476 1559 1594 1602 Haec

254 1618 401 1673 habui,
432 1618 586 1673 inquit,
619 1618 669 1659 de
701 1617 962 1659 divinatione
995 1631 1103 1671 quae
1136 1617 1329 1659 dicerem.

184 1662 252 1745 {³382
343 1676 469 1719 Nunc
506 1677 582 1718 illa
613 1677 826 1730 testabor,
862 1690 949 1717 non
980 1691 1047 1717 me
1080 1676 1309 1732 sortilegos
1340 1691 1476 1731 neque
1509 1691 1593 1731 eOS,

258 1735 331 1790 qui
363 1737 565 1790 quaestus
598 1750 726 1777 causa
756 1734 1035 1789 hariolentur,
1065 1749 1118 1776 ne
1149 1735 1478 1790 psychomantia
1504 1737 1593 1790 qui-

258 1794 366 1849 dem,
398 1794 552 1849 quibus
584 1793 770 1849 Appius,
809 1794 968 1835 amicus
1001 1796 1111 1847 tuus,
1143 1794 1208 1834 uti
1239 1794 1424 1848 solebat,
1463 1809 1592 1850 agno·
1612 1806 1646 1833 25

257 1867 392 1908 scere3
422 1867 509 1895 non
533 1853 672 1895 habeo
700 1852 878 1907 denique
903 1852 1028 1894 nauci
1047 1852 1237 1893 Marsum
1264 1866 1482 1908 augurem,
1506 1867 1594 1895 non

257 1911 431 1953 vicanos
463 1911 723 1966 haruspices,
753 1926 840 1953 non
872 1911 921 1952 de
954 1911 1065 1953 circo
1092 1911 1348 1966 astrologos,
1379 1926 1466 1953 non
1489 1910 1593 1953 Isia-

257 1984 330 2012 cos
361 1970 634 2025 coniectores,
665 1985 751 2011 non
776 1970 1032 2025 interpretes
1058 1969 1339 2024 somniorum3
1368 1984 1455 2012 non
1480 1970 1593 2012 enim

258 2030 359 2071 sunt
389 2029 422 2070 ii
452 2031 527 2070 aut
558 2028 737 2070 scientia
770 2031 843 2070 aut
876 2030 968 2070 arte
1001 2028 1143 2082 divini,

317 2096 413 2141 Sed
461 2097 823 2152 superstitiosi
871 2100 1017 2140 vates
1060 2096 1468 2153 inpudentesque
1511 2099 1646 2141 hai-so

1353 2157 1476 2199 rioli

317 2214 421 2257 Aut
460 2214 656 2257 inertes
699 2217 786 2257 aut
826 2214 996 2256 insani
1037 2217 1123 2256 aut
1165 2215 1348 2269 quibus
1389 2219 1592 2271 egestas

1235 2269 1476 2329 imperat:

1665 2209 1668 2242 1
