1685 2568
415 96 504 132 LIB.
531 97 558 133 I.
586 96 685 133 CAP.
713 102 853 132 32—34
877 101 897 139 ξ
923 102 1072 133 69-75.
1334 101 1416 144 173

73 193 312 249 fulgurales
339 198 382 234 et
406 193 585 235 rituales
612 192 724 247 libri,
749 193 883 235 vestri
909 193 1040 235 etiam
1063 195 1304 249 augurales,
1331 197 1417 238 alia

75 255 218 295 autem
259 252 402 294 subito
442 267 492 294 ex
529 254 724 306 tempore
760 251 1006 294 coniectura
1043 253 1328 307 explicantur,
1368 257 1417 295 ut

74 311 186 366 apud
230 310 469 353 Homerum
512 308 713 364 Calchas,
761 310 833 364 qui
877 325 927 352 ex
971 325 1195 366 passerum
1239 326 1416 354 numero

73 369 178 411 belli
219 369 395 412 Troiani
436 383 570 411 annos
611 371 846 425 auguratus
888 371 971 423 est,
1016 372 1059 411 et
1098 372 1147 410 ut
1185 370 1232 411 in
1271 369 1417 412 Sullae

37 440 55 468 5
74 428 282 484 scriptum
307 428 491 470 historia
515 427 721 481 videmus,
754 427 867 482 quod
892 430 935 469 te
960 428 1228 483 inspectante
1252 428 1417 471 factum

74 489 151 541 est,
183 489 243 541 ut,
275 502 371 529 cum
401 487 476 528 ille
507 486 553 527 in
585 500 691 542 agro
715 486 887 528 Nolano
913 487 1146 529 inmolaret
1171 489 1272 529 ante
1297 503 1417 543 prae-

73 546 250 600 torium,
292 546 346 587 ab
377 545 525 586 infima
557 560 633 586 ara
664 545 808 588 subito
842 545 996 601 anguis
1029 549 1288 602 emergeret,
1320 561 1416 589 cum

74 604 244 659 quidem
266 603 310 646 O.
330 603 578 646 Postumius
610 604 825 659 haruspex
858 606 1001 646 oraret
1031 604 1168 659 illum,
1199 608 1248 646 ut
1279 605 1325 647 in
1351 620 1417 647 ex-

72 663 335 718 peditionem
367 663 597 704 exercitum
632 663 845 717 educeret3
876 663 919 704 id
951 678 1047 705 cum
1080 662 1201 705 Sulla
1231 663 1417 718 fecisset,

20 734 54 760 10
73 724 166 763 tum
211 724 309 763 ante
354 721 557 777 oppidum
598 721 758 764 Nolam
801 722 1121 764 florentissuma
1158 721 1417 765 Samnitium

73 783 217 822 castra
248 780 372 835 cepit.
428 779 561 822 Facta
593 780 838 822 coniectura
870 781 1001 823 etiam
1032 781 1078 823 in
1102 780 1312 836 Dionysio
1339 785 1416 836 est,
1445 794 1486 824 73

71 839 202 894 paulo
235 841 335 881 ante
368 854 496 893 quam
529 853 709 894 regnare
741 839 900 895 coepit,
933 840 1006 894 qui
1037 855 1132 882 cum
1161 855 1238 895 per
1264 854 1417 897 agrum

71 897 331 940 Leontinum
368 898 451 939 iter
487 898 648 940 faciens
681 913 837 953 equum
869 899 960 954 ipse
994 899 1236 940 demisisset
1266 899 1313 941 in
1343 900 1418 942 fiu-

73 971 182 1012 men,
215 957 462 998 submersus
496 971 628 1011 equus
654 957 935 1013 voraginibus
961 972 1048 1000 non
1074 958 1259 1013 exstitit,
1291 973 1418 1013 quem

20 1027 54 1055 15
73 1031 169 1058 cum
201 1016 389 1057 maxima
418 1016 690 1058 contentione
715 1031 802 1058 non
828 1016 1042 1071 potuisset
1068 1017 1304 1071 extrahere,
1336 1017 1418 1059 dis-

72 1074 219 1129 cessit,
269 1077 318 1116 ut
358 1074 420 1116 ait
463 1074 693 1129 Philistus,
741 1089 868 1131 aegre
909 1075 1062 1117 ferens.
1125 1075 1233 1118 Cum
1273 1079 1417 1118 autem

73 1133 344 1188 aliquantum
383 1148 640 1189 progressus
678 1136 809 1188 esset,
848 1133 993 1175 subito
1032 1134 1250 1176 exaudivit
1280 1135 1419 1176 hinni—

71 1195 165 1234 tum
214 1192 487 1246 respexitque
538 1194 580 1233 et
624 1206 780 1247 equum
824 1192 1010 1234 alacrem
1054 1193 1194 1234 laetus
1240 1194 1419 1248 aspexit,

72 1250 191 1293 cuius
223 1250 268 1291 in
298 1250 401 1292 iuba
433 1265 612 1292 examen
642 1251 787 1305 apium
816 1251 1081 1293 consederat.
1131 1251 1254 1300 Quod
1280 1255 1417 1294 osten-

20 1323 54 1348 20
72 1313 165 1351 tum
202 1309 356 1351 habuit
387 1309 499 1352 hanc
530 1310 636 1364 vim,
677 1312 725 1351 ut
757 1310 990 1364 Dionysius
1022 1311 1169 1365 paucis
1201 1314 1303 1366 post
1335 1312 1416 1353 die-
1433 1345 1457 1386 3
1460 1345 1488 1385 4

71 1369 152 1411 bus
177 1382 359 1424 regnare
386 1368 585 1423 coeperit.
629 1367 768 1417 Quid?
794 1368 1144 1411 Lacedaemoniis
1164 1370 1295 1425 paulo
1316 1373 1415 1412 ante
1446 1397 1489 1428 74

71 1427 341 1470 Leuctricam
384 1427 676 1469 calamitatem
722 1442 830 1482 quae
875 1428 1135 1484 significatio
1177 1427 1295 1471 facta
1339 1432 1416 1483 est,

72 1501 169 1528 cum
199 1486 245 1527 in
270 1485 469 1528 Herculis
499 1486 602 1528 fano
635 1501 756 1528 arma
788 1490 1024 1528 sonuerunt
1048 1486 1333 1543 Herculisque
1365 1488 1418 1530 si-

73 1545 312 1587 mulacrum
344 1545 482 1587 multo
515 1545 669 1587 sudore
700 1546 912 1587 manavit!
956 1546 1018 1587 At
1049 1546 1197 1588 eodem
1222 1549 1417 1602 tempore

20 1616 54 1642 2⁵
73 1604 245 1658 Thebis,
276 1606 325 1645 ut
357 1604 419 1645 ait
445 1603 747 1659 Callisthenes,
778 1605 824 1646 in
848 1605 1012 1660 templo
1039 1604 1239 1647 Herculis
1264 1607 1418 1648 valvae

72 1663 242 1705 clausae
268 1663 488 1719 repagulis
516 1663 659 1705 subito
685 1678 731 1705 se
755 1663 875 1719 ipsae
901 1666 1172 1719 aperuerunt,
1201 1679 1418 1719 armaque,

73 1736 180 1777 quae
211 1722 297 1763 fixa
326 1722 371 1763 in
402 1722 641 1777 parietibus
666 1722 850 1776 fuerant,
883 1737 933 1764 ea
959 1725 1059 1764 sunt
1084 1723 1205 1764 humi
1230 1724 1416 1766 inventa.

73 1780 265 1836 Cumque
308 1781 456 1823 eodem
500 1783 694 1836 tempore
739 1782 851 1836 apud
893 1781 1128 1823 Lebadiam
1167 1782 1416 1838 Trophonio

74 1854 142 1881 res
174 1839 317 1881 divina
347 1840 482 1893 fieret,
515 1840 656 1895 gallos
690 1840 955 1896 gallinaceos
987 1841 1033 1882 in
1064 1855 1113 1883 eo
1140 1841 1234 1883 loco
1262 1841 1322 1884 sic
1348 1842 1435 1884 ad-·

20 1909 57 1935 3⁰
76 1898 195 1940 sidue
238 1913 388 1940 canere
433 1899 641 1953 coepisse,
684 1902 733 1940 ut
775 1899 884 1941 nihil
924 1900 1280 1955 intermitterent3
1323 1902 1417 1942 tum

76 1970 260 2012 augures
293 1957 449 1999 dixisse
480 1956 685 1999 Boeotios
718 1957 1022 2000 Thebanorum
1054 1973 1146 2000 esse
1177 1959 1417 2014 victoriam,

74 2017 304 2070 propterea
341 2016 454 2070 quod
492 2016 582 2058 avis
619 2016 696 2058 illa
733 2017 849 2059 victa
880 2017 1006 2059 silere
1039 2018 1215 2072 soleret,
1254 2033 1416 2072 canere,

32 2081 37 2087 '
76 2074 113 2115 si
142 2073 327 2116 vicisset.
375 2074 622 2130 Eademque
653 2077 913 2131 tempestate
944 2076 1094 2118 multis
1128 2076 1264 2132 signis
1289 2076 1416 2119 Lace·
1443 2084 1487 2116 75

76 2132 310 2174 daemoniis
336 2132 584 2176 Leuctricae
615 2149 786 2190 pugnae
817 2135 1042 2177 calamitas
1070 2136 1416 2177 denuntiabatur.

21 2201 56 2229 85
74 2190 272 2246 Namque
305 2194 348 2233 et
377 2192 423 2233 in
452 2191 673 2248 Lysandri,
707 2193 779 2248 qui
803 2193 1240 2236 Lacedaemoniorum
1272 2194 1416 2236 claris-

77 2250 210 2295 simus
247 2250 407 2305 fuerat,
444 2253 603 2305 statua,
642 2267 750 2307 quae
781 2252 964 2308 Delphis
999 2253 1162 2308 stabat,
1198 2253 1244 2295 in
1276 2253 1415 2307 capite

76 2323 233 2352 corona
265 2309 408 2351 subito
442 2310 608 2352 exstitit
640 2325 690 2352 ex
722 2312 883 2367 asperis
915 2312 1061 2354 herbis
1088 2314 1131 2354 et
1158 2312 1414 2365 agrestibus,
