1685 2568
266 112 353 154 240
724 113 789 148 DE
814 113 1136 149 DIVINATIONE

267 211 396 263 atque
439 209 555 250 victu
598 209 811 263 proficisci
854 209 908 251 ad
952 208 1247 250 dormiendum
1289 208 1455 262 iubent,
1500 208 1602 249 faba

267 268 437 321 quidem
474 267 739 322 Pythagorei
781 268 929 321 utique
974 267 1207 320 abstinere,
1251 267 1374 321 quasi
1413 281 1513 308 vero
1552 281 1601 308 eo
1660 287 1661 299 π

266 326 360 367 cibo
393 341 524 380 menS,
555 341 641 367 non
672 328 822 367 venter
852 326 1035 366 infletur.
1086 324 1166 366 Sed
1197 326 1339 367 neseio
1367 340 1449 379 quo
1475 325 1602 366 modo
1659 342 1661 374 ζ

265 384 374 425 nihil
412 387 503 426 tam
541 385 724 425 absurde
763 384 844 425 diei
881 386 1043 439 potest,
1085 384 1198 437 quod
1233 398 1320 425 non
1352 384 1517 425 dicatur
1548 384 1602 425 ab
1659 386 1661 424 ἕ

266 502 489 543 mientium
523 501 687 542 animos
719 515 795 556 per
827 515 924 542 sene
950 501 1067 555 ipsos
1093 501 1138 541 in
1164 500 1415 542 somniando
1441 500 1604 542 moveri
1657 505 1660 555 ἶ

267 575 334 614 an,
357 563 406 600 ut
425 560 697 601 Democritus
724 562 880 614 censet,
905 562 1081 600 externa
1107 562 1150 600 et
1176 559 1415 600 adventicia
1439 559 1603 600 visione
1655 587 1659 595 π

265 618 459 673 pulsari?
503 616 600 659 Sive
633 618 746 659 enim
779 618 839 659 sio
871 621 935 659 est
961 618 1049 659 sive
1074 618 1151 659 illo
1178 618 1319 671 modo,
1348 617 1483 659 videri
1508 631 1603 672 pos·
1658 664 1659 667 Ἴ

267 680 367 718 sunt
397 677 614 731 permulta
646 676 958 718 somniantibus
992 676 1102 718 falsa
1133 691 1211 730 pro
1243 676 1366 717 veris.
1416 675 1529 717 Nam
1561 678 1604 717 et
1658 693 1659 701 ¹

265 736 571 791 navigantibus
603 735 767 776 moveri
797 736 996 776 videntur
1029 750 1095 789 ea,
1128 749 1235 789 quae
1268 737 1397 788 stant,
1429 737 1471 775 et
1505 749 1603 788 quo-
1623 747 1685 774 10'

267 795 365 835 dam
405 794 561 835 obtutu
599 794 820 835 oculorum
859 794 941 835 duo
973 808 1052 848 pro
1084 808 1168 835 uno
1201 794 1398 835 lucernae
1431 793 1605 834 lumina.
1656 786 1659 799 ³

266 852 376 901 Quid
420 853 575 905 dicam,
618 853 798 906 insanis,
843 853 943 906 quid
985 852 1113 893 ebriis
1155 867 1283 906 quam
1320 852 1458 893 multa
1493 852 1605 893 falsa
1656 902 1657 905 Ἴ

266 912 520 953 videantur?
565 910 724 959 Quodsi
750 911 839 952 eius
867 911 981 952 modi
1007 911 1110 952 visis
1137 911 1391 952 eredendum
1415 925 1503 952 non
1529 913 1605 964 est,
1656 936 1657 947 i

267 985 341 1012 eur
379 970 556 1011 somniis
589 970 803 1024 credatur,
840 970 995 1011 neseio.
1057 968 1169 1010 Nam
1201 972 1291 1010 tam
1324 969 1425 1011 lieet
1456 969 1506 1010 de
1536 969 1605 1010 his

268 1029 496 1082 erroribus,
528 1028 565 1070 si
595 1029 714 1083 velis,
747 1043 874 1083 quam
908 1029 958 1069 de
991 1028 1168 1069 somniis
1201 1028 1432 1083 disputare,
1462 1030 1512 1069 ut
1544 1042 1603 1082 ea,
1624 1041 1650 1067 ιε

269 1102 376 1142 quae
409 1089 545 1141 stant,
575 1089 613 1129 si
642 1087 805 1129 moveri
836 1087 1077 1141 videantur,
1109 1089 1248 1128 terrae
1280 1089 1445 1128 motum
1477 1087 1606 1142 signi·
1654 1083 1657 1106 ⁶

267 1147 394 1187 ficare
434 1146 548 1187 dieas
588 1149 662 1187 aut
701 1146 970 1201 repentinam
1009 1146 1199 1200 aliquam
1229 1145 1397 1201 fugam,
1435 1146 1605 1200 gemino
1655 1154 1657 1175 ³

269 1208 412 1247 autem
453 1205 651 1246 lucernae
689 1205 848 1246 lumine
889 1205 1094 1246 declarari
1127 1205 1434 1246 dissensionem
1466 1219 1514 1246 ae
1546 1218 1606 1245 se-

200 1246 253 1327 129
287 1264 493 1304 ditionem
527 1264 737 1316 [moveri].
798 1263 890 1305 Iam
924 1279 973 1305 ex
1005 1265 1253 1305 insanorum
1286 1265 1361 1304 aut
1392 1263 1606 1304 ebriorum

269 1322 372 1363 visis
404 1322 735 1364 innumerabilia
767 1323 1011 1364 coniectura
1042 1322 1159 1363 trahi
1183 1324 1376 1377 possunt,
1409 1336 1516 1376 quae
1541 1321 1605 1363 fu·
1624 1334 1648 1360 2<

268 1384 367 1422 tura
403 1381 706 1422 videantur...
728 1415 736 1422 .
794 1381 895 1430 Quis
935 1384 1001 1422 est
1038 1381 1168 1434 enim,
1207 1380 1278 1435 qui
1315 1383 1456 1421 totum
1494 1380 1605 1421 diem
1650 1394 1653 1398 ’

267 1439 459 1481 iaculans
490 1454 576 1480 non
609 1440 839 1494 aliquando
872 1439 1103 1481 conliniet?
1153 1439 1286 1480 Totas
1317 1441 1464 1481 noctes
1497 1453 1605 1480 som·
1651 1419 1655 1504 J

267 1499 454 1551 niamus,
491 1512 627 1552 neque
659 1499 748 1540 ulla
780 1501 846 1540 est
875 1498 981 1552 fere,
1021 1513 1104 1552 qua
1134 1513 1220 1539 non
1252 1498 1531 1552 dormiamus,
1563 1501 1606 1539 et

270 1558 476 1598 miramur
514 1557 742 1611 aliquando
780 1558 840 1611 id,
885 1558 997 1612 quod
1035 1557 1355 1610 somniarimus,
1399 1557 1604 1598 evadere?
1651 1526 1654 1611 Ι

270 1615 380 1664 Quid
417 1618 482 1657 est
513 1618 604 1657 tam
636 1616 846 1658 incertum
878 1631 1007 1670 quain
1038 1616 1225 1657 talorum
1257 1615 1422 1657 iaetus?
1460 1618 1606 1657 tamen
1623 1606 1679 1653 2⁵

268 1689 394 1716 nemo
416 1677 492 1729 est,
514 1675 615 1728 quin
636 1689 761 1729 saepe
780 1675 943 1716 iactans
963 1674 1196 1715 Venerium
1215 1674 1345 1715 iaciat
1364 1674 1606 1729 aliquando,
1650 1679 1653 1729 ξ
1684 1676 1685 1696 ³

268 1748 353 1774 non
385 1748 619 1787 numquam
652 1734 781 1775 etiam
812 1734 967 1775 iterum
1001 1748 1049 1774 ae
1080 1733 1267 1774 tertium.
1316 1731 1432 1773 Num
1460 1733 1605 1788 igitur,
1684 1733 1685 1740 ’

269 1794 317 1832 ut
342 1792 490 1846 inepti,
521 1791 701 1833 Veneris
727 1792 769 1833 id
795 1792 967 1847 inpulsu
993 1792 1086 1833 fieri
1111 1792 1325 1833 malumus
1353 1806 1480 1845 quam
1506 1806 1606 1833 casu
1649 1782 1652 1822 Ι
1684 1811 1685 1814 “

271 1851 436 1892 dicere?
481 1850 641 1899 Quodsi
672 1851 823 1892 ceteris
855 1851 1121 1905 temporibus
1152 1849 1274 1891 falsis
1306 1850 1409 1891 visis
1439 1850 1606 1892 creden·
1659 1875 1661 1878 .

271 1909 370 1950 dum
406 1924 494 1951 non
531 1912 613 1964 est,
650 1924 736 1951 non
767 1909 908 1963 video,
947 1909 1048 1964 quid
1078 1909 1296 1964 praecipui
1328 1923 1502 1950 somnus
1533 1909 1605 1951 ha-
1621 1919 1643 1946 s«

202 1976 267 2008 122
288 1968 402 2022 beat,
430 1968 475 2009 in
507 1983 590 2022 quo
622 1969 796 2009 valeant
826 1968 938 2009 falsa
968 1982 1047 2023 pro
1078 1968 1202 2009 veris.
1252 1966 1411 2016 Quodsi
1441 1967 1504 2009 ita
1534 1982 1605 2009 na·
1654 1975 1663 2018 j·

270 2029 369 2068 tura
405 2029 604 2081 paratum
643 2029 772 2080 esset,
810 2029 858 2068 ut
895 2042 944 2068 ea
976 2026 1234 2068 dormientes
1267 2028 1460 2082 agerent,
1498 2041 1605 2081 quae

272 2085 547 2139 somniarent,
573 2085 780 2141 alligandi
807 2100 953 2127 omnes
980 2088 1133 2139 essent,
1159 2085 1231 2139 qui
1256 2085 1448 2127 cubitum
1472 2085 1604 2140 irent3
1654 2096 1655 2100 ’

271 2144 454 2185 maiores
490 2144 601 2184 enini
635 2159 763 2198 quam
794 2144 873 2185 ulli
904 2144 1044 2186 insani
1076 2144 1292 2185 efficerent
1323 2147 1464 2185 motus
1497 2159 1604 2186 som-

270 2202 451 2244 niantes.
495 2201 656 2251 Quodsi
681 2203 929 2244 insanorum
953 2203 1056 2244 visis
1082 2203 1187 2244 fides
1206 2217 1293 2244 non
1313 2205 1378 2243 est
1397 2202 1603 2257 habenda,
1619 2211 1641 2238 δὲ

272 2261 373 2316 quia
401 2260 515 2302 falsa
545 2264 657 2315 sunt,
689 2277 761 2303 eur
792 2262 988 2303 credatur
1021 2261 1326 2303 somniantium
1351 2261 1466 2315 visis,
1497 2275 1604 2316 quae
1652 2299 1658 2320 z.
1684 2259 1685 2283 ³

272 2320 408 2361 multo
453 2319 584 2361 etiam
627 2320 946 2376 perturbatiora
990 2323 1108 2374 sunt,
1151 2335 1239 2362 non
1281 2320 1506 2374 intelleg03
1550 2334 1602 2361 an
1683 2315 1685 2343 3
