1685 2568
430 69 518 104 LIB.
544 69 588 105 ΙΙ.
617 69 717 104 ΟΑΡ.
744 73 893 105 23-26.
921 73 939 111 ξ
965 74 1114 105 41-47.
1359 72 1441 113 321

108 165 314 207 comitata
352 168 429 206 est.
483 164 598 207 Nam
635 167 678 206 01
710 179 834 206 0111110
864 164 1036 206 Latium
1068 165 1182 206 bello
1216 166 1370 207 devicit
1402 170 1445 208 et

109 222 308 265 Suessam
351 224 609 278 Pometiam,
659 224 809 265 urbem
854 224 1102 277 opulentam
1146 223 1444 278 refertamque,

108 282 220 337 cepit
258 285 301 324 et
340 284 527 324 maxima
558 282 650 323 auri
683 281 934 336 argentique
967 282 1126 336 praeda
1157 282 1444 336 locupletatus

107 344 256 382 votum
288 342 425 395 patris
458 340 663 395 Capitolii
695 341 988 382 aedificatione
1019 340 1228 395 persolvit
1260 343 1302 381 et
1334 342 1445 382 colo-

9 432 17 455 ,
72 412 88 438 5
107 400 201 441 nias
234 400 407 441 deduxit
439 403 480 440 et
512 400 721 441 institutis
754 414 912 452 eorum,
944 414 969 440 a
1001 398 1154 453 quibus
1187 401 1306 440 ortus
1340 402 1444 452 erat,

0 727 14 753 1⁰

0 2262 4 2288 1

110 457 114 512 1
148 459 260 500 dona
302 458 529 513 magnifica
573 458 696 512 quasi
744 458 979 499 libamenta
1021 457 1276 511 praedarum
1320 458 1375 510 [p.
1402 469 1444 500 16

107 517 300 572 Delphos
333 517 386 558 ad
411 517 659 571 Apollinem
691 517 820 558 misit.

194 575 277 617 Hic
313 575 386 616 ille
424 575 510 616 iam
542 578 731 616 vertetur
763 575 897 629 orbis,
935 575 1052 617 cuius
1084 575 1327 616 naturalem
1359 590 1445 617 mo-

1459 552 1515 593 25

106 637 200 676 tum
237 636 366 688 atque
403 633 628 675 circuitum
661 648 685 675 a
715 634 855 688 primo
889 635 1038 676 discite
1071 634 1341 690 adgnoscere.
1396 634 1446 675 Id
1471 604 1515 634 45

55 706 88 731 10
109 693 219 735 enim
252 694 318 733 est
350 694 478 746 caput
510 692 647 733 civilis
678 693 946 747 prudentiae,
977 693 1023 734 in
1054 708 1138 748 qua
1169 693 1308 734 omnis
1339 693 1446 735 haec

106 753 257 794 nostra
288 753 485 792 versatur
517 751 668 805 oratio,
700 751 842 792 videre
874 752 1029 793 itinera
1060 752 1277 806 flexusque
1303 766 1445 793 rerum

106 809 388 865 publicarum,
420 812 480 863 ut,
512 825 607 851 011111
641 810 798 863 sciatis,
832 825 914 864 quo
949 825 1140 865 quaeque
1166 825 1233 852 res
1259 810 1446 865 inclinet,

106 869 288 910 retinere
309 871 384 910 aut
405 871 503 910 ante
518 869 695 923 possitis
713 876 716 924 ᾗ
736 884 966 910 occurrere.
998 869 1111 910 Nam
1125 884 1199 911 rex
1211 869 1298 923 ille,
1314 871 1444 922 [p.255

107 928 156 969 de
189 941 271 982 quo
304 927 468 982 loquor,
500 928 687 982 primum
719 928 871 982 optimi
906 928 1020 984 regis
1053 929 1179 970 caede
1205 929 1444 970 maculatus

57 997 89 1024 15
107 986 279 1042 integra
308 988 450 1027 mente
475 1001 562 1028 non
588 989 690 1041 erat,
723 989 766 1027 et
791 1002 886 1028 cum
912 989 1122 1028 metueret
1146 987 1238 1041 ipse
1263 1002 1446 1042 poenam

108 1045 279 1087 sceleris
312 1045 377 1086 sui
412 1060 634 1099 summam,
666 1046 799 1086 metui
832 1060 875 1086 se
907 1046 1100 1100 volebat3
1133 1046 1280 1087 deinde
1312 1047 1445 1088 victo-

106 1104 181 1146 riis
232 1104 477 1158 divitiisque
522 1104 727 1145 subnixus
772 1104 995 1145 exultabat
1036 1105 1266 1146 insolentia
1308 1120 1445 1159 neque

107 1177 207 1204 suos
251 1177 392 1204 mores
436 1177 584 1218 regere
627 1165 800 1218 poterat
842 1178 978 1217 neque
1021 1176 1194 1204 suorum
1234 1163 1445 1205 libidines.

105 1221 256 1275 Itaque
278 1234 374 1263 cum
394 1222 530 1263 maior
551 1221 639 1263 eius
659 1221 773 1263 filius
794 1221 1029 1275 Lucretiae,
1056 1222 1298 1277 Tricipitini
1318 1223 1444 1276 filiae,
1470 1233 1515 1263 46

55 1293 88 1318 20
109 1279 326 1322 Conlatini
364 1280 505 1334 uxori,
545 1281 633 1322 vim
671 1280 890 1322 attulisset
927 1281 1164 1335 mulierque
1201 1281 1364 1336 pudens
1404 1284 1446 1322 et

105 1337 276 1393 1101101115
310 1339 364 1380 ob
390 1339 512 1380 illam
539 1339 739 1381 iniuriam
767 1354 858 1381 sese
884 1340 979 1394 ipsa
1004 1343 1143 1381 morte
1170 1340 1276 1381 111111-
1303 1341 1354 1392 [p.
1377 1350 1445 1382 256

105 1398 298 1452 tavisset‚
329 1400 421 1439 tum
452 1397 519 1439 vir
549 1398 722 1453 ingenio
750 1401 792 1439 et
817 1398 977 1440 virtute
1002 1401 1241 1453 praestans,
1272 1398 1318 1440 L.
1341 1398 1446 1440 Bru-

106 1460 194 1510 1115,
234 1456 398 1512 depulit
436 1472 461 1498 a
499 1456 663 1499 civibus
703 1457 788 1498 suis
821 1457 1028 1498 iniustum
1059 1458 1165 1499 illud
1201 1458 1329 1499 durae
1363 1472 1446 1499 ser-

106 1516 258 1558 vitutis
301 1516 461 1571 iugum.
524 1514 605 1564 Qui
642 1531 738 1557 cum
774 1516 968 1571 privatus
1007 1519 1137 1570 esset,
1180 1519 1318 1558 totam
1355 1532 1446 1558 rem

55 1586 89 1612 25
108 1575 327 1630 publicam
365 1574 570 1615 sustinuit
606 1575 854 1629 primusque
892 1576 936 1616 in
973 1575 1053 1617 hac
1091 1575 1265 1617 civitate
1304 1576 1447 1617 docuit

107 1634 153 1674 in
190 1633 482 1675 conservanda
519 1633 675 1675 civium
713 1634 914 1675 libertate
947 1648 1038 1675 esse
1070 1635 1285 1688 privatum
1316 1635 1446 1675 nemi-

108 1707 217 1734 nem.
268 1691 359 1740 Quo
394 1694 566 1733 auctore
594 1695 636 1733 et
661 1692 853 1747 principe
879 1693 1094 1734 concitata
1120 1693 1271 1734 civitas
1300 1695 1342 1734 et
1366 1693 1446 1735 hac

107 1751 268 1793 recenti
312 1749 516 1805 que'rella
552 1750 775 1792 Lucretiae
819 1751 955 1806 patris
1002 1767 1049 1793 ac
1089 1752 1259 1806 propin·
1298 1753 1350 1804 [p.
1378 1763 1445 1794 245

109 1825 290 1864 quorum
334 1812 377 1851 et
420 1809 714 1851 recordatione
759 1810 983 1864 superbiae
1028 1810 1250 1864 Tarquinii
1293 1811 1446 1852 multa-

56 1879 90 1905 80
109 1883 286 1923 rumque
326 1868 579 1909 iniuriarum
623 1871 666 1909 01
708 1868 843 1923 ipsius
883 1871 925 1910 et
961 1869 1149 1910 filiorum
1194 1869 1360 1910 exulem
1405 1872 1447 1911 et

108 1942 253 1982 regem
284 1928 425 1981 ipsum
455 1929 498 1968 01
529 1927 689 1968 liberos
721 1927 810 1969 eius
843 1930 886 1969 et
918 1930 1090 1984 gentem
1116 1927 1447 1982 Tarquiniorum

109 2001 199 2028 esse
231 1986 368 2027 iussit.
1462 2021 1513 2060 9(

194 2044 417 2087 Videtisne
443 2045 589 2100 igitur,
614 2047 664 2085 ut
689 2044 739 2086 de
759 2059 858 2100 rege
878 2045 1074 2087 dominus
1095 2045 1286 2086 extiterit
1306 2046 1446 2087 unius·
1461 2037 1514 2103 “47³

108 2118 189 2158 que
227 2103 333 2145 vitio
366 2118 500 2160 genus
533 2104 595 2144 rei
626 2103 823 2158 publicae
855 2118 905 2145 ex
936 2105 1049 2146 bono
1080 2104 1126 2145 in
1157 2105 1446 2146 deterrumum

56 2173 90 2198 85
109 2177 360 2204 conversum
399 2162 485 2204 sit?
532 2162 614 2204 Hic
646 2164 712 2203 est
744 2162 856 2203 enim
888 2162 1084 2204 dominus
1115 2163 1282 2218 populi,
1321 2177 1446 2217 quem

109 2220 260 2262 Graeci
302 2220 545 2276 tyranlnum
589 2223 763 2275 vocant3
806 2236 906 2262 nam
946 2236 1093 2278 regem
1132 2223 1257 2263 illum
1298 2223 1351 2273 [p.
1378 2232 1444 2262 246

107 2280 260 2322 volunt
292 2294 396 2334 esse,
428 2280 501 2334 qui
532 2280 719 2321 consulit
749 2281 798 2321 ut
828 2295 982 2335 parens
1014 2281 1174 2336 populo
1206 2282 1445 2322 conservat-

178 2360 250 2386 010.
268 2360 323 2387 IV.
348 2362 372 2386 2.
1118 2353 1161 2382 21
