1685 2568
410 89 500 124 LIB.
525 90 589 125 III.
616 89 715 125 CAP.
744 94 893 125 17-19.
918 94 938 132 ἓ
963 94 1113 126 44—49.
1344 92 1426 134 123

93 185 311 228 menides?
368 184 484 234 Quae
516 185 554 227 si
585 185 686 227 deae
719 187 830 239 sunt,
864 200 1044 239 quarum
1077 188 1121 227 et
1153 185 1336 228 Athenis
1367 188 1428 229 fa-

90 259 192 286 num
224 246 291 285 est
323 246 366 286 et
398 244 511 299 apud
539 258 630 298 nos,
661 245 710 284 ut
742 257 821 299 ego
853 243 1126 298 interpretor,
1158 245 1278 286 lucus
1309 244 1428 286 Furi-

90 317 181 356 nae,
212 301 366 344 Furiae
393 303 494 344 deae
521 305 631 356 sunt,
664 302 980 357 speculatrices,
1012 302 1148 356 credo,
1179 305 1222 344 et
1240 303 1427 345 vindices

91 361 329 403 facinorum
362 364 404 402 et
437 361 619 403 sceleris.
669 359 829 409 Quodsi
854 361 964 402 tales
991 361 1058 402 dei
1084 364 1195 414 sunt,
1226 364 1275 402 ut
1301 363 1427 404 rebus
1455 373 1497 403 47

39 433 57 459 5
93 420 292 461 humanis
318 420 530 473 intersint,
562 418 695 461 Natio
728 434 894 474 quoque
921 419 1000 461 dea
1023 420 1215 474 putanda
1241 423 1319 474 est,
1351 421 1429 475 cui,

92 494 187 520 cum
225 478 326 520 fana
362 478 633 520 circumimus
670 478 716 519 in
748 492 852 534 agro
883 478 1080 532 Ardeati,
1118 493 1208 520 rem
1241 479 1430 520 divinam

90 537 230 579 facere
257 537 464 590 solemus3
495 551 603 591 quae
630 536 730 591 quia
755 539 904 591 partus
930 539 1226 578 matronarum
1246 540 1430 591 tueatur,

92 611 118 637 a
148 595 422 637 nascentibus
454 594 586 636 Natio
618 595 841 637 nominata
873 598 948 637 est.
1003 595 1069 638 Ea
1101 596 1137 637 si
1169 596 1247 638 dea
1279 599 1355 650 est,
1388 597 1431 638 di

93 668 239 696 omnes
272 653 349 707 illi,
382 654 455 708 qui
487 654 935 696 commemorabantur
963 669 989 697 a
1013 657 1068 709 te,
1098 653 1262 709 Honos,
1292 655 1430 709 Fides,

38 725 72 750 ιο
91 713 223 767 Mens,
256 711 504 767 Concordia,
536 727 638 768 ergo
672 713 803 754 etiam
835 711 954 768 Spes,
984 712 1159 755 Moneta
1191 714 1430 768 omniaque,

92 786 199 826 quae
225 771 487 826 cogitatione
512 771 729 813 nobismet
748 772 831 826 ipsi
851 786 1078 827 possumus
1097 772 1270 828 fingere.
1309 772 1427 821 Quod

91 830 129 872 si
159 829 249 871 veri
281 830 420 871 simile
451 845 538 872 non
564 833 640 884 est,
671 845 724 872 ne
750 830 858 873 illud
885 831 1054 886 quidem
1081 834 1158 884 est,
1190 831 1295 873 haec
1320 831 1430 873 unde

91 889 315 930 fluxerunt.
378 887 487 937 Quid
519 892 662 930 autem
694 889 809 943 dicis,
842 889 878 931 si
910 890 952 930 di
984 892 1084 931 sunt
1114 890 1192 945 illi,
1225 905 1332 945 quos
1365 904 1430 932 co·
1448 889 1499 931 19

91 948 219 989 limus
258 949 300 988 et
338 947 594 1002 accepimus,
633 962 707 990 cur
743 963 830 990 non
867 948 1016 990 eodem
1047 948 1091 989 in
1124 963 1278 1004 genere
1310 947 1431 991 Sera·

38 1018 73 1044 15
92 1006 182 1061 pim
212 1005 400 1060 Isimque
436 1007 737 1048 numeremus?
779 1007 893 1062 quod
928 1007 964 1048 si
994 1007 1193 1063 facimus,
1232 1023 1306 1050 cur
1336 1008 1431 1050 bar-

91 1066 294 1107 barorum
338 1065 438 1106 deos
482 1065 782 1120 repudiemus?
843 1065 983 1107 Boves
1027 1066 1162 1121 igitur
1206 1069 1249 1108 et
1287 1081 1431 1121 equos,

91 1124 187 1178 ibis,
213 1123 449 1178 accipitres,
476 1124 659 1178 aspidas,
685 1124 934 1178 crocodilos,
959 1124 1109 1179 pisces,
1136 1140 1273 1179 canes,
1292 1125 1431 1180 lupos,

90 1182 228 1236 faelis,
254 1182 414 1223 multas
440 1185 664 1236 praeterea
688 1182 838 1224 beluas
864 1183 909 1223 in
929 1183 1105 1224 deorum
1123 1197 1348 1225 numerum
1368 1198 1431 1225 re-

92 1254 309 1296 ponemus.
372 1239 488 1288 Quae
520 1240 556 1282 si
587 1241 831 1296 reiciamus,
863 1241 940 1283 illa
972 1256 1151 1296 quoque,
1183 1243 1293 1284 unde
1325 1242 1432 1285 haec

39 1311 73 1337 20
91 1302 195 1341 nata
226 1301 343 1353 sunt,
380 1299 616 1341 reiciemus.
677 1299 787 1349 Quid
820 1300 998 1342 deinde?
1035 1299 1113 1342 Ino
1146 1301 1224 1342 dea
1256 1301 1432 1343 ducetur
1458 1308 1500 1339 48

91 1361 135 1400 et
166 1356 397 1400 Λευκοθέα
430 1373 454 1400 a
486 1357 678 1413 Graecis,
710 1373 736 1400 a
765 1359 889 1401 nobis
921 1358 1093 1400 Matuta
1125 1359 1304 1414 dicetur,
1337 1375 1432 1402 cum

91 1417 149 1459 sit
180 1415 330 1459 Cadmi
366 1417 473 1471 filia,
512 1416 633 1459 Circe
671 1420 815 1459 autem
847 1420 891 1459 et
920 1417 1134 1473 Pasiphae
1167 1421 1210 1460 et
1241 1418 1379 1461 Aeeta
1408 1433 1432 1461 e

90 1475 300 1530 Perseide,
332 1475 489 1518 Oceani
520 1476 622 1530 filia,
653 1477 757 1531 nati,
788 1479 912 1532 patre
939 1475 1049 1531 Sole,
1081 1477 1126 1518 in
1158 1477 1333 1520 deorum
1357 1492 1432 1520 nu-

92 1549 209 1577 mero
240 1549 327 1576 non
357 1534 662 1577 habebuntur?
696 1550 957 1590 quamquam
983 1534 1135 1578 Circen
1167 1551 1335 1591 quoque
1367 1551 1433 1579 co-

35 1594 182 1636 2⁵loni
224 1592 363 1635 nostri
400 1592 660 1636 Circeienses
698 1595 900 1650 religiose
939 1595 1098 1637 colunt.
1165 1594 1283 1651 Ergo
1321 1596 1433 1637 hanc

92 1653 214 1694 deam
253 1652 408 1694 duces‘?
453 1652 554 1707 quid
584 1652 758 1695 Medeae
790 1654 1088 1709 respondebis,
1126 1668 1234 1708 quae
1267 1654 1432 1696 duobus

93 1711 201 1765 avis,
240 1709 339 1752 Sole
371 1713 415 1752 et
446 1711 632 1766 Oceano,
670 1712 807 1754 Aeeta
837 1715 978 1768 patre,
1016 1715 1155 1754 matre
1186 1712 1308 1768 Idyia
1337 1727 1434 1768 pro-

92 1773 236 1813 creata
274 1769 368 1811 est?
407 1770 508 1825 quid
544 1770 670 1813 huius
703 1771 896 1825 Absyrto
933 1771 1078 1826 fratri,
1117 1772 1191 1826 qui
1222 1775 1288 1813 est
1320 1771 1434 1827 apud

91 1828 324 1871 Pacuvium
355 1828 621 1885 Aegialeus‘?
660 1830 733 1871 sed
768 1830 875 1872 illud
905 1845 1063 1872 nomen
1093 1833 1287 1872 veterum
1319 1831 1433 1873 litte-

34 1898 75 1924 ³0
94 1887 154 1928 ris
185 1887 399 1929 usitatius.
461 1886 542 1937 Qui
574 1888 610 1930 si
643 1888 685 1930 di
715 1903 802 1931 non
833 1891 951 1943 sunt,
988 1904 1156 1943 vereor,
1195 1889 1297 1944 quid
1329 1892 1433 1946 agat

92 1946 189 2000 Ino,
219 1946 324 1988 haec
355 1946 468 1988 enim
501 1947 645 1989 omnia
677 1962 727 1989 ex
759 1948 907 1990 eodem
937 1948 1056 1990 fonte
1088 1948 1313 1990 fluxerunt.
1363 1948 1433 1990 An
1460 1956 1503 1987 49

94 2003 383 2059 Amphiaraus
416 2005 497 2047 erit
529 2005 630 2048 deus
664 2009 706 2048 et
726 2006 1028 2062 Trophonius?
1078 2006 1232 2049 Nostri
1264 2007 1434 2062 quidem

34 2081 39 2087 ·
93 2063 330 2117 publicani,
361 2078 456 2105 cum
488 2067 630 2106 essent
662 2065 757 2121 agri
787 2065 832 2107 in
857 2064 1039 2108 Boeotia
1071 2066 1247 2108 deorum
1277 2067 1435 2108 inmor-

94 2122 248 2163 talium
280 2122 444 2177 excepti
469 2123 563 2179 lege
590 2124 794 2179 censoria,
825 2125 1046 2180 negabant
1070 2124 1315 2166 inmortalis
1343 2139 1434 2166 esse

41 2190 76 2217 85
94 2181 225 2234 ullos,
271 2180 344 2235 qui
381 2181 610 2235 aliquando
648 2183 843 2225 homines
881 2184 1077 2225 fuissent.
1140 2182 1222 2225 Sed
1261 2184 1297 2225 si
1335 2186 1435 2225 sunt

93 2238 140 2280 hi
171 2239 225 2294 di,
257 2241 323 2281 est
348 2241 461 2281 certe
480 2239 759 2296 Erechtheus,
791 2242 908 2284 cuius
930 2242 1114 2284 Athenis
1142 2245 1184 2284 et
1210 2242 1435 2284 delubrum

93 2297 278 2341 vidimus
311 2300 353 2339 et
386 2298 661 2342 sacerdotem.
715 2300 849 2350 Quem
883 2301 919 2343 si
951 2301 1077 2343 deum
1107 2301 1301 2353 facimus,
1335 2300 1436 2354 quid
