1685 2568
462 112 561 149 CAP.
591 117 737 148 16—19.
764 116 783 155 ς
809 116 958 148 38—43.
1295 114 1381 156 267

42 209 226 254 retineat
261 208 414 250 fatum.
479 207 778 251 ‘Causarum
816 207 982 262 enim’,
1024 208 1183 262 inquit,
1229 208 1384 251 ealiae

43 271 160 312 sunt
184 267 447 323 perfectae
474 270 523 308 et
547 267 884 322 principales,
918 266 1052 308 aliae
1078 267 1383 309 adiuvantes

43 330 92 370 et
116 326 389 382 proximae.
436 324 591 374 Quam
618 327 678 368 ob
704 340 824 380 rem,
849 340 958 367 cum
979 325 1194 367 dicimus
1215 327 1384 368 omnia

41 386 150 428 fato
189 384 309 426 fieri
350 384 518 426 causis
557 384 1002 437 antecedentibus,
1045 398 1146 426 non
1182 384 1277 426 hoc
1308 385 1384 425 in-

17 443 227 499 ›tellegi
264 443 516 485 volumus:
555 444 725 485 causis
764 442 1012 498 perfectis
1045 445 1094 484 et
1125 443 1384 498 principa—

41 503 195 556 libus,
239 501 324 543 sed
368 502 538 543 causis
583 502 955 544 adiuvantibus
995 502 1382 554 [antecedentibus]

41 564 91 604 et
121 559 405 616 proximis'.
460 559 614 615 Itaque
644 561 710 602 illi
742 561 920 614 rationi,
959 575 1089 615 quam
1120 560 1250 616 paulo
1284 563 1384 602 ante

41 619 239 674 conclusi,
272 620 332 661 sic
364 619 566 661 occurrit:
603 619 642 661 si
673 620 818 661 omnia
847 619 940 662 fato
971 620 1091 674 fiant,
1123 619 1245 674 sequi
1275 619 1385 660 illud

42 678 224 735 quidem,
255 681 304 719 ut
336 678 481 719 omnia
513 678 652 720 causis
684 678 791 720 fiant
823 678 1092 733 antepositis,
1124 693 1273 720 verum
1298 692 1386 720 non

40 737 351 794 principalibus
390 736 530 779 causis
563 739 606 778 et
637 737 858 792 perfectis,
900 737 974 779 sed
1006 737 1310 779 adiuvantibus
1342 739 1385 778 et

40 796 258 853 proximis.
309 794 426 844 Quae
458 796 495 837 si
525 796 644 851 ipsae
670 810 757 837 non
783 798 883 838 sunt
908 796 953 837 in
977 798 1129 838 nostra
1153 798 1385 862 potestate,

39 870 126 898 non
162 855 372 909 sequitur,
409 857 458 896 ut
494 869 548 896 ne
589 855 806 910 adpetitus
850 854 1023 921 quidem
1063 855 1121 896 sit
1159 855 1204 896 in
1235 857 1386 896 nostra

40 916 269 970 potestate.
331 913 393 955 At
429 913 511 956 hoc
550 916 817 968 sequeretur,
856 914 893 955 si
932 914 1077 956 omnia
1107 913 1310 969 perfectis
1343 916 1385 955 et

39 973 350 1029 principalibus
383 973 522 1014 causis
554 973 647 1014 fieri
679 973 932 1026 diceremus,
964 975 1024 1027 ut,
1057 988 1153 1015 cum
1185 987 1258 1014 eae
1291 987 1386 1014 cau—

18 1047 113 1074 ·sae
155 1046 243 1074 non
281 1034 424 1073 essent
461 1031 507 1073 in
543 1034 695 1073 nostra
732 1034 968 1086 potestate,
1010 1046 1064 1073 ne
1101 1031 1176 1073 1116
1215 1031 1386 1086 quidem

41 1093 154 1133 esset
184 1091 230 1132 in
259 1093 410 1132 nostra
440 1092 671 1146 potestate.
726 1089 865 1139 Quam
898 1091 952 1132 ob
985 1105 1095 1145 rem,
1127 1090 1201 1145 qui
1232 1091 1295 1132 ita
1325 1090 1386 1132 fa·
1411 1099 1456 1130 42

39 1153 132 1192 tum
172 1149 468 1202 introducunt,
509 1151 557 1190 ut
594 1149 899 1191 necessitatem
939 1149 1194 1204 adiungant,
1235 1149 1281 1190 in
1313 1163 1385 1190 eos

39 1208 204 1251 valebit
239 1208 318 1250 illa
349 1208 586 1263 conclusi03
626 1208 699 1262 qui
731 1210 875 1250 autem
907 1222 1059 1250 causas
1092 1208 1385 1249 antecedentis

38 1282 126 1310 non
166 1267 308 1309 dicent
347 1266 560 1322 perfectas
597 1281 734 1322 neque
771 1267 1042 1322 principaliS,
1082 1267 1128 1308 in
1163 1281 1237 1308 eos
1275 1267 1386 1308 nihil

20 1326 214 1369 ·valebit.
270 1324 392 1375 Quod
430 1325 543 1367 enim
583 1326 779 1367 dicantur
811 1325 1087 1368 adsensiones
1118 1325 1213 1367 fieri
1245 1325 1386 1368 causis

41 1384 315 1441 antepositis,
351 1384 395 1426 id
433 1385 559 1439 quale
598 1385 672 1439 sit,
709 1385 836 1426 facile
875 1400 900 1427 a
932 1399 977 1426 se
1010 1384 1215 1439 explicari
1246 1387 1386 1440 putat.

39 1444 155 1487 Nam
193 1458 453 1499 quamquam
492 1443 688 1485 adsensio
727 1458 814 1485 non
851 1444 991 1499 possit
1028 1443 1122 1485 fieri
1158 1443 1244 1485 nisi
1275 1457 1386 1486 com-

41 1505 160 1546 mota
195 1503 308 1557 viso,
347 1505 511 1557 tamen,
551 1517 648 1544 cum
686 1502 730 1544 id
767 1503 906 1544 visum
939 1503 1181 1558 proximam
1213 1517 1386 1544 causam

40 1563 218 1617 habeat,
260 1576 348 1604 non
390 1561 691 1617 principalem,
734 1561 846 1604 hanc
888 1562 1022 1603 habet
1065 1562 1295 1616 rationem,
1339 1564 1388 1602 ut

20 1621 309 1676 =Chrysippus
350 1621 462 1674 vult,
504 1635 632 1675 quam
672 1620 830 1662 dudum
870 1621 1071 1675 diximus,
1111 1635 1199 1662 non
1229 1623 1278 1662 ut
1309 1621 1388 1662 illa

43 1680 214 1736 quidem
269 1679 362 1720 fieri
416 1679 556 1735 possit
610 1680 731 1721 nulla
785 1679 829 1722 vi
884 1680 1148 1722 extrinsecus
1201 1679 1388 1722 excitata

43 1739 239 1796 (necesse
296 1741 361 1779 est
417 1738 530 1780 enim
587 1739 884 1780 adsensionem
940 1738 1034 1781 viso
1090 1737 1388 1794 commoveri),

43 1798 117 1841 sed
155 1797 388 1839 revertitur
431 1797 484 1838 ad
527 1797 767 1852 cylindrum
811 1800 854 1839 et
898 1797 951 1839 ad
994 1797 1213 1839 turbinem
1250 1812 1389 1851 suum,

43 1871 152 1913 quae
201 1856 364 1898 moveri
413 1856 600 1911 incipere
649 1856 734 1898 nisi
783 1856 910 1912 pulsa
952 1871 1040 1899 non
1082 1859 1277 1911 possunt.
1338 1856 1389 1898 Id

21 1919 187 1958 ¹autem
232 1931 327 1957 cum
372 1915 544 1969 accidit,
595 1918 745 1970 suapte
790 1918 964 1969 natura,
1016 1916 1131 1970 quod
1180 1918 1389 1971 superest,

43 1978 87 2018 et
129 1974 368 2029 cylindrum
408 1974 527 2016 volvi
565 1976 607 2015 et
644 1974 808 2016 versari
844 1975 1062 2016 turbinem
1100 1977 1238 2029 putat.
1301 1973 1390 2016 ‘Ut
1407 1954 1459 2037 14}

41 2033 238 2090 igitur’,
287 2033 445 2088 inquit,
496 2033 602 2087 ‘qui
651 2034 910 2088 protrusit
954 2034 1260 2088 cylindrum,
1310 2033 1389 2075 de-

43 2093 119 2134 dit
156 2092 200 2134 61
236 2092 549 2148 principium
582 2092 845 2147 motionis,
882 2093 1271 2135 volubilitatem
1307 2107 1390 2134 au-

43 2154 143 2194 tem
185 2166 285 2193 non
328 2151 484 2205 dedit,
532 2150 604 2193 sic
643 2151 807 2192 visum
849 2151 1105 2194 obiectum
1143 2151 1389 2206 inprimet

23 2210 176 2252 ·illud
208 2210 408 2265 quidem
440 2213 488 2252 et
520 2209 669 2264 quasi
701 2210 933 2266 signabit
964 2210 1017 2252 in
1048 2210 1213 2252 animo
1247 2224 1389 2251 suam

45 2269 280 2325 speciem,
314 2269 401 2311 sed
432 2268 670 2310 adsensio
696 2271 877 2310 nostra
902 2270 1002 2311 erit
1027 2269 1078 2310 in
1104 2270 1388 2324 potestate,

44 2343 218 2384 eaque,
268 2342 414 2383 quem
464 2327 523 2369 ad
572 2327 772 2370 modum
820 2328 872 2369 in
915 2328 1149 2382 cylindro
1194 2327 1388 2368 dictum
