1685 2568
443 92 530 128 LIB.
557 93 584 129 1.
617 92 718 129 CAP.
745 97 896 128 32—34.
927 97 947 136 ἓ
973 98 1123 129 49-53.
1372 95 1457 137 295

115 189 387 245 ignoratione
426 188 618 242 virtutis,
658 202 765 243 quae
804 203 899 230 cum
937 187 982 229 in
1019 188 1165 242 paucis
1199 192 1276 243 est,
1308 193 1400 231 tum
1433 206 1458 232 a

114 248 261 303 paucis
293 248 506 289 iudicatur
538 250 580 289 et
612 247 811 301 cernitur,
843 247 1071 301 opulentos
1103 247 1298 289 homines
1325 251 1368 289 et
1394 264 1458 290 co-

115 306 274 361 piosos,
306 309 400 347 tum
434 320 587 362 genere
618 306 755 348 nobili
785 308 912 347 natos
946 319 1038 346 esse
1070 305 1259 360 optimos
1292 309 1458 361 putant.

114 364 210 407 Hoc
248 379 391 406 errore
424 365 544 420 vulgi
577 379 672 406 cum
704 379 794 406 rem
827 363 1046 419 publicam
1078 378 1180 418 opes
1212 379 1459 419 paucorum,

79 435 96 461 5
114 438 202 465 non
227 424 410 465 virtutes
437 426 582 464 tenere
609 426 853 478 coeperunt,
880 437 1037 464 nomen
1062 422 1129 463 illi
1148 423 1361 478 principes
1388 439 1460 479 op-

115 482 333 524 timatium
353 482 567 524 mordicus
588 484 748 535 tenent,
774 496 818 523 re
839 484 983 523 autem
1003 483 1149 523 carent
1172 483 1238 533 [eo
1257 483 1461 536 nomine}

113 540 228 582 Nam
261 540 448 593 divitiae,
477 540 482 594 Ι
509 554 678 594 116111611,
711 555 812 594 opes
846 555 1004 582 vacuae
1033 540 1214 582 consilio
1242 544 1284 582 et
1312 543 1363 593 [p.
1393 552 1459 583 117

112 599 283 641 vivendi
323 601 453 653 atque
492 598 588 639 aliis
626 598 866 653 imperandi
898 599 1024 641 modo
1058 599 1275 641 dedecoris
1308 601 1460 654 plenae

114 660 214 700 sunt
251 660 295 700 et
331 657 559 699 insolentis
593 657 837 712 superbiae,
873 672 951 700 nec
982 657 1074 699 ulla
1106 658 1338 700 deformior
1370 673 1461 714 spe-

61 728 94 754 10
114 717 199 759 cies
251 718 317 759 est
366 716 555 758 civitatis
608 731 738 770 quam
781 717 876 770 illa,
925 717 971 758 in
1014 731 1099 771 qua
1143 717 1461 772 opulentissimi

114 775 269 831 optimi
311 777 532 831 putantur.
594 774 768 816 Virtute
812 790 913 817 vero
953 775 1221 831 gubernante
1257 791 1348 818 rem
1386 792 1461 832 pu·
1512 791 1519 800 ·

112 835 272 876 blicam
323 834 425 889 quid
473 836 619 889 potest
664 848 756 875 esse
800 834 1094 889 praeclarius?
1145 849 1241 877 cum
1283 835 1338 891 is,
1389 836 1462 890 qui

111 894 283 949 inperat
320 893 437 948 aliis,
476 893 609 934 servit
645 893 738 948 ipse
776 893 887 934 nulli
919 893 1163 948 cupiditati,
1201 909 1315 949 cum,
1354 908 1461 949 quas

113 952 167 994 ad
201 966 270 994 res
306 952 411 994 civis
444 951 636 993 instituit
675 954 718 993 et
754 954 898 1005 vocat,
941 966 1011 993 eas
1051 952 1190 994 omnis
1229 953 1462 1008 conplexus

60 1022 93 1048 15
113 1013 179 1053 est
213 1011 218 1065 Ι
251 1010 345 1066 ipse
387 1025 465 1052 nec
508 1011 626 1066 leges
670 1010 841 1065 inponit
883 1011 1064 1066 populo,
1109 1011 1263 1066 quibus
1311 1014 1362 1064 [p.
1394 1023 1461 1054 118

112 1070 205 1125 ipse
253 1084 341 1112 non
383 1072 553 1125 pareat,
603 1069 677 1111 sed
722 1084 843 1111 suam
887 1069 1024 1111 vitam
1066 1072 1115 1111 ut
1158 1070 1300 1136 legem
1342 1086 1462 1126 prae-

110 1129 197 1170 fert
235 1128 324 1170 suis
364 1128 541 1170 civibus.
604 1126 686 1176 Qui
724 1128 761 1169 si
798 1142 907 1169 unus
943 1128 1050 1169 satis
1083 1129 1228 1170 omnia
1260 1130 1463 1184 consequi

111 1190 277 1242 posset,
320 1187 430 1228 nihil
470 1201 577 1242 opus
616 1188 730 1228 esset
768 1187 985 1241 pluribus,
1029 1186 1067 1228 si
1097 1187 1286 1229 universi
1317 1188 1461 1229 videre

113 1247 324 1301 optimum
364 1248 406 1287 et
442 1245 488 1286 in
527 1260 575 1288 eo
608 1245 849 1288 consentire
881 1248 1077 1300 possent,
1114 1261 1240 1288 nemo
1273 1247 1461 1289 delectos

58 1316 92 1342 20
111 1305 327 1361 principes
373 1306 609 1359 quaereret.
666 1303 914 1346 Difficultas
952 1304 1126 1346 ineundi
1164 1305 1333 1346 consilii
1370 1321 1462 1347 iem

112 1380 137 1406 a
161 1378 263 1420 rege
289 1363 343 1405 ad
368 1364 526 1418 plures,
558 1377 677 1405 error
704 1365 746 1404 et
771 1363 993 1405 temeritas
1018 1364 1279 1418 populorum
1305 1380 1330 1406 a
1355 1365 1462 1406 mul-

110 1423 295 1465 titudine
332 1422 387 1464 ad
422 1436 581 1477 paucos
619 1422 857 1463 transtulit.
920 1421 989 1464 Sic
1019 1423 1132 1464 inter
1162 1423 1461 1465 infirmitatem

110 1480 248 1539 111111115
279 1482 657 1536 temeritatemque
688 1481 924 1523 multorum
957 1481 1144 1523 medium
1176 1482 1284 1537 opti-
1313 1484 1364 1535 [p.
1393 1493 1460 1524 233

111 1544 249 1583 mates
287 1540 571 1596 possederunt
607 1540 766 1594 locum,
809 1555 892 1594 quo
930 1540 1039 1581 nihil
1072 1543 1217 1595 potest
1249 1555 1341 1583 esse
1374 1556 1461 1583 mo-

59 1611 92 1637 25
112 1600 320 1654 deratius3
359 1599 513 1654 quibus
551 1613 642 1640 rem
680 1599 899 1654 publicam
930 1599 1152 1641 tuentibus
1184 1600 1460 1642 beatissimos

112 1673 204 1701 esse
235 1658 420 1714 populos
451 1672 624 1700 necesse
657 1660 723 1699 est
754 1672 912 1700 vacuos
946 1658 1063 1700 omni
1094 1673 1196 1700 cura
1228 1661 1271 1700 et
1299 1660 1460 1715 cogita-

112 1718 229 1760 tione
261 1717 358 1759 aliis
391 1717 602 1772 permisso
636 1717 725 1758 otio
759 1731 854 1771 suo,
894 1717 1048 1771 quibus
1080 1717 1125 1759 id
1155 1718 1363 1759 tuendum
1395 1721 1461 1760 est

111 1790 248 1832 neque
276 1776 644 1831 committendum,
669 1778 718 1817 ut
739 1791 816 1817 sua
835 1777 1060 1818 commoda
1079 1777 1266 1831 populus
1285 1777 1462 1833 neglegi

112 1851 138 1878 a
173 1835 442 1891 principibus
479 1837 616 1890 putet.
672 1833 787 1876 Nam
820 1835 1108 1889 aequabilitas
1141 1836 1312 1890 quidem
1342 1836 1461 1891 iuris,

60 1905 92 1930 ³0
112 1909 242 1949 quam
273 1894 576 1949 amplexantur
606 1893 733 1935 liberi
763 1894 925 1949 populi,
956 1909 1094 1948 neque
1127 1895 1290 1936 servari
1314 1897 1462 1950 potest

112 1952 218 2009 (ipsi
243 1953 356 1994 enim
385 1953 390 2007 Ι
417 1952 580 2008 populi,
614 1953 810 2006 quamvis
839 1953 973 1995 soluti
999 1953 1290 2008 ecfrenatique
1318 1955 1370 2006 [p.
1392 1964 1462 1996 234

113 2012 211 2067 51111,
243 2012 473 2067 praecipue
505 2012 654 2053 multis
687 2011 826 2053 multa
857 2012 1073 2067 tribuunt,
1106 2014 1149 2053 et
1181 2016 1246 2053 est
1277 2012 1323 2054 in
1353 2013 1460 2068 ipsis

111 2085 294 2127 magnus
321 2070 502 2113 dilectus
528 2069 753 2112 hominum
779 2072 822 2111 et
848 2068 1142 2127 dignitatum),
1174 2086 1318 2126 eaque,
1352 2086 1459 2126 quae

113 2130 359 2185 appellatur
400 2129 706 2184 aequabilitas,
746 2128 1019 2184 iniquissima
1057 2132 1134 2171 est.
1198 2129 1304 2172 Cum
1347 2130 1460 2172 enim

60 2199 94 2224 ³5
112 2203 192 2244 par
216 2189 402 2230 habetur
426 2188 564 2230 honos
592 2187 771 2230 summis
799 2190 841 2229 et
866 2188 1039 2232 infimis
1072 2188 1146 2243 qui
1172 2189 1290 2230 sint
1277 2204 1323 2230 111
1344 2188 1460 2231 6111111

111 2247 272 2314 populo
297 2261 470 2289 necesse
496 2249 574 2303 est,
599 2247 695 2302 ipsa
722 2247 948 2302 aequitas
937 2247 1209 2302 iniquissima
1230 2250 1313 2302 est3
1346 2246 1460 2301 quod

111 2305 157 2347 in
187 2305 240 2348 iis
272 2306 541 2361 civitatibus,
574 2321 682 2361 quae
715 2306 769 2347 ab
802 2306 978 2361 optimis
1011 2309 1236 2362 reguntur,
1270 2306 1459 2348 accidere

1487 1844 1530 1876 53
