1685 2568
372 104 461 139 LIB.
488 104 534 141 11.
561 103 662 142 CAP.
689 109 828 140 37—39
855 109 875 148 ς
901 109 1075 141 95—100.
1340 109 1392 150 81

53 214 162 255 quae
194 204 356 254 quanto
387 200 566 243 consilio
599 203 821 256 gerantur,
851 201 973 243 nullo
1005 202 1186 244 consilio
1219 203 1396 259 adsequi

51 260 310 314 possumus?
372 258 460 314 An,
503 273 600 302 cum
643 259 961 301 machinatione
1002 260 1187 314 quadam
1230 263 1396 304 moveri

52 317 213 371 aliquid
244 317 456 372 videmus,
490 320 539 359 ut
570 317 816 372 sphaeram,
847 320 896 360 ut
925 318 1074 373 horas,
1105 322 1154 360 ut
1186 319 1272 361 alia
1302 334 1396 375 per·

52 375 210 430 multa,
253 391 340 418 non
372 376 636 430 dubitamus,
668 377 771 430 quin
802 377 880 418 illa
911 391 1043 432 opera
1075 378 1162 419 sint
1192 378 1399 434 rationis;

52 448 149 476 cum
187 437 333 476 autem
369 435 579 491 impetum
616 435 724 476 caeli
762 450 858 477 cum
896 435 1142 477 admirabili
1173 437 1395 479 celeritate

51 493 216 534 moveri
246 493 440 548 vertique
471 493 692 536 videamus
724 494 1073 536 constantissime
1099 495 1396 538 conficientem

50 551 368 594 vicissitudines
402 552 715 594 anniversarias
747 567 845 595 cum
871 568 1039 595 summa
1063 554 1205 596 salute
1231 557 1275 596 et
1299 569 1396 597 con-

2 620 3 623 ’
51 611 298 653 servatione
335 625 479 652 rerum
517 611 726 666 omnium,
771 612 1034 666 dubitamus,
1079 612 1183 667 quin
1220 627 1271 655 ea
1306 628 1396 656 non

51 669 191 710 solum
233 669 400 711 ratione
442 670 569 723 fiant,
612 670 687 711 sed
730 671 860 712 etiam
904 671 1129 713 excellenti
1166 671 1395 727 divinaque

50 727 247 769 ratione?
278 728 379 770 licet
410 728 523 770 enim
554 729 640 770 iam
672 732 839 771 remota
870 730 1114 772 subtilitate
1146 730 1395 786 disputandi

51 786 185 828 oculis
213 786 397 841 quodam
417 787 544 829 modo
565 788 849 843 contemplari
867 788 1231 844 pulchritudinem
1250 804 1392 831 rerum

50 859 210 899 earum,
243 859 349 900 quas
382 845 526 887 divina
557 847 828 901 providentia
859 847 1038 889 dicimus
1070 848 1341 890 constitutas.

1421 739 1465 770 98

1483 884 1515 902 l

83 902 115 957 (s
138 903 203 946 Ac
245 904 457 960 principio
500 908 617 946 terra
659 907 860 948 universa
903 909 1118 961 cernatur,
1162 907 1306 949 locata
1348 908 1396 949 in
1409 908 1464 950 39
1487 935 1511 943 -
1537 906 1599 945 (οὓ

0 1000 6 1016 1.
51 962 191 1004 media
223 963 320 1004 sede
352 963 517 1018 mundi,
548 964 687 1006 solida
719 967 762 1006 et
794 965 977 1020 globosa
1008 968 1050 1007 et
1081 966 1268 1020 undique
1298 966 1396 1022 ipsa

50 1021 96 1062 in
128 1035 219 1063 sese
250 1022 427 1064 nutibus
461 1023 548 1063 suis
581 1023 858 1078 conglobata,
889 1024 1048 1065 vestita
1079 1024 1270 1079 floribus,
1302 1025 1395 1066 her-

50 1080 137 1134 bis,
169 1080 414 1135 arboribus,
443 1081 661 1136 frugibus,
694 1096 876 1136 quorum
908 1083 1099 1124 omnium
1129 1084 1393 1125 incredibilis

49 1139 284 1181 multitudo
315 1139 555 1181 insatiabili
586 1140 796 1182 varietate
822 1141 1113 1196 distinguitur.
1163 1142 1284 1183 Adde
1310 1143 1394 1185 huc

48 1196 236 1239 fontium
269 1197 433 1253 gelidas
464 1199 774 1253 perennitates,
811 1199 1000 1254 liquores
1032 1200 1275 1255 perlucidos
1308 1216 1395 1243 am-
1432 1240 1451 1246 r

48 1255 180 1311 nium,
210 1256 403 1311 riparum
433 1257 616 1299 vestitus
642 1257 939 1313 viridissimos,
971 1259 1273 1313 speluncarum
1299 1275 1395 1302 con-

50 1329 176 1356 cavas
215 1315 483 1370 altitudines,
521 1330 721 1358 saxorum
753 1317 1032 1372 asperitates,
1068 1317 1394 1373 inpendentium

49 1374 264 1416 montium
295 1372 546 1417 altitudines
577 1375 961 1431 inmensitatesque
987 1391 1255 1432 camporum3
1287 1377 1394 1419 adde

50 1433 183 1474 etiam
223 1433 465 1475 reconditas
505 1434 598 1475 auri
635 1435 889 1490 argentique
925 1450 1057 1477 venas
1093 1435 1394 1492 infinitamque

48 1491 138 1533 vim
169 1493 409 1534 marmoris.
465 1491 582 1541 Quae
613 1508 714 1535 vero
747 1496 790 1535 et
821 1508 950 1548 quam
981 1494 1103 1536 varia
1134 1509 1294 1549 genera
1324 1496 1394 1537 be-

0 1568 9 1593 :
49 1550 232 1592 stiarum
257 1551 326 1592 vel
353 1551 541 1594 cicurum
565 1552 634 1594 vel
659 1552 864 1594 ferarum!
893 1553 965 1606 qui
985 1553 1225 1595 volucrium
1244 1554 1393 1609 lapsus

51 1612 181 1664 atque
220 1611 390 1652 cantus!
436 1610 509 1665 qui
544 1611 754 1666 pecudum
790 1612 961 1666 pastus!
1006 1626 1115 1666 quae
1145 1612 1238 1654 vita
1269 1613 1393 1655 silve-

50 1668 222 1710 strium!
285 1667 394 1717 Quid
433 1669 521 1711 iam
562 1669 611 1711 de
651 1670 874 1712 hominum
915 1684 1069 1726 genere
1107 1670 1274 1714 dicam?
1320 1672 1394 1727 qui

51 1727 174 1782 quasi
217 1727 404 1770 cultores
448 1730 589 1770 terrae
632 1729 859 1770 constituti
900 1743 988 1771 non
1030 1730 1256 1785 patiuntur
1297 1745 1394 1773 eam

49 1800 126 1828 nec
162 1785 419 1828 inmanitate
455 1787 682 1829 beluarum
719 1788 888 1829 efferari
924 1803 1002 1830 nec
1039 1788 1240 1844 stirpium
1275 1804 1394 1845 aspe-

50 1845 180 1887 ritate
211 1846 395 1900 vastari,
428 1860 693 1901 quorumque
724 1847 928 1902 operibus
960 1847 1066 1902 agri,
1097 1847 1263 1890 insulae
1296 1849 1394 1890 lito-

50 1918 183 1958 raque
221 1904 435 1946 collucent
474 1905 680 1948 distincta
709 1905 836 1948 tectis
869 1908 912 1947 et
942 1906 1134 1948 urbibus.
1195 1905 1313 1956 Quae
1345 1907 1394 1962 si,

49 1965 99 2004 ut
130 1962 297 2017 animis,
328 1963 390 2005 sic
422 1964 558 2006 oculis
589 1964 733 2006 videre
763 1979 1005 2019 possemus,
1036 1979 1162 2007 nemo
1195 1968 1394 2008 cunctam

1440 976 1679 1029 qsseddaedf

1452 1142 1486 1173 l„
1512 1133 1563 1151 ιλ
1576 1130 1600 1153 2„

49 2021 222 2063 intuens
252 2024 414 2063 terram
446 2022 496 2065 de
528 2023 673 2065 divina
703 2023 871 2066 ratione
908 2023 1137 2066 dubitaret.
1193 2024 1256 2066 At
1279 2039 1382 2067 vero
1398 2032 1464 2063 100

50 2082 213 2135 quanta
253 2081 385 2122 maris
418 2084 484 2123 est
513 2082 807 2137 pulchritudo!
852 2097 960 2137 quae
992 2083 1154 2138 species
1185 2083 1394 2125 universi!

0 2179 6 2186 ,
52 2153 160 2194 quae
198 2139 430 2181 multitudo
468 2142 511 2182 et
547 2141 736 2183 varietas
768 2141 1025 2184 insularum!
1065 2156 1173 2197 quae
1206 2143 1394 2184 amoeni-

51 2199 165 2240 tates
204 2213 377 2240 orarum
415 2213 464 2240 ac
499 2199 696 2242 litorum!
740 2202 845 2255 quot
877 2214 1036 2256 genera
1068 2216 1282 2256 quamque
1314 2201 1395 2242 dis-

49 2257 174 2312 paria
203 2257 365 2312 partim
397 2257 734 2313 submersarum,
764 2259 926 2314 partim
956 2259 1222 2301 fluitantium
1253 2262 1297 2301 et
1333 2259 1396 2300 in-

50 2316 249 2357 nantium
296 2315 538 2372 beluarum,
593 2317 755 2372 partim
805 2317 860 2359 ad
908 2332 1013 2360 saxa
1060 2318 1219 2359 nativis
1268 2317 1394 2359 testis

122 2395 194 2423 010.
211 2397 267 2423 rV.
292 2398 318 2423 ε.
1090 2390 1111 2420 6
