1685 2568
414 93 505 130 LIB.
530 94 558 128 I.
592 93 692 129 CAP.
722 98 870 129 15—1:.
902 98 921 136 ἓ
948 97 1097 129 28—33.
1339 96 1420 137 157

84 188 299 244 Crassum,
333 189 433 244 quid
465 192 715 231 eventurum
741 191 865 243 esset,
895 189 979 230 nisi
1005 189 1199 231 cavisset.
1254 189 1324 231 Ita
1350 194 1424 232 aut

83 248 163 289 illa
193 248 463 290 obnuntiatio
495 248 604 290 nihil
629 247 766 289 valuit
792 250 878 301 aut,
911 248 959 302 si,
990 250 1038 289 ut
1058 247 1225 303 Appius
1252 249 1423 302 iudicat,

84 306 239 360 valuit,
270 306 314 347 id
345 307 495 361 valuit,
526 309 574 348 ut
604 308 826 362 peccatum
857 306 1034 348 haereat
1063 321 1151 347 non
1181 307 1226 347 in
1257 321 1319 361 eo,
1352 308 1425 361 qui

85 365 312 419 monuerit,
344 365 417 407 sed
448 366 493 407 in
523 379 586 419 eo,
619 365 692 419 qui
722 379 809 406 non
841 365 1164 420 obtemperarit.

48 435 66 461 5
174 422 312 472 Quid?
344 424 477 465 lituus
508 423 590 465 iste
621 425 774 477 vester,
807 423 920 478 quod
946 423 1247 465 clarissumum
1273 426 1338 465 est
1363 424 1424 465 in-
1442 428 1492 468 17

86 482 207 538 signe
240 485 486 538 auguratus,
517 481 626 523 unde
658 482 782 523 vobis
815 485 880 524 est
910 482 1126 524 traditus?
1175 481 1341 537 Nempe
1374 497 1424 525 eo

84 540 294 583 Romulus
332 541 529 597 regiones
568 541 722 582 direxit
758 543 868 595 tum,
906 556 1001 583 cum
1039 541 1190 582 urbem
1223 541 1423 583 condidit.

85 599 167 648 Qui
200 600 369 654 quidem
394 599 569 641 Romuli
600 599 746 654 lituus,
777 599 821 640 id
852 602 918 642 est
948 600 1171 641 incurvum
1203 602 1246 642 et
1270 600 1425 642 leviter

85 673 110 699 a
142 673 308 700 summo
340 658 543 699 inflexum
574 633 798 712 bacilluin,
837 659 950 713 quod
983 658 1036 700 ab
1069 658 1159 700 eius
1191 659 1306 713 litui,
1340 673 1423 713 quo

31 729 65 753 ¹0
84 717 270 771 canitur,
308 716 588 758 similitudine
624 731 781 758 nomen
817 717 998 772 invenit,
1035 731 1132 759 cum
1169 717 1278 759 situs
1311 720 1425 759 esset

82 776 128 816 in
165 775 282 817 curia
314 773 546 830 Saliorum,
586 790 693 830 quae
731 778 797 817 est
827 776 872 817 in
902 775 1092 830 Palatio,
1135 790 1267 831 eaque
1300 776 1425 818 defla-

85 834 314 890 gravisset,
351 834 550 876 inventus
589 837 655 876 est
690 834 870 891 integer.
932 834 1071 884 Quid?
1110 835 1259 877 multis
1300 835 1422 877 annis
1450 846 1493 877 31

83 895 184 948 post
218 892 449 934 Romulum
481 892 628 935 Prisco
666 896 874 949 regnante
906 893 1139 948 Tarquinio
1179 894 1274 949 quis
1312 896 1425 936 vete-

83 966 178 992 rum
211 952 468 1006 scriptorum
498 966 586 994 non
616 952 820 1007 loquitur,
852 967 960 1006 quae
986 953 1043 993 sit
1069 953 1123 994 ab
1150 953 1257 995 Atto
1283 952 1424 995 Navio

31 1021 64 1047 15
83 1025 161 1066 per
185 1010 341 1051 lituum
361 1011 585 1066 regionum
604 1011 721 1052 facta
741 1011 993 1066 discriptio?
1031 1010 1113 1060 Qui
1133 1027 1228 1054 cum
1247 1015 1426 1067 propter

82 1072 382 1124 paupertatem
426 1083 521 1111 sues
565 1084 671 1124 puer
707 1072 920 1124 pasceret,
963 1085 1050 1111 una
1087 1085 1137 1111 ex
1174 1071 1227 1112 iis
1267 1071 1427 1113 amissa

83 1128 251 1169 vovisse
284 1128 450 1182 dicitur,
482 1128 519 1169 si
544 1130 850 1183 recuperasset,
881 1143 1009 1170 uvam
1036 1143 1080 1170 se
1108 1129 1184 1170 deo
1213 1130 1425 1184 daturum,

84 1201 191 1241 quae
229 1187 416 1228 maxima
453 1189 567 1228 esset
603 1187 649 1228 in
685 1186 827 1241 vinea3
864 1187 1011 1241 itaque
1050 1201 1124 1228 sue
1162 1187 1340 1229 inventa
1372 1189 1426 1230 ad

82 1245 304 1286 meridiem
343 1247 541 1300 spectans
572 1245 618 1286 in
648 1245 774 1287 vinea
805 1245 945 1287 media
978 1246 1133 1288 dieitur
1164 1247 1424 1302 constitisse,

30 1315 63 1340 20
83 1318 261 1358 cumque
298 1304 344 1345 in
382 1306 586 1358 quattuor
622 1304 760 1359 partis
797 1304 967 1346 vineam
1005 1305 1223 1347 divisisset
1259 1306 1424 1361 trisque

81 1363 218 1418 partis
252 1377 350 1404 aves
384 1363 665 1417 abdixissent,
705 1365 858 1417 quarta
888 1365 1031 1418 parte,
1065 1378 1172 1418 quae
1205 1367 1298 1406 erat
1329 1365 1424 1406 reli-

83 1436 178 1476 qua,
203 1421 249 1463 in
273 1421 472 1478 regiones
499 1421 731 1463 distributa
756 1422 946 1464 mirabili
965 1423 1263 1479 magnitudine
1282 1438 1424 1478 uvam,

81 1483 130 1522 ut
162 1480 369 1535 scriptum
399 1481 611 1536 videmus,
641 1481 816 1523 invenit.
877 1480 971 1530 Qua
1001 1496 1046 1523 re
1079 1482 1297 1524 celebrata
1328 1497 1424 1525 cum

81 1539 211 1581 vicini
243 1554 390 1581 omnes
423 1540 476 1581 ad
509 1555 604 1581 eum
637 1539 687 1581 de
719 1540 847 1581 rebus
880 1540 967 1582 suis
1000 1540 1220 1595 referrent,
1256 1544 1349 1583 erat
1379 1542 1425 1583 in

29 1608 62 1634 25
82 1612 240 1654 magno
271 1599 443 1640 nomine
476 1600 519 1640 et
551 1599 703 1655 gloria.
751 1599 818 1640 Ex
845 1613 928 1654 quo
953 1598 1117 1641 factum
1144 1602 1221 1654 est,
1252 1602 1302 1641 ut
1327 1615 1423 1642 eum
1451 1610 1493 1641 32

82 1657 136 1698 ad
173 1671 218 1698 se
255 1671 329 1698 rex
365 1656 538 1699 Priscus
576 1660 820 1699 arcesseret.
883 1656 1014 1700 Cuius
1052 1673 1148 1700 cum
1186 1661 1424 1714 temptaret

82 1715 304 1757 scientiam
336 1719 585 1772 auguratus,
618 1716 725 1758 dixit
757 1717 796 1758 ei
826 1717 1018 1773 cogitare
1051 1732 1096 1759 se
1128 1718 1349 1773 quiddam,
1380 1718 1425 1760 id

81 1777 281 1829 possetne
312 1775 422 1830 fieri,
461 1775 687 1817 consuluit.
748 1774 829 1817 Ille
862 1776 1042 1832 augurio
1075 1778 1171 1818 acto
1203 1791 1330 1832 posse
1362 1792 1424 1819 re-

83 1833 266 1888 spondit.
327 1833 586 1889 Tarquinius
626 1837 770 1876 autem
808 1834 916 1876 dixit
953 1849 998 1876 se
1036 1835 1251 1891 cogitasse
1283 1838 1423 1878 cotem

30 1902 63 1927 30
81 1892 291 1934 novacula
315 1907 442 1959 posse
467 1893 666 1949 praecidi.
716 1892 826 1935 Tum
845 1894 1036 1935 Attum
1024 1895 1202 1936 iussisse
1228 1895 1423 1950 experiri

82 1949 152 1992 Ita
182 1953 321 1992 cotem
351 1951 396 1993 in
427 1952 649 1994 comitium
681 1952 861 1994 allatam
886 1952 1156 2007 inspectante
1183 1955 1226 1994 et
1251 1967 1353 2010 rege
1380 1956 1424 1996 01

81 2009 242 2064 populo
273 2011 483 2053 novacula
514 2025 607 2053 esse
639 2011 873 2053 discissam.
935 2011 1001 2053 Ex
1033 2026 1082 2053 eo
1115 2012 1270 2066 evenit,
1301 2015 1350 2054 111
1381 2015 1424 2054 01

31 2088 36 2094 ·
82 2067 338 2133 Tarquinius
371 2083 530 2126 augure
556 2070 664 2112 Atto
690 2069 830 2112 Navio
862 2071 1056 2112 uteretur
1087 2072 1130 2112 et
1160 2071 1346 2126 populus
1373 2072 1423 2113 de

83 2127 171 2168 suis
211 2127 338 2168 rebus
380 2128 434 2169 ad
473 2143 569 2170 eum
605 2128 794 2170 referret.
856 2127 1008 2171 Cotem
1047 2131 1190 2171 autem
1226 2130 1348 2171 illam
1381 2132 1423 2171 et
1449 2138 1492 2169 33

29 2195 63 2221 35
81 2185 338 2228 novaculam
381 2186 594 2229 defossam
636 2188 681 2229 in
721 2187 896 2230 comitio
935 2202 1148 2243 supraque
1185 2188 1422 2243 inpositum

81 2244 226 2299 puteal
261 2244 510 2300 accepimus.
570 2245 790 2301 Negemus
823 2246 984 2300 omnia,
1017 2247 1318 2288 comburamus
1350 2261 1422 2288 an-

80 2303 213 2360 nales,
243 2303 345 2345 ficta
375 2303 480 2347 haec
511 2318 603 2346 esse
635 2305 837 2361 dicamus,
864 2305 1036 2361 quidvis
1070 2305 1249 2360 denique
1274 2304 1420 2361 potius
