1685 2568
425 97 514 135 LIB
540 98 567 135 Ι.
596 97 696 134 OAP
725 102 872 134 17—20.
898 102 918 141 g
944 102 1093 136 45—53
1369 99 1422 140 21

91 194 250 236 existat
288 199 331 236 et
361 194 415 236 ad
444 209 523 236 nos
555 194 732 247 adfluat,
772 208 868 235 cum
899 193 1097 235 maximis
1128 194 1426 249 voluptatibus

89 253 135 295 in
166 267 237 295 eas
263 253 472 307 imagines
499 255 685 294 mentem
710 252 922 294 intentam
947 252 1207 307 infixamque
1232 255 1426 294 nostram

89 312 434 367 intellegentiam
478 326 645 366 capere,
689 325 797 365 quae
841 311 898 352 sit
941 313 984 352 et
1027 311 1154 352 beata
1192 313 1348 353 natura
1386 314 1429 352 et

93 373 279 412 aeterna.
350 369 526 412 Summa
569 384 669 411 vero
712 369 777 411 vis
821 369 1048 411 infinitatis
1094 372 1136 411 et
1178 383 1338 425 magna
1381 384 1430 411 ac

57 440 74 466 5
95 429 292 484 diligenti
323 428 684 484 contemplatione
715 427 968 484 dignissima
1000 430 1082 483 est,
1118 428 1161 469 in
1195 443 1279 483 qua
1308 428 1430 469 intel-

93 488 181 544 legi
213 502 383 530 necesse
417 490 483 529 est
507 501 601 529 eam
629 501 720 528 esse
745 489 957 542 naturam,
988 489 1037 528 ut
1062 487 1207 529 omnia
1231 487 1430 528 omnibus

92 547 268 601 paribus
310 546 430 602 paria
460 546 758 601 respondeant.
819 545 942 588 Hanc
974 546 1208 600 ἰσονομίαν
1241 546 1432 601 appellat

92 605 317 660 Epicurus,
347 605 390 646 id
423 607 489 646 est
520 605 787 660 aequabilem
813 604 1104 646 tributionem.
1158 604 1223 646 Ex
1249 604 1330 645 hac
1354 604 1432 660 igi-

92 666 164 705 tur
199 663 306 705 illud
344 662 543 718 efficitur,
586 663 624 705 si
661 663 908 705 mortalium
945 666 1070 705 tanta
1100 662 1331 704 multitudo
1364 663 1431 716 sit,

42 734 74 759 10
95 736 187 764 esse
212 722 508 764 inmortalium
532 737 619 764 non
644 722 865 776 minorem,
891 724 934 763 et
960 722 1008 776 si,
1035 737 1142 777 quae
1167 722 1431 776 interimant,

93 781 424 822 innumerabilia
455 781 553 836 sint,
586 781 716 822 etiam
742 795 803 835 ea,
835 795 942 836 quae
969 783 1234 835 conservent,
1264 780 1434 822 infinita

93 854 188 881 esse
233 839 396 881 debere.
468 839 527 882 Et
571 854 772 895 quaerere
815 854 840 881 a
881 840 1023 893 nobis,
1066 838 1220 894 Balbe,
1272 839 1433 894 soletis,

95 913 202 953 quae
239 898 331 940 vita
368 898 542 940 deorum
583 899 658 952 sit,
697 913 887 953 quaeque
919 899 972 940 ab
1004 899 1057 940 iis
1090 899 1271 954 degatur
1302 900 1433 940 aetas.

93 957 159 999 Ea
195 957 409 1012 videlicet,
453 972 537 1011 qua
574 958 682 998 nihil
715 958 901 1011 beatius,
938 957 1047 998 nihil
1079 957 1276 999 omnibus
1309 957 1433 999 bonis

43 1027 74 1053 15
96 1016 340 1058 affluentius
381 1016 564 1072 cogitari
607 1019 763 1071 potest.
831 1015 952 1057 Nihil
996 1016 1108 1057 enim
1152 1016 1260 1071 agit,
1302 1016 1434 1057 nullis

98 1075 451 1130 occupationibus
501 1078 566 1116 est
609 1075 859 1130 inplicatus,
908 1075 1027 1116 nulla
1071 1089 1202 1129 opera
1245 1075 1434 1129 molitur,

97 1148 174 1175 sua
199 1134 412 1188 sapientia
438 1135 481 1175 et
505 1134 665 1175 virtute
679 1134 861 1199 gaudet,
889 1133 1021 1174 habet
1048 1134 1317 1188 exploratum
1342 1133 1434 1175 fore

96 1206 140 1233 se
173 1206 340 1247 semper
371 1207 467 1233 cum
497 1192 543 1233 in
575 1191 791 1245 maximis,
823 1194 915 1232 tum
947 1192 992 1233 in
1023 1192 1207 1233 aeternis
1239 1192 1434 1247 volupta-

95 1251 223 1292 tibus.
285 1250 410 1292 Hunc
453 1251 577 1292 deum
617 1251 699 1292 rite
739 1251 915 1293 beatum
954 1250 1200 1304 dixerimus,
1243 1253 1471 1292 vestrum

43 1322 76 1347 20
95 1324 195 1351 vero
221 1309 619 1351 laboriosissimum.
664 1308 761 1351 Sive
789 1309 901 1351 enim
920 1310 1012 1365 ipse
1034 1309 1216 1351 mundus
1238 1309 1338 1351 deus
1358 1312 1435 1364 est,

97 1368 198 1423 quid
235 1370 382 1423 potest
420 1383 511 1410 esse
550 1368 691 1410 minus
731 1368 921 1423 quietum
960 1383 1088 1423 quam
1123 1369 1244 1410 nullo
1276 1371 1435 1424 puncto

95 1427 302 1482 temporis
346 1427 591 1469 intermisso
641 1427 804 1468 versari
845 1427 1003 1469 circum
1044 1442 1167 1469 axem
1207 1428 1314 1469 caeli
1366 1428 1436 1469 ad-

98 1486 286 1527 mirabili
317 1486 566 1528 celeritate?
606 1486 689 1527 nisi
722 1487 914 1541 quietum
947 1489 1091 1527 autem
1121 1486 1230 1527 nihil
1262 1487 1436 1528 beatum

98 1548 180 1599 est,
213 1545 302 1586 sive
333 1545 379 1586 in
408 1545 502 1600 ipso
535 1545 692 1587 mundo
725 1546 827 1586 deus
859 1545 971 1586 inest
1003 1545 1171 1600 aliquis,
1204 1545 1276 1599 qui
1301 1547 1436 1600 regat,

45 1615 78 1640 25
99 1604 172 1659 qui
210 1604 434 1659 gubernet,
473 1604 546 1659 qui
583 1618 731 1645 cursus
769 1606 1003 1659 astr·,01um
1041 1604 1302 1645 mutationes
1333 1607 1438 1645 tem-

98 1677 264 1718 porum,
295 1677 437 1704 rerum
468 1663 783 1705 vicissitudines
811 1663 1063 1718 01dinesque
1089 1665 1323 1717 conservet,
1354 1665 1438 1704 ter

98 1736 168 1763 ras
205 1724 248 1763 et
288 1722 424 1763 maria
462 1723 756 1777 contemplans
794 1722 1016 1764 hominum
1055 1721 1278 1764 commoda
1309 1722 1439 1763 vitas-

99 1795 179 1835 que
219 1783 410 1835 tueatur,
450 1795 504 1822 ne
544 1781 616 1822 ille
658 1783 724 1822 est
759 1781 992 1836 inplicatus
1025 1781 1219 1822 molestis
1249 1781 1434 1836 negotiis

1456 378 1499 410 50

1459 966 1502 998 51

1461 1285 1505 1315 52

49 1875 55 1891 ,
99 1842 142 1880 et
178 1839 386 1894 operosis!
449 1838 541 1881 Nos
581 1842 724 1881 autem
761 1840 934 1881 beatam
965 1840 1101 1881 vitam
1131 1839 1177 1881 in
1208 1840 1340 1881 animi
1373 1854 1433 1881 se·
1459 1847 1502 1879 53

47 1909 80 1934 30
101 1897 280 1939 curitate
319 1901 361 1939 et
398 1898 443 1939 in
481 1899 672 1940 omnium
708 1898 932 1940 vacatione
970 1913 1194 1940 munerum
1225 1898 1437 1954 ponimus.

99 1955 256 1998 Docuit
300 1957 413 1998 enim
454 1972 533 2000 nos
571 1957 701 2012 idem,
747 1958 819 2011 qui
851 1959 1007 2012 cetera,
1045 1960 1201 1999 natura
1242 1957 1440 1999 effectum

101 2029 193 2055 esse
224 2016 446 2070 mundum,
485 2017 594 2058 nihil
627 2031 734 2071 opus
765 2016 896 2057 fuisse
928 2016 1105 2069 fabrica,
1137 2019 1311 2071 tamque
1344 2031 1439 2058 eam

100 2087 190 2114 rem
224 2088 314 2115 esse
344 2074 526 2130 facilem,
559 2090 688 2130 quam
719 2089 795 2116 vos
829 2074 940 2116 effici
970 2075 1140 2130 negatis
1174 2075 1264 2116 sine
1297 2075 1441 2116 divina

100 2146 229 2187 posse
268 2133 478 2187 sollertia,
518 2136 567 2175 ut
603 2134 929 2175 innumerabilis
967 2137 1124 2176 natura
1161 2134 1342 2175 mundos
1385 2133 1440 2175 ef-

47 2201 82 2228 85
100 2189 268 2232 fectura
311 2191 384 2244 sit,
429 2192 604 2246 efficiat,
649 2193 846 2234 effecerit.
920 2191 1042 2241 Quod
1086 2193 1186 2247 quia
1223 2207 1348 2247 quem
1389 2192 1442 2234 ad

101 2249 276 2290 modum
313 2252 469 2292 natura
507 2251 674 2293 efficere
713 2251 803 2292 sine
836 2251 981 2306 aliqua
1012 2255 1155 2293 mente
1186 2251 1325 2307 possit
1355 2265 1443 2292 non

101 2307 275 2362 videtis,
319 2311 368 2349 ut
410 2309 566 2364 tragici
610 2312 784 2364 poetae,
822 2325 917 2351 cum
951 2311 1163 2366 explicare
1197 2309 1443 2364 argumenti
