1685 2568
176 393 216 424 22

175 1033 216 1063 43

241 106 329 148 320
719 105 783 140 DE
808 106 872 140 RE
896 105 1101 141 PUBLICA

240 202 380 258 regali
420 204 462 244 et
500 202 712 256 optumati
750 204 794 243 et
829 202 1047 257 populari,
1087 202 1263 244 confusa
1300 203 1462 245 modice
1498 217 1576 245 nec

242 261 454 316 puniendo
486 261 635 302 inritet
666 261 855 302 animum
886 262 1101 302 inmanem
1133 275 1181 302 36
1211 261 1360 302 ferum.
1392 262 1577 315 (Nonius

235 335 280 374 p.
311 323 408 362 342.
440 319 528 374 28.)

241 397 277 430 p.
303 380 366 431 45]
466 411 475 420 .
506 411 516 420 .
548 411 556 420 .
588 411 598 420 .
620 380 795 431 quinque
835 381 874 419 et
915 377 1137 432 sexaginta
1182 379 1304 419 annis
1349 379 1576 434 antiquior,

244 437 356 491 quod
388 439 480 478 erat
503 449 703 478 xxxvim
736 439 834 478 ante
860 437 1044 490 primam
1073 436 1369 491 Olympiadem
1395 438 1576 479 condita.
1611 449 1629 473 ⁵

241 496 300 536 Et
332 495 656 550 antiquissimus
688 495 760 536 ille
779 494 1001 550 Lycurgus
1035 495 1181 536 eadem
1212 496 1320 536 vidit
1349 495 1450 537 fere.
1492 495 1578 537 Ita-

243 569 323 609 que
360 554 447 596 ista
484 553 768 608 aequabilitas
807 556 935 607 atque
966 554 1047 595 1106
1078 554 1237 608 triplex
1267 569 1409 595 rerum
1440 554 1579 609 publi-

242 628 388 655 carum
426 627 560 669 genus
597 612 767 653 videtur
804 612 911 653 mihi
947 623 1169 654 commune
1206 613 1331 654 nobis
1363 628 1459 654 cum
1489 613 1577 654 illis

241 672 413 727 populis
445 671 589 712 fuisse.
645 669 747 725 Sed,
785 671 898 724 quod
928 671 1150 726 proprium
1183 673 1248 712 est
1278 671 1323 712 in
1352 674 1503 713 nostra
1533 686 1578 713 re

242 731 432 786 publica,
471 744 553 784 quo
592 729 701 770 nihil
739 730 877 784 possit
915 744 1006 770 esse
1042 730 1323 785 praeclarius,
1360 730 1404 771 id
1440 745 1578 785 perse·
1598 743 1632 768 ιο

241 809 276 841 p.
297 791 360 841 46]
394 803 512 843 quar,
544 788 580 829 si
605 790 769 843 potero,
801 788 1023 842 subtilius,
1056 789 1169 842 quod
1195 788 1276 829 erit
1302 789 1391 830 eius
1420 788 1424 844 Ι
1452 789 1579 844 modi,

243 848 352 889 nihil
378 850 427 888 ut
451 847 538 888 tale
564 848 653 888 ulla
678 847 722 888 in
746 862 792 888 re
817 847 991 902 publica
1016 847 1267 901 reperiatur.
1311 847 1429 889 Haec
1455 848 1580 903 enim,

244 921 351 961 quae
384 906 520 947 adhuc
552 905 740 960 exposui,
771 906 834 947 ita
864 905 1000 947 mixta
1029 905 1202 946 fuerunt
1234 908 1276 947 et
1306 906 1352 947 in
1376 906 1457 948 hac
1483 907 1580 949 civi-

242 968 332 1006 tate
374 967 417 1006 et
447 965 492 1005 in
522 963 958 1006 Lacedaemoniorum
990 967 1033 1005 et
1062 965 1108 1005 in
1138 964 1580 1021 Karthaginiensium,

244 1026 292 1065 ut
334 1026 578 1078 temperata
619 1024 739 1065 nullo
780 1023 940 1064 fuerint
980 1023 1118 1064 modo.
1179 1022 1294 1065 Nam
1329 1023 1376 1065 in
1413 1039 1496 1079 qua
1533 1039 1578 1066 re
1599 1036 1632 1063 15

242 1083 416 1138 publica
454 1084 519 1124 est
555 1096 665 1123 unus
698 1082 854 1136 aliquis
886 1084 1093 1137 perpetua
1123 1085 1356 1137 potestate,
1393 1097 1580 1138 praeser-

242 1142 322 1182 tim
353 1141 491 1196 regia,
524 1141 718 1195 quamvis
751 1141 797 1182 in
829 1155 877 1182 ea
910 1141 966 1182 sit
998 1143 1041 1182 et
1072 1144 1263 1196 senatus,
1293 1144 1342 1183 ut
1374 1144 1466 1183 tum
1497 1142 1580 1183 fuit

243 1200 418 1255 Romae,
450 1215 546 1241 cum
578 1202 701 1241 erant
732 1213 868 1254 reges,
899 1202 948 1241 ut
977 1198 1156 1254 Spartae
1182 1200 1368 1256 Lycurgi
1399 1200 1580 1256 legibus,

241 1279 278 1311 p.
306 1260 390 1311 145]
429 1261 472 1300 et
508 1261 557 1299 ut
594 1258 651 1300 sit
689 1258 863 1313 aliquod
900 1258 1031 1300 etiam
1067 1259 1218 1313 populi
1250 1259 1255 1313 Ι
1289 1259 1372 1314 ius,
1413 1262 1461 1301 ut
1497 1259 1579 1301 fuit
1683 1304 1685 1314 ¹

239 1318 356 1373 'apud
379 1319 552 1359 nostros
576 1331 714 1372 reges,
741 1320 887 1358 tamen
911 1317 1019 1358 illud
1039 1317 1207 1359 excellit
1226 1318 1393 1373 regium
1411 1333 1579 1372 nomen,
1599 1332 1634 1358 20
1684 1319 1685 1328 ¹

242 1391 378 1431 neque
420 1378 564 1431 potest
602 1376 690 1417 eius
730 1376 845 1417 modi
882 1390 949 1417 res
987 1376 1161 1431 publica
1196 1391 1284 1418 non
1324 1391 1506 1432 regnum
1537 1380 1580 1418 et

244 1450 336 1477 esse
362 1437 405 1476 et
429 1435 586 1476 vocari.
630 1434 695 1476 Ea
723 1437 866 1476 autem
885 1434 1024 1476 forma
1044 1435 1230 1476 civitatis
1252 1435 1473 1477 mutabilis
1494 1451 1580 1477 ma-

242 1494 355 1535 xime
388 1495 453 1535 est
483 1493 594 1535 hanc
626 1494 680 1535 ob
714 1508 905 1548 causam,
938 1494 1050 1548 quod
1081 1493 1205 1535 unius
1238 1494 1343 1535 vitio
1375 1494 1580 1549 praecipi-

242 1555 337 1594 tata
358 1552 404 1593 in
423 1552 831 1607 perniciosissimam
850 1555 1018 1606 partem
1037 1552 1242 1594 facillime
1263 1553 1428 1594 decidit.
1465 1552 1592 1594 Nam·
1684 1600 1685 1609 ἵ

242 1613 385 1667 ipsum
425 1611 569 1666 regale
611 1625 743 1665 genus
786 1611 974 1653 civitatis
1011 1626 1097 1652 non
1134 1611 1261 1653 modo
1297 1626 1385 1653 non
1422 1610 1488 1653 est
1518 1627 1578 1653 re·
1599 1624 1632 1650 25
1684 1616 1685 1622 ¹

242 1690 278 1722 p.
301 1671 386 1722 146]
413 1669 772 1725 prehendendum,
804 1670 877 1710 sed
907 1670 1022 1710 haud
1048 1669 1136 1711 scio
1163 1685 1218 1711 an
1242 1670 1418 1724 reliquis
1446 1671 1452 1724 1
1480 1670 1579 1712 sim-

243 1729 426 1784 plicibus
459 1729 587 1784 longe
614 1729 968 1783 anteponendum,
1001 1728 1037 1769 si
1063 1728 1200 1769 ullum
1227 1729 1456 1784 probarem
1483 1729 1580 1770 sim-

243 1789 340 1842 plex
372 1787 435 1829 rei
466 1787 662 1841 publicae
696 1801 847 1843 genus,
880 1788 953 1828 sed
984 1787 1058 1842 ita,
1091 1788 1230 1841 quoad
1262 1789 1425 1829 statum
1456 1802 1579 1829 suum

243 1847 412 1888 retinet.
461 1845 504 1887 Is
537 1849 603 1887 est
635 1849 778 1887 autem
809 1848 962 1900 status,
992 1848 1041 1887 ut
1072 1846 1196 1887 unius
1228 1849 1435 1901 perpetua
1463 1849 1580 1902 pote-

245 1908 357 1946 state
396 1907 440 1946 et
476 1904 644 1946 iustitia
682 1904 886 1971 omnique
919 1904 1131 1960 sapientia
1168 1908 1345 1960 regatur
1382 1905 1498 1947 salus
1537 1907 1634 1946 etso

245 1963 531 2018 aequabilitas
567 1966 609 2005 et
641 1963 777 2005 otium
809 1964 975 2005 civium.
1036 1963 1203 2005 Desunt
1235 1963 1407 2005 omnino
1440 1963 1479 2005 ei
1508 1978 1580 2019 po-

244 2023 346 2078 pulo
384 2022 539 2088 multa,
576 2023 648 2075 qui
684 2022 763 2063 sub
795 2037 895 2078 rege
929 2025 1010 2077 est,
1048 2022 1093 2063 in
1124 2022 1358 2077 primisque
1388 2022 1580 2076 libertas,

247 2095 355 2135 quae
384 2095 473 2122 non
502 2081 548 2122 111
579 2095 628 2122 60
661 2083 744 2135 est,
780 2083 828 2123 Jt
858 2081 972 2123 iusto
1004 2083 1177 2123 utamur
1209 2081 1398 2136 domino,
1430 2081 1503 2123 sed
1533 2084 1581 2123 ut

245 2140 410 2181 nullo..

572 2198 888 2250 [Desiderawtur
910 2199 1091 2252 payz'nae
1121 2199 1254 2251 duae]

177 2242 284 2325 9⁴41).
302 2257 362 2309 15]
450 2289 459 2298 .
539 2256 764 2298 ..ferebant
795 2257 967 2298 Etenim
993 2257 1059 2298 illi
1077 2256 1238 2299 iniusto
1260 2257 1432 2299 domino
1452 2259 1581 2311 atque
1600 2269 1631 2294 ³5

250 2316 402 2357 acerbo
429 2289 619 2370 aliquam
641 2315 749 2356 diu'
737 2331 783 2357 ln
806 2316 934 2358 rebus
959 2316 1160 2371 gerundis
1185 2330 1392 2371 prospera
1409 2317 1582 2358 fortuna
