1685 2568
382 97 471 134 LIB.
498 98 542 132 11.
570 97 671 133 CAP.
698 101 824 134 8—11.
856 101 875 141 ξ
900 102 1051 134 21-27,
1297 100 1385 142 205

46 195 158 247 sunt,
190 196 308 235 certa
339 208 431 235 esse
462 208 550 236 non
578 195 772 248 possunt.
829 191 904 235 Sin
936 196 1080 235 autem
1111 196 1275 235 certum
1307 196 1384 248 est,

46 251 148 306 quid
180 266 348 306 quaque
379 252 429 294 de
460 267 506 294 re
539 266 706 307 quoque
737 254 931 307 tempore
961 251 1157 294 futurum
1183 252 1251 306 sit,
1284 253 1384 306 quid

45 312 122 365 est,
149 310 263 365 quod
288 325 355 352 me
382 311 584 353 adiuvent
607 310 887 365 haruspices?
916 312 988 364 qui
1012 325 1109 353 cum
1134 324 1202 352 res
1228 310 1384 352 tristis·
1402 347 1455 388 10

45 369 177 411 simas
208 370 408 424 portendi
438 369 653 423 dixerunt,
691 369 853 411 addunt
884 369 937 411 ad
969 372 1209 411 extremum
1241 369 1385 411 omnia
1411 397 1455 428 25

45 427 182 469 levius
220 442 372 470 casura
405 428 532 470 rebus
572 428 726 470 divinis
764 428 1024 483 procuratis3
1063 428 1099 470 si
1131 428 1245 469 enim
1275 428 1384 470 nihil

44 486 96 528 fit
136 488 257 528 extra
292 486 449 541 fatum,
491 486 601 528 nihil
638 487 773 529 levari
809 501 855 529 re
893 486 1038 529 divina
1073 489 1230 542 potest.
1290 486 1386 529 Hoc

45 544 179 586 sentit
209 544 442 599 Homerus,
480 560 577 588 cum
609 548 857 600 querentem
887 545 1034 588 Iovem
1066 545 1241 600 inducit,
1273 545 1386 600 quod

45 601 335 659 Sarpedonem
365 604 504 645 filium
536 619 561 646 a
591 607 730 646 morte
763 607 914 647 contra
942 605 1082 646 fatum
1113 605 1275 660 eripere
1299 619 1387 647 non

44 665 203 718 posset.
255 662 350 705 Hoc
380 663 494 704 idem
525 663 741 719 significat
773 662 960 706 Graecus
992 664 1067 705 ille
1097 663 1143 705 in
1174 677 1269 705 eam
1295 678 1386 705 sen-

44 721 227 763 tentiam
258 736 424 763 versus:

104 778 243 828 Quod
273 780 382 822 f6re
414 783 652 836 paratum
684 783 780 835 est,
819 780 868 822 1'd
900 796 1145 823 summum
1177 796 1385 837 exsupe-

974 842 1056 882 rat
1086 840 1267 883 Iovem.

44 898 203 940 Totum
235 898 408 940 omnino
440 898 580 940 fatum
607 898 738 941 etiam
763 898 985 942 Atellanio
1010 914 1138 942 versu
1162 899 1253 941 iure
1279 899 1387 941 mihi

45 971 137 1000 esse
177 957 359 999 inrisum
399 957 586 1012 videtur3
627 958 701 999 sed
736 958 782 999 in
818 959 946 1000 rebus
987 960 1079 1000 tam
1111 958 1269 1001 severis
1299 972 1387 1000 non

46 1019 113 1058 est
142 1016 312 1058 iocandi
344 1017 475 1058 locus.
537 1015 828 1058 Concludatur
859 1018 994 1073 igitur
1025 1018 1154 1060 ratio:
1197 1016 1242 1059 Si
1274 1017 1387 1058 enim

44 1075 262 1130 provideri
292 1075 401 1116 nihil
433 1077 580 1130 potest
609 1075 803 1117 futurum
836 1091 927 1117 esse
960 1091 1119 1131 eorum,
1152 1091 1259 1131 quae
1286 1091 1388 1118 casu

43 1135 164 1188 fiunt,
197 1134 298 1189 quia
329 1148 421 1175 esse
447 1136 564 1175 certa
587 1149 674 1176 non
699 1137 892 1189 possunt,
924 1135 1131 1177 divinatio
1158 1135 1279 1176 nulla
1305 1138 1388 1188 est3

46 1193 114 1234 sin
150 1195 294 1234 autem
332 1192 489 1234 idcirco
521 1195 704 1248 possunt
734 1193 967 1248 provideri,
998 1194 1106 1248 'quia
1137 1197 1255 1236 certa
1287 1196 1388 1235 sunt

45 1254 89 1293 et
123 1251 294 1306 fatalia,
337 1265 485 1293 rursus
525 1251 732 1293 divinatio
772 1252 895 1294 nulla
933 1255 1016 1307 est3
1061 1267 1155 1294 eam
1194 1252 1308 1294 enim
1339 1255 1388 1294 tu

43 1310 321 1352 fortuitarum
358 1325 502 1352 rerum
534 1325 626 1352 esse
659 1311 842 1353 dicebas.
904 1309 987 1353 Sed
1017 1311 1123 1354 haec
1152 1311 1284 1353 fuerit
1314 1326 1387 1353 no·
1414 1320 1457 1351 26

43 1370 111 1411 bis
148 1372 371 1424 tamquam
409 1369 516 1411 levis
555 1372 800 1412 armaturae
831 1370 972 1426 prima
1004 1370 1212 1412 orationis
1245 1385 1388 1412 excur-

46 1429 129 1483 si03
162 1443 274 1470 nunc
305 1428 542 1470 comminus
576 1442 755 1485 agamus
788 1430 1152 1484 experiamurque,
1186 1430 1222 1471 si
1252 1429 1387 1486 possi-

44 1502 139 1530 mus
172 1502 331 1529 cornua
362 1502 630 1530 commovere
662 1488 967 1543 disputationis
998 1491 1110 1531 tuae.

132 1546 230 1588 Duo
274 1546 386 1588 enim
431 1561 590 1602 genera
633 1547 852 1589 divinandi
892 1562 984 1589 esse
1022 1548 1211 1602 dicebas,
1255 1563 1388 1589 unum
1406 1549 1455 1589 11

45 1606 343 1660 artificiosum,
384 1605 569 1647 alterum
608 1606 823 1661 naturale3
867 1607 1148 1648 artificiosum
1189 1609 1387 1649 constare

43 1665 206 1720 partim
231 1679 282 1706 ex
307 1664 562 1719 coniectura,
587 1665 748 1720 partim
773 1680 824 1707 ex
847 1666 1147 1707 observatione
1168 1665 1388 1720 diuturna,

43 1723 262 1778 naturale,
294 1723 408 1778 quod
439 1723 606 1765 animus
639 1724 848 1779 arriperet
879 1727 954 1766 aut
986 1725 1200 1780 exciperet
1230 1725 1387 1766 extrin-

47 1796 166 1825 secus
203 1796 255 1824 ex
292 1782 536 1836 divinitate,
573 1783 683 1824 unde
721 1797 868 1825 omnes
901 1783 1067 1825 animos
1099 1784 1279 1826 haustos
1312 1786 1387 1826 aut

46 1844 244 1897 acceptos
277 1843 351 1882 aut
382 1841 542 1883 libatos
568 1841 836 1884 haberemus.
885 1842 1136 1884 Artificiosa
1162 1842 1387 1885 divinatio-

43 1900 112 1942 nis
155 1900 233 1942 illa
274 1899 364 1942 fere
405 1914 563 1957 genera
598 1901 806 1956 ponebas:
850 1902 1106 1957 extispicum
1143 1916 1387 1957 eorumque,

46 1959 120 2014 qui
151 1974 201 2001 ex
231 1958 476 2015 fulgoribus
508 1960 774 2015 ostentisque
799 1961 1106 2016 praedicerent,
1136 1963 1230 2002 tum
1256 1975 1387 2017 augu-

32 2032 142 2072 rum
185 2032 433 2073 eorumque,
478 2018 551 2073 qui
595 2019 730 2074 signis
775 2021 849 2061 aut
893 2019 1108 2062 ominibus
1150 2022 1386 2075 uterentur,

36 2072 256 2131 ⁴omneque
288 2091 421 2133 genus
453 2077 739 2119 coniectruale
769 2078 815 2120 in
844 2078 927 2120 hoc
955 2078 1044 2121 fere
1078 2093 1233 2135 genere
1258 2094 1387 2134 pone-

45 2135 136 2178 bas.
184 2135 300 2177 Illud
332 2138 476 2178 autem
499 2137 697 2178 naturale
723 2139 798 2179 aut
823 2137 1110 2180 concitatione
1135 2138 1291 2180 mentis
1319 2138 1385 2179 edi
1411 2145 1454 2176 27

48 2196 91 2236 et
123 2194 246 2249 quasi
275 2194 397 2236 fundi
427 2194 654 2237 videbatur
685 2198 760 2237 aut
791 2196 935 2238 animo
967 2211 1044 2252 per
1070 2212 1268 2239 somnum
1295 2212 1384 2238 sen-

49 2253 167 2296 sibus
199 2256 242 2295 et
273 2253 384 2295 curis
415 2269 549 2296 vacuo
580 2254 806 2310 provideri.
854 2255 1029 2297 Duxisti
1055 2258 1197 2298 autem
1226 2256 1384 2297 divina-

47 2312 209 2355 tionem
236 2327 405 2354 omnem
431 2328 456 2354 a
480 2313 620 2355 tribus
645 2313 784 2368 rebus,
818 2329 844 2356 a
869 2315 958 2368 deo,
985 2330 1011 2356 a
1034 2314 1139 2366 fato,
1168 2329 1193 2356 a
1217 2317 1383 2356 natura.
