1685 2568
137 241 181 272 23

210 79 264 118 12
616 78 680 112 DE
705 78 904 113 NATURA
929 77 1132 112 DEORUM

208 174 439 216 oblectatio
473 175 579 216 deo?
613 189 719 229 quae
752 174 789 215 si
821 176 945 228 esset,
974 189 1061 216 non
1094 189 1143 216 ea
1173 176 1265 216 tam
1297 173 1367 216 diu
1398 189 1543 216 carere

206 233 430 288 potuisset.
492 233 562 274 An
598 233 721 286 haec,
761 235 809 273 ut
839 232 928 273 fere
961 233 1119 286 dicitis,
1160 232 1382 274 hominum
1414 247 1543 275 causa

208 307 233 332 a
265 291 340 333 deo
374 292 610 333 constituta
641 292 772 332 sunt?
830 289 1179 345 Sapientiumne‘?
1228 291 1411 346 Propter
1440 307 1540 347 pau-

207 364 278 392 cos
310 350 444 405 igitur
476 352 599 391 tanta
631 352 695 390 est
726 349 842 390 facta
872 364 1015 391 rerum
1047 350 1227 391 molitio.
1289 349 1360 390 An
1391 351 1541 392 stulto-

206 409 331 450 rum?
393 408 453 449 At
496 408 683 462 primum
721 422 848 449 causa
884 423 971 449 non
1007 408 1106 463 fuit,
1151 423 1224 450 cur
1261 408 1311 449 de
1348 408 1540 463 inprobis

206 468 313 509 bene
340 469 592 520 mereretur,
625 466 773 507 deinde
793 466 893 520 quid
914 470 978 508 est
998 466 1252 508 adsecutus?
1280 481 1375 508 cum
1397 482 1541 508 omnes

208 526 332 567 stulti
370 525 456 566 sint
495 525 585 566 sine
619 525 746 566 dubio
779 525 1026 580 miserrimi,
1058 526 1241 567 maxime
1274 525 1387 580 quod
1419 526 1543 566 stulti

208 587 326 637 sunt3
371 584 567 625 miserius
607 584 719 625 enim
758 584 946 625 stultitia
984 584 1084 638 quid
1115 598 1342 639 possumus
1376 584 1542 626 dicere?

207 643 355 683 deinde
388 642 501 696 quod
531 642 593 683 ita
624 643 766 683 multa
798 644 898 683 sunt
922 642 1192 684 incommoda
1217 643 1262 683 in
1287 643 1388 697 vita,
1419 645 1468 684 ut
1493 657 1543 684 ea

208 702 422 756 sapientes
464 701 784 742 commodorum
825 702 1155 755 conpensatione
1194 701 1373 755 leniant,
1418 702 1542 742 stulti

139 763 193 804 10
206 775 284 801 nec
315 759 451 800 vitare
483 760 699 801 venientia
729 759 897 814 possint
921 774 998 802 nec
1021 759 1133 801 ferre
1158 760 1413 815 praesentia.
1463 759 1544 809 Qui

137 1006 180 1036 24

206 833 306 859 vero
352 818 557 859 mundum
601 818 743 872 ipsum
787 818 1048 859 animantem
1092 818 1413 873 sapientemque
1452 833 1543 860 esse

208 877 421 930 dixerunt,
459 877 578 918 nullo
618 877 743 918 modo
775 877 991 931 viderunt,
1030 876 1161 918 animi
1192 879 1348 918 natura
1378 878 1543 918 intelle-

208 936 348 991 gentis
379 936 425 976 in
456 950 584 990 quam
615 935 801 990 figuram
832 936 980 977 cadere
1012 938 1177 990 posset3
1210 936 1259 977 de
1292 950 1374 990 quo
1405 936 1543 977 dicam

208 994 402 1048 equidem
431 994 561 1048 paulo
588 996 705 1049 post3
735 1008 847 1035 nunc
873 997 1016 1035 autem
1041 994 1265 1035 hactenus:
1299 994 1543 1036 admirabor

206 1067 352 1094 eorum
385 1053 648 1107 tarditatem,
681 1052 753 1107 qui
785 1053 1048 1094 animantem
1076 1053 1351 1094 inmortalem
1378 1056 1419 1094 et
1446 1068 1542 1094 eun-

206 1112 300 1153 dem
344 1112 519 1152 beatum
563 1111 794 1153 rotimdum
838 1126 929 1152 esse
968 1111 1120 1165 velint,
1164 1111 1277 1166 quod
1314 1126 1363 1153 ea
1402 1111 1543 1153 forma

204 1173 334 1225 neget
377 1170 511 1211 ullam
555 1184 646 1211 esse
690 1170 977 1224 pulchriorem
1014 1169 1151 1212 Plato.
1219 1170 1280 1211 At
1325 1170 1430 1211 mihi
1473 1171 1541 1211 vel

205 1228 387 1283 cylindri
427 1229 495 1270 vel
535 1229 732 1283 quadrati
771 1229 839 1270 vel
878 1229 972 1270 coni
1009 1229 1077 1270 vel
1110 1229 1342 1283 pyramidis
1374 1229 1542 1270 videtur

206 1302 297 1329 esse
329 1287 569 1328 formosior.
621 1286 736 1335 Quae
767 1302 868 1328 vero
901 1287 990 1328 vita
1021 1287 1226 1328 tribuitur
1257 1287 1332 1328 isti
1356 1288 1539 1329 rotundo

205 1347 312 1388 deo‘?
362 1345 527 1400 Nempe
565 1348 612 1387 ut
644 1360 693 1387 ea
726 1346 944 1387 celeritate
977 1348 1327 1400 contorqueatur,
1365 1346 1432 1387 cui
1463 1362 1541 1401 par

203 1405 324 1446 nulla
366 1419 419 1445 ne
463 1405 646 1460 cogitari
684 1404 853 1458 quidem
891 1405 1047 1459 possit3
1090 1404 1136 1445 in
1174 1419 1257 1458 qua
1294 1419 1379 1446 non
1418 1405 1539 1446 video

204 1463 380 1504 ubinam
418 1477 537 1504 mens
575 1466 775 1505 constans
809 1465 852 1504 et
882 1463 972 1504 vita
1004 1463 1131 1504 beata
1162 1463 1300 1518 possit
1331 1463 1540 1505 insistere.

205 1522 409 1576 Quodque
458 1522 503 1562 in
550 1524 698 1564 nostro
743 1537 918 1576 corpore
963 1522 999 1563 si
1048 1521 1225 1563 minima
1270 1536 1319 1563 ex
1362 1524 1485 1576 parte
1512 1522 1541 1576 †

205 1581 490 1636 significetur,
532 1581 762 1622 molestum
801 1581 874 1634 sit,
912 1595 985 1622 cur
1016 1580 1097 1622 hoc
1127 1580 1240 1621 idem
1270 1595 1357 1622 non
1387 1580 1540 1622 habea·
1560 1610 1573 1616 -

204 1643 274 1681 tur
299 1640 529 1681 molestum
561 1639 605 1680 in
638 1639 744 1681 deo?
795 1639 928 1680 Terra
958 1639 1070 1680 enim
1102 1639 1306 1694 profecto,
1339 1640 1538 1693 quoniam

204 1698 351 1740 mundi
393 1713 494 1753 pars
539 1701 623 1753 est,
667 1712 767 1753 pars
811 1700 876 1739 est
916 1698 1046 1739 etiam
1084 1698 1161 1739 dei.
1228 1698 1364 1752 Atqui
1401 1700 1539 1739 terrae

204 1771 425 1798 maxumas
470 1757 665 1812 regiones
706 1756 1004 1798 inhabitabilis
1042 1758 1170 1810 atque
1207 1756 1391 1798 incultas
1428 1756 1540 1797 vide-

204 1830 317 1869 mus,
361 1815 474 1869 quod
510 1830 610 1870 pars
653 1830 798 1856 earum
830 1815 1011 1870 adpulsu
1043 1815 1147 1856 solis
1179 1815 1395 1868 exarserit,
1438 1829 1538 1869 pars

204 1874 442 1929 obriguerit
490 1874 587 1915 nive
631 1874 868 1928 pruinaque
906 1873 1140 1929 longinquo
1179 1873 1282 1914 solis
1321 1873 1572 1928 abscessu33

205 1947 329 1987 quae,
378 1932 414 1973 si
458 1932 639 1973 mundus
684 1935 748 1973 est
795 1932 915 1986 deus,
960 1932 1160 1986 quoniam
1204 1931 1350 1972 mundi
1393 1934 1538 1986 partes

204 1993 316 2045 sunt,
349 1991 414 2032 dei
447 1991 638 2032 membra
670 1991 830 2046 partim
863 1990 1067 2044 ardentia,
1098 1990 1257 2045 partim
1284 1990 1540 2045 refrigerata

204 2049 381 2090 dicenda
412 2052 522 2090 sunt.

291 2107 434 2162 Atque
477 2108 582 2150 haec
620 2108 789 2162 quidem
827 2109 988 2161 vestra,
1031 2107 1178 2148 Lucili.
1247 2106 1400 2155 Qualia
1436 2121 1537 2148 vero

202 2166 335 2219 †est,
377 2166 431 2207 ab
472 2167 625 2208 ultimo
667 2169 858 2221 repetam
897 2166 1175 2220 superiorum.
1237 2165 1394 2207 Thales
1427 2165 1538 2207 enim

203 2225 408 2279 Milesius,
435 2225 507 2280 qui
532 2225 695 2280 primus
723 2225 772 2265 de
798 2225 959 2265 talibus
986 2224 1112 2265 rebus
1135 2224 1357 2279 quaesivit,
1383 2238 1538 2278 aquam

204 2284 310 2324 dixit
348 2298 440 2333 esse
477 2283 647 2324 initium
684 2298 843 2335 rerum,
883 2283 1007 2324 deum
1040 2285 1184 2324 autem
1216 2298 1309 2325 eam
1341 2285 1539 2336 mentem,

1560 420 1580 446 5

1563 713 1597 738 10

1563 1005 1597 1031 15

1561 1299 1594 1323 20

1558 2176 1591 2202 35
