1685 2568
235 885 257 923 1

234 936 250 964 1

274 103 302 142 4
684 100 747 134 DE
773 100 972 148 NATURA
996 99 1200 135 DEORUM

276 194 336 238 sit,
361 194 465 229 nulla
491 196 612 229 autem
639 194 716 228 sine
737 193 881 228 actione
900 193 1029 236 virtus,
1055 205 1100 228 ne
1122 193 1209 228 deos
1229 193 1377 238 quidem
1403 194 1488 229 illos
1516 195 1610 230 otio-

276 253 335 277 sos
360 242 490 276 beatos
516 252 594 276 esse
614 251 733 286 posse,
760 251 850 284 quos
869 251 986 284 neque
1013 241 1206 285 voluptate
1227 241 1389 286 corporis
1409 241 1465 276 uti
1489 253 1609 286 posse,

274 289 314 324 in
346 300 417 333 qua
453 299 632 323 summum
669 287 807 321 bonum
836 286 1015 331 Epicurus
1052 288 1183 332 ponat
1215 298 1332 331 neque
1364 299 1437 322 una
1471 289 1609 323 doloris

274 335 462 370 vacuitate
488 336 552 369 aut
584 333 740 368 adsidua
770 333 962 368 felicitatis
988 345 1074 368 suae
1108 334 1334 378 cogitatione
1358 334 1486 370 beatos
1513 335 1611 370 effici

275 394 400 435 posse,
428 383 466 416 et
491 393 573 416 cum
603 392 748 425 semper
771 380 964 425 pulsentur
989 380 1195 416 inculsione
1228 383 1433 416 atomorum
1459 383 1498 416 et
1522 383 1610 417 ima-

275 429 380 474 gines
407 440 450 463 ex
475 428 566 473 ipsis
589 438 732 472 semper
758 427 919 470 effluant,
944 438 1018 462 non
1037 438 1144 472 posse
1164 438 1238 462 non
1258 427 1450 462 interitum
1467 429 1609 471 timere

274 477 315 511 id
340 476 438 520 quod
462 474 685 509 beatitudini
715 485 863 519 prorsus
891 475 1114 509 contrarium
1140 485 1218 509 esse
1251 474 1422 509 videatur
1447 477 1538 521 (cap
1567 482 1610 511 37

276 528 372 558 —41
406 526 426 564 ξ
453 522 672 565 103—114).
724 520 903 562 Quoniam
935 523 1057 556 autem
1089 521 1228 556 otiosos
1255 521 1343 555 deos
1375 522 1613 557 introducant

275 569 449 614 Epicurei
479 569 620 603 nullam
651 578 770 602 rerum
804 569 1044 602 humanarum
1071 579 1193 602 curam
1218 568 1412 611 habentes,
1438 568 1534 604 nihil
1558 570 1612 603 iu-

276 618 406 651 vantes
438 615 623 657 homines,
657 626 802 650 omnem
827 614 1063 649 sanctitatem
1091 615 1241 649 deorum
1267 616 1305 649 et
1334 615 1524 650 hominum
1549 616 1612 650 ad-

275 674 402 698 versus
429 673 492 698 eos
522 662 718 708 pietatem,
751 672 970 706 quamquam
1001 661 1122 696 verbis
1148 661 1205 696 illi
1236 663 1392 708 ponant,
1424 673 1461 698 re
1487 664 1611 698 tamen

275 710 409 745 tollere
435 711 527 755 (cap.
555 714 694 744 41—44
720 713 739 751 g
768 711 973 753 115—124).

368 899 476 942 Cum
515 899 674 940 multae
712 912 780 939 res
810 898 856 939 in
892 896 1167 953 philosophia
1196 913 1475 966 nequaquam
1508 899 1612 940 satis

279 959 416 1000 adhuc
455 958 690 1013 explicatae
732 957 834 1011 sint,
875 959 967 998 tum
999 944 1280 1012 perdiffimlis,
1318 956 1467 1012 Brute,
1501 958 1611 1012 quod

278 1020 327 1058 tu
358 1017 531 1058 minime
563 1016 751 1072 1011110133,
784 1018 826 1057 et
856 1015 1116 1070 perobscura
1125 1016 1332 1085 quaestio
1366 1019 1430 1057 est
1462 1016 1511 1057 de
1541 1031 1614 1057 na—

278 1079 377 1135 tura
415 1075 606 1129 (10011131,
646 1089 752 1129 quae
790 1077 832 1115 et
870 1074 922 1115 ad
955 1070 1218 1130 agnitionem
1250 1071 1381 1116 animi
1417 1074 1612 1140 pulcher-

278 1131 388 1176 rima
431 1136 497 1175 est
540 1136 583 1175 et
626 1133 678 1194 ad
722 1133 1025 1175 1110ἂο1311(13111
1069 1133 1320 1188 religionem
1364 1125 1613 1175 necessaria.

278 1193 344 1235 De
371 1208 456 1248 qua
480 1195 571 1233 tam
596 1190 739 1233 variae
766 1194 866 1232 sunt
892 1191 1236 1233 doctissimoium
1260 1191 1482 1233 hominum
1508 1194 1614 1233 tam-

281 1266 361 1306 que
388 1247 677 1305 discrepantes
706 1247 955 1308 sententiae,
986 1253 1033 1291 ut
1059 1265 1215 1306 magno
1243 1253 1495 1306 argumento
1523 1265 1614 1305 0330
1669 1302 1671 1307 ¹

282 1311 436 1352 debeat
455 1324 627 1351 causam
649 1311 691 1349 et
716 1309 971 1363 principium
998 1286 1318 1368 philosophiaeC>
1322 1324 1414 1350 0330
1439 1308 1614 1351 inscien-

279 1369 405 1423 tiam,
441 1368 758 1425 prudenteique
790 1361 1067 1409 Academicos
1106 1383 1131 1408 a
1167 1367 1293 1409 rebus
1330 1368 1503 1409 incertis
1546 1368 1614 1410 ad-

281 1428 522 1469 sensionem
560 1426 813 1468 cohibuisse.
864 1424 972 1474 Quid
1004 1428 1069 1467 est
1101 1426 1213 1467 enim
1253 1426 1495 1468 temeritate
1527 1426 1613 1467 tur-

279 1487 404 1541 pius?
438 1488 512 1526 aut
546 1485 645 1539 quid
677 1487 767 1526 tam
793 1484 1067 1526 temeiarium
1098 1488 1271 1539 tamque
1303 1485 1524 1540 indignum
1553 1500 1615 1526 33-

279 1544 438 1611 pientis
479 1558 581 1600 giax
573 1544 692 1585 itate
731 1546 859 1597 atque
897 1544 1138 1585 constantia
1176 1558 1303 1599 quam
1344 1547 1417 1585 aut
1455 1543 1614 1585 falsum

282 1600 440 1645 sentire
482 1605 573 1657 aut,
613 1602 724 1657 quod
761 1617 847 1643 non
879 1602 983 1643 satis
1023 1601 1242 1660 explorate
1279 1605 1525 1658 perceptum
1558 1603 1615 1644 sit

281 1664 324 1703 et
362 1658 599 1717 cognitum,
638 1661 728 1702 31110
759 1661 850 1702 ulla
881 1661 1147 1702 dubitatione
1186 1660 1434 1717 defendere?
1483 1660 1615 1702 Velut

281 1721 326 1762 in
357 1721 439 1762 hac
471 1719 719 1774 quaestione
750 1719 959 1774 plerique,
993 1720 1104 1774 quod
1142 1718 1323 1761 maxime
1355 1719 1444 1761 1011
1475 1719 1614 1761 simile
1652 1733 1660 1746 ³

282 1782 364 1833 est,
409 1782 451 1820 et
490 1793 572 1833 quo
617 1793 763 1820 omnes
803 1779 904 1819 duce
946 1779 1102 1820 natura
1137 1777 1347 1832 venimus,
1385 1778 1483 1820 deos
1523 1793 1615 1820 0330

283 1813 496 1891 dixerunt,
530 1830 725 1878 dubitare
758 1852 801 1878 30
832 1836 1113 1892 Pr⁴otag01as7
1144 1837 1285 1878 nullos
1319 1851 1409 1878 0330
1441 1836 1614 1879 omnino

281 1896 495 1951 Diagoras
527 1892 680 1937 Melius
714 1898 756 1937 et
787 1873 1034 1947 Theodorus
1059 1895 1312 1950 Cyrenaicus
1343 1898 1474 1950 putat
1480 1899 1614 1937 er.unt

283 1954 364 2003 Qui
395 1969 495 1996 velo
529 1955 628 1996 deos
662 1969 753 1996 0330
787 1944 998 2008 dixerunt,
1036 1957 1158 1996 tanta
1196 1957 1294 1995 sunt
1330 1954 1374 1994 in
1406 1954 1614 2007 vaiictate
1660 1950 1662 1952 ’

283 2016 325 2054 et
371 2006 651 2067 dissensione,
695 2016 742 2054 ut
786 2028 931 2055 e01um
976 2013 1204 2054 molestum
1250 2013 1305 2053 sit
1349 2002 1615 2054 (111133101310
1634 2025 1656 2050 2(

283 2072 530 2113 sententias.
575 2071 688 2113 Nam
721 2074 763 2113 et
795 2072 843 2113 de
875 2071 1024 2127 figuris
1057 2072 1230 2112 deorum
1263 2074 1305 2112 et
1337 2071 1387 2122 de
1418 2072 1522 2113 10013
1556 2075 1616 2113 at·
1658 2062 1661 2090 ⁹

283 2145 364 2185 que
405 2128 574 2172 sedibus
617 2133 658 2172 et
700 2129 865 2172 actione
906 2130 1019 2171 vitae
1056 2130 1194 2171 multa
1233 2119 1445 2185 dicuntur,
1484 2131 1616 2185 deque

282 2189 350 2230 his
383 2204 550 2230 summa
580 2189 943 2246 philosophorum
969 2189 1229 2230 dissensione
1262 2164 1466 2243 cei-tatui·;
1505 2189 1617 2244 quod
1679 2221 1682 2225 Α

281 2263 382 2290 velo
427 2247 608 2289 maxime
654 2263 742 2289 rem
786 2247 1041 2302 causamque
1086 2248 1292 2302 continet,
1329 2250 1470 2289 utrum
1507 2247 1616 2289 nihil

284 2309 427 2362 agant,
458 2306 565 2348 nihil
599 2307 843 2361 moliantur,
877 2307 991 2348 omni
1024 2306 1241 2348 curatione
1273 2308 1316 2348 et
1347 2306 1658 2359 administra-2,

1634 1439 1664 1464 10
