1685 2568
446 63 532 100 LIB.
557 64 602 100 ΙΙ.
635 63 735 99 CAP.
763 68 890 100 6—10.
925 65 948 105 ξ
969 68 1115 99 11-18,
1357 64 1442 108 311

112 161 248 204 multo
286 161 344 202 eti
348 175 416 202 am
449 160 587 215 magis
618 159 827 201 Romulus
858 162 1032 214 patrum
1064 160 1320 201 auctoritate
1351 175 1446 202 con-

112 220 293 273 silioque
324 219 533 275 regnavit.

199 277 291 326 Quo
327 278 442 320 facto
480 278 666 332 primurn
702 276 810 318 vidit
847 276 1133 339 iudicavitque
1165 276 1294 329 idem,
1334 264 1498 330 ᾳιιοᾶ9

112 335 292 403 Spartae
323 336 542 391 Lycurgus
574 336 703 390 paulo
736 337 834 376 ante
866 349 907 375 vx
899 333 1043 388 Aderat
1076 335 1285 389 singulari
1316 334 1447 389 impe-

81 396 176 437 5rio
215 398 257 436 et
293 398 508 450 potestate
546 395 667 449 regia
703 397 795 435 tum
833 394 985 434 melius
1018 393 1250 449 gubernari
1281 395 1324 434 et
1354 393 1448 448 regi

117 454 326 507 civitates,
369 453 405 495 si
443 455 556 494 esset
597 452 750 507 optimi
788 452 989 506 cuiusque
1021 451 1074 493 ad
1104 452 1228 493 illam
1258 451 1347 493 vim
1379 452 1449 493 do-

117 512 360 554 minationis
405 511 603 553 adiuncta
647 511 891 552 auctoritas.
958 509 1110 565 Itaque
1150 510 1232 552 hoc
1269 510 1448 552 consilio

118 573 162 611 et
200 571 322 625 quasi
359 572 510 611 senatu
547 569 683 610 fultus
718 570 722 623 Ι
758 573 799 610 et
837 569 1026 610 munitus
1064 571 1107 610 et
1143 569 1259 611 bella
1302 570 1354 620 [p.
1380 579 1448 610 238

117 643 209 671 cum
250 629 445 670 finitimis
487 628 733 670 felicissime
771 628 909 669 multa
947 628 1082 683 gessit
1118 630 1178 683 et,
1225 642 1320 670 cum
1357 627 1450 682 ipse

67 700 98 724 10
117 687 224 728 nihil
259 702 308 729 ex
338 687 498 742 praeda
529 687 703 728 domum
735 701 856 727 suam
888 689 1147 741 reportaret,
1185 687 1450 741 locupletare

118 745 220 787 civis
242 760 328 787 non
353 746 530 787 destitit.
573 745 694 799 Tum,
719 745 763 786 id
790 760 872 799 quo
894 746 1125 786 retinemus
1145 745 1270 787 hodie
1290 759 1450 800 magna
1475 754 1520 787 16

117 819 212 846 cum
244 805 378 846 salute
408 805 469 845 rei
495 804 703 859 publicae,
736 804 936 859 auspiciis
964 804 1196 858 plurimum
1222 804 1450 845 obsecutus

117 865 183 904 est
201 861 420 904 Romulus.
469 861 582 904 Nam
609 865 652 903 et
676 862 780 917 ipse,
806 863 920 917 quod
944 863 1202 918 principium
1228 863 1289 904 rei
1314 863 1451 917 publi-

116 936 190 963 cae
214 920 309 975 fuit,
336 922 486 963 urbem
512 921 700 963 condidit
727 921 948 976 auspicato
981 924 1023 962 et
1050 922 1246 963 omnibus
1266 922 1451 976 publicis

65 993 97 1017 15
116 981 244 1021 rebus
276 980 558 1034 instituendis,
591 980 664 1035 qui
695 980 779 1021 sibi
810 982 953 1021 essent
977 981 1022 1021 in
1048 981 1260 1035 auspiciis,
1293 995 1344 1021 ex
1370 980 1452 1022 sin-

117 1039 229 1094 gulis
266 1039 461 1081 tribubus
500 1038 705 1094 singusslos
743 1039 963 1093 cooptavit
1002 1053 1185 1094 augures
1223 1042 1266 1080 et
1305 1041 1356 1091 [p.
1384 1050 1451 1081 239

116 1097 269 1139 habuit
294 1098 462 1152 plebem
483 1099 526 1139 in
547 1098 767 1139 clientelas
787 1098 1029 1152 principum
1049 1098 1300 1152 discriptam
1320 1096 1453 1152 (quod

1474 314 1516 347 15

117 1159 302 1222 quantae
327 1156 455 1198 fuerit
479 1157 673 1210 utilitati,
699 1159 797 1211 post
817 1155 981 1211 videm)
1002 1157 1247 1210 multaeque
1269 1156 1453 1198 dictione

117 1216 260 1256 ovium
293 1217 336 1256 et
366 1215 522 1256 bovum
555 1214 687 1269 (quod
718 1218 811 1256 tum
843 1218 936 1256 erat
967 1230 1034 1256 res
1065 1215 1111 1256 in
1142 1230 1294 1281 pecore
1327 1219 1369 1256 et
1394 1215 1453 1257 lo-

63 1286 98 1312 20
116 1288 263 1316 corum
302 1266 662 1328 possessionibus,
703 1289 752 1315 ex
797 1289 879 1328 quo
921 1274 1186 1328 pecuniosi
1231 1277 1272 1314 et
1317 1274 1453 1315 locu-

115 1333 284 1388 pletes
318 1331 613 1388 vocabantur),
644 1347 730 1374 non
761 1333 803 1373 vi
835 1335 878 1374 et
910 1333 1131 1387 suppliciis
1164 1333 1397 1374 coercebat.

203 1391 268 1433 Ac
301 1390 510 1433 Romulus
547 1406 642 1433 cum
681 1394 846 1446 septem
884 1394 927 1432 et
964 1392 1147 1447 triointa
1183 1391 1453 1447 regnavisset
1472 1373 1524 1455 110

117 1464 250 1492 annos
295 1451 338 1492 et
376 1450 482 1491 haee
520 1450 693 1516 egregia
730 1451 811 1491 duo
849 1450 1121 1491 firmamenta
1157 1451 1220 1491 rei
1233 1426 1498 1505 ἶ’.3901111666

116 1509 370 1564 peperisset,
404 1509 409 1563 Ι
444 1509 632 1563 auspicia
670 1511 713 1550 et
750 1512 963 1562 senatum,
1000 1512 1170 1550 tantum
1209 1512 1274 1550 est
1308 1510 1359 1561 [p.
1387 1520 1455 1550 240

65 1580 98 1606 25
117 1570 381 1621 consecutus,
411 1570 471 1622 ut,
504 1583 599 1609 cum
631 1568 774 1610 subito
807 1568 896 1609 sole
929 1543 1156 1609 obscurato
1188 1583 1275 1609 non
1304 1582 1456 1623 conpa-

117 1627 286 1680 ruisset,
312 1626 487 1669 deorum
512 1627 557 1667 in
581 1642 757 1668 numero
784 1627 1031 1668 conlocatus
1052 1629 1295 1681 putaretur3
1328 1641 1456 1681 quam

119 1685 363 1741 opinionem
394 1700 518 1727 nemo
545 1700 747 1740 umquam
774 1686 971 1727 mortalis
999 1685 1174 1740 adsequi
1199 1686 1342 1740 potuit
1366 1685 1456 1726 sine

118 1744 273 1786 eximia
312 1744 486 1786 virtutis
528 1745 678 1800 gloria.
739 1744 883 1799 Atque
923 1744 1005 1786 hoc
1045 1759 1093 1786 eo
1132 1745 1272 1800 magis
1312 1747 1377 1785 est
1408 1744 1454 1785 in
1480 1749 1524 1786 18

117 1803 302 1845 Romulo
336 1803 651 1857 admirandum,
683 1803 795 1869 quod
827 1803 968 1858 ceteri,
1001 1803 1073 1857 qui
1105 1803 1163 1844 dii
1196 1818 1245 1843 ex
1276 1803 1458 1845 homini-

65 1873 99 1899 30
118 1862 198 1903 bus
228 1861 334 1903 facti
367 1876 459 1903 esse
492 1862 700 1916 dicuntur,
732 1862 872 1903 minus
905 1861 1082 1904 eruditis
1114 1862 1339 1904 hominum
1370 1876 1458 1904 sae-

118 1920 223 1962 culis
254 1920 440 1974 fuerunt,
472 1923 521 1961 ut
551 1920 751 1975 fin'gendi
783 1921 985 1976 proclivis
1018 1924 1130 1962 esset
1154 1921 1279 1975 ratio,
1313 1922 1366 1973 [p.
1389 1931 1455 1962 241

117 1994 215 2022 cum
233 1979 423 2034 imperiti
442 1978 570 2021 facile
595 1956 649 2020 ad
668 1980 921 2021 credendum
941 1980 1123 2034 inpellei
1126 1982 1262 2034 entur,
1283 1979 1459 2021 Romuli

118 2040 262 2080 autem
295 2040 483 2079 aetatem
515 2038 656 2079 minus
687 2038 755 2079 his
789 2040 993 2080 sescentis
1027 2039 1149 2080 annis
1180 2039 1267 2080 iam
1300 2039 1458 2080 invete-

118 2097 224 2138 ratis
266 2097 424 2138 litteris
458 2100 586 2151 atque
619 2097 824 2138 doctrinis
856 2097 1056 2152 omnique
1087 2098 1164 2139 illo
1198 2097 1375 2152 antiquo
1408 2111 1458 2138 ex

65 2167 100 2193 35
119 2156 281 2197 inculta
318 2155 542 2197 hominum
573 2156 664 2197 vita
695 2170 837 2198 errore
869 2157 1039 2198 sublato
1070 2156 1203 2198 fuisse
1235 2156 1458 2198 cernimus.

118 2213 232 2256 Nam
270 2214 323 2268 si,
363 2215 407 2256 id
445 2214 560 2269 quod
597 2213 857 2256 Graecorum
894 2215 1182 2270 investigatur
1219 2214 1458 2267 annalibus,

118 2272 258 2315 Roma
289 2273 461 2315 condita
487 2276 553 2314 est
579 2273 762 2315 secundo
793 2288 903 2315 anno
930 2273 1197 2328 Olympiadis
1225 2275 1458 2327 septumae,
