<?xml version="1.0" encoding="UTF-8"?>
<!DOCTYPE html PUBLIC "-//W3C//DTD XHTML 1.0 Transitional//EN"
    "http://www.w3.org/TR/xhtml1/DTD/xhtml1-transitional.dtd">
<html xmlns="http://www.w3.org/1999/xhtml" xml:lang="en" lang="en">
 <head>
  <title>
</title>
<meta http-equiv="Content-Type" content="text/html;charset=utf-8" />
  <meta name='ocr-system' content='tesseract 3.04.00' />
  <meta name='ocr-capabilities' content='ocr_page ocr_carea ocr_par ocr_line ocrx_word'/>
</head>
<body>
  <div class='ocr_page' id='page_1' title='image "./p2scriptaquaemanse04ciceuoft_0334.png"; bbox 0 0 1685 2568; ppageno 0'>
   <div class='ocr_carea' id='block_1_1' title="bbox 1647 0 1685 2182">
    <p class='ocr_par' dir='ltr' id='par_1_1' title="bbox 1647 0 1685 2182">
     <span class='ocr_line' id='line_1_1' title="bbox 1661 0 1685 236; baseline 0 0"><span class='ocrx_word' id='word_1_1' title='bbox 1661 0 1685 236; x_wconf 95' lang='lat' dir='ltr'>  </span> 
     </span>
     <span class='ocr_line' id='line_1_2' title="bbox 1659 236 1685 486; baseline 0 -133"><span class='ocrx_word' id='word_1_2' title='bbox 1659 236 1685 486; x_wconf 95' lang='lat' dir='ltr'>     </span> 
     </span>
     <span class='ocr_line' id='line_1_3' title="bbox 1656 486 1684 960; baseline 0 0"><span class='ocrx_word' id='word_1_3' title='bbox 1656 486 1684 960; x_wconf 95' lang='lat' dir='ltr'>   </span> 
     </span>
     <span class='ocr_line' id='line_1_4' title="bbox 1652 1207 1676 1525; baseline 0 0"><span class='ocrx_word' id='word_1_4' title='bbox 1652 1207 1676 1525; x_wconf 95' lang='lat' dir='ltr'>    </span> 
     </span>
     <span class='ocr_line' id='line_1_5' title="bbox 1649 1644 1669 1930; baseline 0 -53"><span class='ocrx_word' id='word_1_5' title='bbox 1649 1644 1669 1930; x_wconf 95' lang='lat' dir='ltr'>   </span> 
     </span>
     <span class='ocr_line' id='line_1_6' title="bbox 1647 1990 1664 2182; baseline 0 0"><span class='ocrx_word' id='word_1_6' title='bbox 1647 1990 1664 2182; x_wconf 95' lang='lat' dir='ltr'>   </span> <span class='ocrx_word' id='word_1_7' title='bbox 1659 2026 1664 2175; x_wconf 95' lang='lat' dir='ltr'>  </span> 
     </span>
    </p>
   </div>
   <div class='ocr_carea' id='block_1_2' title="bbox 288 72 1151 114">
    <p class='ocr_par' dir='ltr' id='par_1_2' title="bbox 288 72 1151 114">
     <span class='ocr_line' id='line_1_7' title="bbox 288 72 1151 114; baseline -0.002 -6"><span class='ocrx_word' id='word_1_8' title='bbox 288 72 375 114; x_wconf 83' lang='grc'>282</span> <span class='ocrx_word' id='word_1_9' title='bbox 765 72 831 108; x_wconf 87' lang='lat' dir='ltr'>DE</span> <span class='ocrx_word' id='word_1_10' title='bbox 856 72 919 107; x_wconf 86' lang='lat' dir='ltr'>RE</span> <span class='ocrx_word' id='word_1_11' title='bbox 945 72 1151 107; x_wconf 89' lang='lat' dir='ltr'>PUBLICA</span> 
     </span>
    </p>
   </div>
   <div class='ocr_carea' id='block_1_3' title="bbox 288 167 1682 810">
    <p class='ocr_par' dir='ltr' id='par_1_3' title="bbox 288 167 1671 399">
     <span class='ocr_line' id='line_1_8' title="bbox 288 167 1671 232; baseline 0 -22"><span class='ocrx_word' id='word_1_12' title='bbox 288 171 449 224; x_wconf 88' lang='lat' dir='ltr'>natam,</span> <span class='ocrx_word' id='word_1_13' title='bbox 474 171 574 224; x_wconf 91' lang='lat' dir='ltr'>post</span> <span class='ocrx_word' id='word_1_14' title='bbox 600 171 745 211; x_wconf 88' lang='lat' dir='ltr'>autem</span> <span class='ocrx_word' id='word_1_15' title='bbox 772 169 825 211; x_wconf 89' lang='lat' dir='ltr'>ab</span> <span class='ocrx_word' id='word_1_16' title='bbox 851 168 1030 210; x_wconf 83' lang='lat' dir='ltr'>Eudoxo</span> <span class='ocrx_word' id='word_1_17' title='bbox 1056 167 1220 222; x_wconf 85' lang='lat' dir='ltr'>Cnidio,</span> <span class='ocrx_word' id='word_1_18' title='bbox 1254 168 1474 223; x_wconf 86' lang='lat' dir='ltr'>discipulo,</span> <span class='ocrx_word' id='word_1_19' title='bbox 1498 171 1548 210; x_wconf 91' lang='lat' dir='ltr'>ut</span> <span class='ocrx_word' id='word_1_20' title='bbox 1571 168 1630 210; x_wconf 85' lang='lat' dir='ltr'>fe·</span> <span class='ocrx_word' id='word_1_21' title='bbox 1667 179 1671 232; x_wconf 68' lang='grc' dir='ltr'><strong>Ῑ</strong></span> 
     </span>
     <span class='ocr_line' id='line_1_9' title="bbox 289 227 1670 282; baseline 0 -13"><span class='ocrx_word' id='word_1_22' title='bbox 289 229 431 282; x_wconf 87' lang='lat' dir='ltr'>rebat,</span> <span class='ocrx_word' id='word_1_23' title='bbox 462 227 677 282; x_wconf 88' lang='lat' dir='ltr'>Platonis,</span> <span class='ocrx_word' id='word_1_24' title='bbox 716 228 893 269; x_wconf 88' lang='lat' dir='ltr'>eandem</span> <span class='ocrx_word' id='word_1_25' title='bbox 924 227 1046 268; x_wconf 88' lang='lat' dir='ltr'>illam</span> <span class='ocrx_word' id='word_1_26' title='bbox 1079 227 1209 268; x_wconf 89' lang='lat' dir='ltr'>astris</span> <span class='ocrx_word' id='word_1_27' title='bbox 1242 227 1483 282; x_wconf 83' lang='lat' dir='ltr'>stellisque,</span> <span class='ocrx_word' id='word_1_28' title='bbox 1522 242 1630 282; x_wconf 87' lang='lat' dir='ltr'>quae</span> <span class='ocrx_word' id='word_1_29' title='bbox 1668 233 1670 253; x_wconf 60' lang='lat'>³</span> 
     </span>
     <span class='ocr_line' id='line_1_10' title="bbox 289 265 1670 342; baseline -0.002 -14"><span class='ocrx_word' id='word_1_30' title='bbox 289 305 324 338; x_wconf 85' lang='lat' dir='ltr'>p.</span> <span class='ocrx_word' id='word_1_31' title='bbox 346 288 408 339; x_wconf 84' lang='grc'>65]</span> <span class='ocrx_word' id='word_1_32' title='bbox 435 287 553 328; x_wconf 89' lang='lat' dir='ltr'>caelo</span> <span class='ocrx_word' id='word_1_33' title='bbox 576 287 861 340; x_wconf 70' lang='lat' dir='ltr'>inhaererent,</span> <span class='ocrx_word' id='word_1_34' title='bbox 888 300 992 342; x_wconf 43' lang='lat' dir='ltr'>eslse</span> <span class='ocrx_word' id='word_1_35' title='bbox 1013 286 1290 340; x_wconf 72' lang='lat' dir='ltr'>deseriptam3</span> <span class='ocrx_word' id='word_1_36' title='bbox 1321 285 1440 327; x_wconf 89' lang='lat' dir='ltr'>euius</span> <span class='ocrx_word' id='word_1_37' title='bbox 1461 300 1630 327; x_wconf 87' lang='lat' dir='ltr'>omnem</span> <span class='ocrx_word' id='word_1_38' title='bbox 1667 265 1670 324; x_wconf 83' lang='grc'>1</span> 
     </span>
     <span class='ocr_line' id='line_1_11' title="bbox 289 343 1630 399; baseline -0.001 -12"><span class='ocrx_word' id='word_1_39' title='bbox 289 348 490 387; x_wconf 86' lang='lat' dir='ltr'>ornatum</span> <span class='ocrx_word' id='word_1_40' title='bbox 523 347 566 386; x_wconf 89' lang='lat' dir='ltr'>et</span> <span class='ocrx_word' id='word_1_41' title='bbox 597 345 927 399; x_wconf 90' lang='lat' dir='ltr'>descriptionem</span> <span class='ocrx_word' id='word_1_42' title='bbox 959 347 1176 399; x_wconf 88' lang='lat' dir='ltr'>sumptam</span> <span class='ocrx_word' id='word_1_43' title='bbox 1203 344 1256 385; x_wconf 87' lang='lat' dir='ltr'>ab</span> <span class='ocrx_word' id='word_1_44' title='bbox 1276 343 1455 386; x_wconf 83' lang='lat' dir='ltr'>Eudoxo</span> <span class='ocrx_word' id='word_1_45' title='bbox 1481 344 1630 385; x_wconf 90' lang='lat' dir='ltr'>multis</span> 
     </span>
    </p>

    <p class='ocr_par' dir='ltr' id='par_1_4' title="bbox 289 402 1682 810">
     <span class='ocr_line' id='line_1_12' title="bbox 290 402 1669 459; baseline -0.002 -14"><span class='ocrx_word' id='word_1_46' title='bbox 290 404 413 445; x_wconf 86' lang='lat' dir='ltr'>annis</span> <span class='ocrx_word' id='word_1_47' title='bbox 446 406 546 459; x_wconf 89' lang='lat' dir='ltr'>post</span> <span class='ocrx_word' id='word_1_48' title='bbox 576 418 662 444; x_wconf 88' lang='lat' dir='ltr'>non</span> <span class='ocrx_word' id='word_1_49' title='bbox 694 403 958 458; x_wconf 69' lang='lat' dir='ltr'>astrologiae</span> <span class='ocrx_word' id='word_1_50' title='bbox 991 402 1186 456; x_wconf 86' lang='lat' dir='ltr'>scientia,</span> <span class='ocrx_word' id='word_1_51' title='bbox 1225 403 1300 444; x_wconf 86' lang='lat' dir='ltr'>sed</span> <span class='ocrx_word' id='word_1_52' title='bbox 1329 403 1500 458; x_wconf 73' lang='lat' dir='ltr'>poetica</span> <span class='ocrx_word' id='word_1_53' title='bbox 1531 416 1669 457; x_wconf 77' lang='lat' dir='ltr'>qua-5</span> 
     </span>
     <span class='ocr_line' id='line_1_13' title="bbox 290 460 1632 504; baseline -0.001 0"><span class='ocrx_word' id='word_1_54' title='bbox 290 463 389 504; x_wconf 88' lang='lat' dir='ltr'>dam</span> <span class='ocrx_word' id='word_1_55' title='bbox 419 462 627 503; x_wconf 87' lang='lat' dir='ltr'>facultate</span> <span class='ocrx_word' id='word_1_56' title='bbox 658 461 853 503; x_wconf 85' lang='lat' dir='ltr'>versibus</span> <span class='ocrx_word' id='word_1_57' title='bbox 885 461 1071 502; x_wconf 89' lang='lat' dir='ltr'>Aratum</span> <span class='ocrx_word' id='word_1_58' title='bbox 1103 461 1318 503; x_wconf 73' lang='lat' dir='ltr'><strong>extulisse.</strong></span> <span class='ocrx_word' id='word_1_59' title='bbox 1360 460 1456 503; x_wconf 84' lang='lat' dir='ltr'>Hoc</span> <span class='ocrx_word' id='word_1_60' title='bbox 1487 464 1632 503; x_wconf 90' lang='lat' dir='ltr'>autem</span> 
     </span>
     <span class='ocr_line' id='line_1_14' title="bbox 292 520 1632 576; baseline -0.001 -14"><span class='ocrx_word' id='word_1_61' title='bbox 292 521 499 575; x_wconf 77' lang='lat' dir='ltr'>sphaerae</span> <span class='ocrx_word' id='word_1_62' title='bbox 532 534 679 576; x_wconf 89' lang='lat' dir='ltr'>genus,</span> <span class='ocrx_word' id='word_1_63' title='bbox 710 520 755 561; x_wconf 88' lang='lat' dir='ltr'>in</span> <span class='ocrx_word' id='word_1_64' title='bbox 787 534 871 574; x_wconf 89' lang='lat' dir='ltr'>quo</span> <span class='ocrx_word' id='word_1_65' title='bbox 905 520 1008 561; x_wconf 90' lang='lat' dir='ltr'>solis</span> <span class='ocrx_word' id='word_1_66' title='bbox 1041 522 1085 561; x_wconf 91' lang='lat' dir='ltr'>et</span> <span class='ocrx_word' id='word_1_67' title='bbox 1115 520 1242 561; x_wconf 89' lang='lat' dir='ltr'>lunae</span> <span class='ocrx_word' id='word_1_68' title='bbox 1273 522 1416 561; x_wconf 91' lang='lat' dir='ltr'>motus</span> <span class='ocrx_word' id='word_1_69' title='bbox 1441 520 1632 562; x_wconf 75' lang='lat' dir='ltr'>inessent</span> 
     </span>
     <span class='ocr_line' id='line_1_15' title="bbox 291 578 1668 635; baseline -0.001 -15"><span class='ocrx_word' id='word_1_70' title='bbox 291 583 334 620; x_wconf 83' lang='lat' dir='ltr'>et</span> <span class='ocrx_word' id='word_1_71' title='bbox 372 594 518 620; x_wconf 90' lang='lat' dir='ltr'>earum</span> <span class='ocrx_word' id='word_1_72' title='bbox 558 579 743 632; x_wconf 82' lang='lat' dir='ltr'>quinque</span> <span class='ocrx_word' id='word_1_73' title='bbox 783 578 1026 633; x_wconf 86' lang='lat' dir='ltr'>stellarum,</span> <span class='ocrx_word' id='word_1_74' title='bbox 1065 593 1172 633; x_wconf 89' lang='lat' dir='ltr'>quae</span> <span class='ocrx_word' id='word_1_75' title='bbox 1210 581 1403 620; x_wconf 85' lang='lat' dir='ltr'>errantes</span> <span class='ocrx_word' id='word_1_76' title='bbox 1435 581 1478 620; x_wconf 92' lang='lat' dir='ltr'>et</span> <span class='ocrx_word' id='word_1_77' title='bbox 1510 579 1633 633; x_wconf 89' lang='lat' dir='ltr'>quasi</span> <span class='ocrx_word' id='word_1_78' title='bbox 1666 619 1668 635; x_wconf 34' lang='lat' dir='ltr'><strong><em>s</em></strong></span> 
     </span>
     <span class='ocr_line' id='line_1_16' title="bbox 293 637 1633 693; baseline 0.001 -14"><span class='ocrx_word' id='word_1_79' title='bbox 293 652 428 693; x_wconf 84' lang='lat' dir='ltr'>vagae</span> <span class='ocrx_word' id='word_1_80' title='bbox 465 637 809 690; x_wconf 78' lang='lat' dir='ltr'>nominarentur,</span> <span class='ocrx_word' id='word_1_81' title='bbox 847 637 894 678; x_wconf 89' lang='lat' dir='ltr'>in</span> <span class='ocrx_word' id='word_1_82' title='bbox 929 637 1008 679; x_wconf 89' lang='lat' dir='ltr'>illa</span> <span class='ocrx_word' id='word_1_83' title='bbox 1046 637 1230 692; x_wconf 88' lang='lat' dir='ltr'>sphaera</span> <span class='ocrx_word' id='word_1_84' title='bbox 1268 637 1406 679; x_wconf 88' lang='lat' dir='ltr'>solida</span> <span class='ocrx_word' id='word_1_85' title='bbox 1442 652 1530 679; x_wconf 88' lang='lat' dir='ltr'>non</span> <span class='ocrx_word' id='word_1_86' title='bbox 1559 652 1633 693; x_wconf 83' lang='lat' dir='ltr'>po·</span> 
     </span>
     <span class='ocr_line' id='line_1_17' title="bbox 294 693 1682 753; baseline -0.003 -15"><span class='ocrx_word' id='word_1_87' title='bbox 294 697 427 738; x_wconf 87' lang='lat' dir='ltr'>tuisse</span> <span class='ocrx_word' id='word_1_88' title='bbox 458 696 585 749; x_wconf 89' lang='lat' dir='ltr'>finiri,</span> <span class='ocrx_word' id='word_1_89' title='bbox 618 698 747 750; x_wconf 89' lang='lat' dir='ltr'>atque</span> <span class='ocrx_word' id='word_1_90' title='bbox 777 695 823 737; x_wconf 89' lang='lat' dir='ltr'>in</span> <span class='ocrx_word' id='word_1_91' title='bbox 855 710 903 737; x_wconf 91' lang='lat' dir='ltr'>eo</span> <span class='ocrx_word' id='word_1_92' title='bbox 937 696 1235 737; x_wconf 88' lang='lat' dir='ltr'>admirandum</span> <span class='ocrx_word' id='word_1_93' title='bbox 1267 710 1360 737; x_wconf 89' lang='lat' dir='ltr'>esse</span> <span class='ocrx_word' id='word_1_94' title='bbox 1384 693 1682 753; x_wconf 58' lang='lat' dir='ltr'>inventumls⁴</span> 
     </span>
     <span class='ocr_line' id='line_1_18' title="bbox 289 754 1666 810; baseline 0.001 -14"><span class='ocrx_word' id='word_1_95' title='bbox 289 775 325 807; x_wconf 88' lang='lat' dir='ltr'>p.</span> <span class='ocrx_word' id='word_1_96' title='bbox 353 757 414 807; x_wconf 83' lang='grc'>66]</span> <span class='ocrx_word' id='word_1_97' title='bbox 447 754 709 808; x_wconf 80' lang='lat' dir='ltr'>Archimedi,</span> <span class='ocrx_word' id='word_1_98' title='bbox 742 754 855 809; x_wconf 90' lang='lat' dir='ltr'>quod</span> <span class='ocrx_word' id='word_1_99' title='bbox 888 755 1188 810; x_wconf 78' lang='lat' dir='ltr'>excogitasset,</span> <span class='ocrx_word' id='word_1_100' title='bbox 1221 769 1347 809; x_wconf 91' lang='lat' dir='ltr'>quem</span> <span class='ocrx_word' id='word_1_101' title='bbox 1379 754 1433 796; x_wconf 88' lang='lat' dir='ltr'>ad</span> <span class='ocrx_word' id='word_1_102' title='bbox 1457 755 1633 797; x_wconf 87' lang='lat' dir='ltr'>modum</span> <span class='ocrx_word' id='word_1_103' title='bbox 1664 800 1666 804; x_wconf 12' lang='grc' dir='ltr'>μ</span> 
     </span>
    </p>
   </div>
   <div class='ocr_carea' id='block_1_4' title="bbox 289 806 1685 927">
    <p class='ocr_par' dir='ltr' id='par_1_5' title="bbox 289 806 1685 927">
     <span class='ocr_line' id='line_1_19' title="bbox 289 806 1666 872; baseline 0.001 -18"><span class='ocrx_word' id='word_1_104' title='bbox 289 814 334 855; x_wconf 89' lang='lat' dir='ltr'>in</span> <span class='ocrx_word' id='word_1_105' title='bbox 366 813 669 854; x_wconf 86' lang='lat' dir='ltr'>dissimillimis</span> <span class='ocrx_word' id='word_1_106' title='bbox 702 813 892 854; x_wconf 87' lang='lat' dir='ltr'>motibus</span> <span class='ocrx_word' id='word_1_107' title='bbox 925 813 1219 868; x_wconf 86' lang='lat' dir='ltr'>inaequabiles</span> <span class='ocrx_word' id='word_1_108' title='bbox 1245 816 1289 855; x_wconf 88' lang='lat' dir='ltr'>et</span> <span class='ocrx_word' id='word_1_109' title='bbox 1313 813 1457 855; x_wconf 84' lang='lat' dir='ltr'>varios</span> <span class='ocrx_word' id='word_1_110' title='bbox 1484 828 1632 855; x_wconf 87' lang='lat' dir='ltr'>cursus</span> <span class='ocrx_word' id='word_1_111' title='bbox 1664 806 1666 872; x_wconf 54' lang='lat' dir='ltr'>J</span> 
     </span>
     <span class='ocr_line' id='line_1_20' title="bbox 291 871 1685 927; baseline 0.001 -13"><span class='ocrx_word' id='word_1_112' title='bbox 291 875 483 914; x_wconf 86' lang='lat' dir='ltr'>servaret</span> <span class='ocrx_word' id='word_1_113' title='bbox 519 887 605 913; x_wconf 89' lang='lat' dir='ltr'>una</span> <span class='ocrx_word' id='word_1_114' title='bbox 643 872 876 913; x_wconf 82' lang='lat' dir='ltr'>conversio.</span> <span class='ocrx_word' id='word_1_115' title='bbox 932 872 1055 914; x_wconf 87' lang='lat' dir='ltr'>Hanc</span> <span class='ocrx_word' id='word_1_116' title='bbox 1092 872 1320 927; x_wconf 83' lang='lat' dir='ltr'>sphaeram</span> <span class='ocrx_word' id='word_1_117' title='bbox 1352 871 1504 913; x_wconf 87' lang='lat' dir='ltr'>Gallus</span> <span class='ocrx_word' id='word_1_118' title='bbox 1536 887 1633 914; x_wconf 89' lang='lat' dir='ltr'>cum</span> <span class='ocrx_word' id='word_1_119' title='bbox 1684 909 1685 915; x_wconf 71' lang='grc'>,</span> 
     </span>
    </p>
   </div>
   <div class='ocr_carea' id='block_1_5' title="bbox 288 989 1685 1222">
    <p class='ocr_par' dir='ltr' id='par_1_6' title="bbox 288 989 1685 1222">
     <span class='ocr_line' id='line_1_21' title="bbox 289 989 1685 1048; baseline 0 -17"><span class='ocrx_word' id='word_1_120' title='bbox 289 991 334 1031; x_wconf 86' lang='lat' dir='ltr'>in</span> <span class='ocrx_word' id='word_1_121' title='bbox 365 1004 462 1031; x_wconf 90' lang='lat' dir='ltr'>aere</span> <span class='ocrx_word' id='word_1_122' title='bbox 492 990 583 1044; x_wconf 84' lang='lat' dir='ltr'>illo,</span> <span class='ocrx_word' id='word_1_123' title='bbox 616 992 721 1044; x_wconf 90' lang='lat' dir='ltr'>quot</span> <span class='ocrx_word' id='word_1_124' title='bbox 753 989 901 1031; x_wconf 89' lang='lat' dir='ltr'>diebus</span> <span class='ocrx_word' id='word_1_125' title='bbox 933 989 978 1031; x_wconf 87' lang='lat' dir='ltr'>in</span> <span class='ocrx_word' id='word_1_126' title='bbox 1008 989 1104 1044; x_wconf 90' lang='lat' dir='ltr'>ipso</span> <span class='ocrx_word' id='word_1_127' title='bbox 1132 990 1263 1044; x_wconf 83' lang='lat' dir='ltr'>eaelo,</span> <span class='ocrx_word' id='word_1_128' title='bbox 1296 989 1551 1044; x_wconf 83' lang='lat' dir='ltr'>succederet,</span> <span class='ocrx_word' id='word_1_129' title='bbox 1582 1003 1685 1048; x_wconf 64' lang='lat' dir='ltr'>ele</span> 
     </span>
     <span class='ocr_line' id='line_1_22' title="bbox 290 1048 1685 1103; baseline 0.001 -13"><span class='ocrx_word' id='word_1_130' title='bbox 290 1063 373 1103; x_wconf 89' lang='lat' dir='ltr'>quo</span> <span class='ocrx_word' id='word_1_131' title='bbox 413 1051 456 1090; x_wconf 90' lang='lat' dir='ltr'>et</span> <span class='ocrx_word' id='word_1_132' title='bbox 492 1049 537 1089; x_wconf 87' lang='lat' dir='ltr'>in</span> <span class='ocrx_word' id='word_1_133' title='bbox 576 1049 729 1101; x_wconf 86' lang='lat' dir='ltr'>[caelo]</span> <span class='ocrx_word' id='word_1_134' title='bbox 773 1048 958 1103; x_wconf 87' lang='lat' dir='ltr'>sphaera</span> <span class='ocrx_word' id='word_1_135' title='bbox 989 1048 1093 1090; x_wconf 89' lang='lat' dir='ltr'>solis</span> <span class='ocrx_word' id='word_1_136' title='bbox 1125 1048 1248 1090; x_wconf 91' lang='lat' dir='ltr'>fieret</span> <span class='ocrx_word' id='word_1_137' title='bbox 1279 1048 1427 1090; x_wconf 89' lang='lat' dir='ltr'>eadem</span> <span class='ocrx_word' id='word_1_138' title='bbox 1457 1048 1537 1090; x_wconf 86' lang='lat' dir='ltr'>illa</span> <span class='ocrx_word' id='word_1_139' title='bbox 1567 1048 1634 1090; x_wconf 88' lang='lat' dir='ltr'>de·</span> <span class='ocrx_word' id='word_1_140' title='bbox 1680 1067 1685 1093; x_wconf 73' lang='lat'>1</span> 
     </span>
     <span class='ocr_line' id='line_1_23' title="bbox 288 1107 1685 1162; baseline 0.001 -14"><span class='ocrx_word' id='word_1_141' title='bbox 288 1107 417 1149; x_wconf 86' lang='lat' dir='ltr'>fectio</span> <span class='ocrx_word' id='word_1_142' title='bbox 445 1109 488 1148; x_wconf 92' lang='lat' dir='ltr'>et</span> <span class='ocrx_word' id='word_1_143' title='bbox 512 1107 719 1149; x_wconf 87' lang='lat' dir='ltr'>incideret</span> <span class='ocrx_word' id='word_1_144' title='bbox 744 1107 848 1148; x_wconf 84' lang='lat' dir='ltr'>luna</span> <span class='ocrx_word' id='word_1_145' title='bbox 872 1110 966 1148; x_wconf 89' lang='lat' dir='ltr'>tum</span> <span class='ocrx_word' id='word_1_146' title='bbox 990 1107 1036 1148; x_wconf 86' lang='lat' dir='ltr'>in</span> <span class='ocrx_word' id='word_1_147' title='bbox 1062 1122 1157 1148; x_wconf 91' lang='lat' dir='ltr'>eam</span> <span class='ocrx_word' id='word_1_148' title='bbox 1182 1109 1354 1162; x_wconf 81' lang='lat' dir='ltr'>metam,</span> <span class='ocrx_word' id='word_1_149' title='bbox 1388 1122 1495 1162; x_wconf 85' lang='lat' dir='ltr'>quae</span> <span class='ocrx_word' id='word_1_150' title='bbox 1521 1110 1634 1149; x_wconf 88' lang='lat' dir='ltr'>esset</span> <span class='ocrx_word' id='word_1_151' title='bbox 1678 1126 1685 1152; x_wconf 83' lang='lat'>1</span> 
     </span>
     <span class='ocr_line' id='line_1_24' title="bbox 289 1166 1685 1222; baseline 0.003 -15"><span class='ocrx_word' id='word_1_152' title='bbox 289 1167 443 1208; x_wconf 83' lang='lat' dir='ltr'>umbra</span> <span class='ocrx_word' id='word_1_153' title='bbox 473 1169 626 1220; x_wconf 87' lang='lat' dir='ltr'>terrae,</span> <span class='ocrx_word' id='word_1_154' title='bbox 659 1181 754 1208; x_wconf 88' lang='lat' dir='ltr'>cum</span> <span class='ocrx_word' id='word_1_155' title='bbox 787 1166 853 1207; x_wconf 91' lang='lat' dir='ltr'>sol</span> <span class='ocrx_word' id='word_1_156' title='bbox 886 1180 908 1207; x_wconf 89' lang='lat' dir='ltr'>e</span> <span class='ocrx_word' id='word_1_157' title='bbox 939 1166 1115 1222; x_wconf 83' lang='lat' dir='ltr'>regione</span> <span class='ocrx_word' id='word_1_158' title='bbox 1148 1199 1156 1208; x_wconf 91' lang='lat'>.</span> <span class='ocrx_word' id='word_1_159' title='bbox 1189 1199 1197 1207; x_wconf 92' lang='lat'>.</span> <span class='ocrx_word' id='word_1_160' title='bbox 1231 1199 1239 1207; x_wconf 95' lang='lat'>.</span> <span class='ocrx_word' id='word_1_161' title='bbox 1271 1199 1280 1207; x_wconf 88' lang='lat'>.</span> <span class='ocrx_word' id='word_1_162' title='bbox 1662 1170 1685 1211; x_wconf 72' lang='lat' dir='ltr'>t?</span> 
     </span>
    </p>
   </div>
   <div class='ocr_carea' id='block_1_6' title="bbox 222 1248 1440 1335">
    <p class='ocr_par' dir='ltr' id='par_1_7' title="bbox 222 1248 1440 1335">
     <span class='ocr_line' id='line_1_25' title="bbox 222 1248 1440 1335; baseline -0.002 -44"><span class='ocrx_word' id='word_1_163' title='bbox 222 1294 276 1335; x_wconf 72' lang='lat'>15</span> <span class='ocrx_word' id='word_1_164' title='bbox 479 1248 593 1301; x_wconf 79' lang='lat' dir='ltr'>[Octo</span> <span class='ocrx_word' id='word_1_165' title='bbox 615 1249 798 1302; x_wconf 68' lang='lat' dir='ltr'>payz’nae</span> <span class='ocrx_word' id='word_1_166' title='bbox 828 1248 892 1290; x_wconf 72' lang='lat' dir='ltr'>hic</span> <span class='ocrx_word' id='word_1_167' title='bbox 922 1263 950 1289; x_wconf 88' lang='lat' dir='ltr'>a</span> <span class='ocrx_word' id='word_1_168' title='bbox 978 1249 1100 1290; x_wconf 82' lang='lat' dir='ltr'>Maio</span> <span class='ocrx_word' id='word_1_169' title='bbox 1131 1249 1440 1301; x_wconf 57' lang='lat' dir='ltr'>desider-amma]</span> 
     </span>
    </p>
   </div>
   <div class='ocr_carea' id='block_1_7' title="bbox 217 1317 1685 2138">
    <p class='ocr_par' dir='ltr' id='par_1_8' title="bbox 217 1317 1685 1551">
     <span class='ocr_line' id='line_1_26' title="bbox 217 1317 1663 1376; baseline -0.001 -15"><span class='ocrx_word' id='word_1_170' title='bbox 217 1345 263 1376; x_wconf 77' lang='lat'>23</span> <span class='ocrx_word' id='word_1_171' title='bbox 289 1339 326 1372; x_wconf 90' lang='lat' dir='ltr'>p.</span> <span class='ocrx_word' id='word_1_172' title='bbox 353 1321 414 1372; x_wconf 83' lang='lat'>59]</span> <span class='ocrx_word' id='word_1_173' title='bbox 508 1352 516 1360; x_wconf 92' lang='lat'>.</span> <span class='ocrx_word' id='word_1_174' title='bbox 543 1353 551 1360; x_wconf 90' lang='lat'>.</span> <span class='ocrx_word' id='word_1_175' title='bbox 579 1353 586 1360; x_wconf 94' lang='lat'>.</span> <span class='ocrx_word' id='word_1_176' title='bbox 614 1353 622 1360; x_wconf 93' lang='lat'>.</span> <span class='ocrx_word' id='word_1_177' title='bbox 653 1318 755 1373; x_wconf 87' lang='lat' dir='ltr'>fuit,</span> <span class='ocrx_word' id='word_1_178' title='bbox 798 1318 913 1373; x_wconf 91' lang='lat' dir='ltr'>quod</span> <span class='ocrx_word' id='word_1_179' title='bbox 950 1321 993 1361; x_wconf 92' lang='lat' dir='ltr'>et</span> <span class='ocrx_word' id='word_1_180' title='bbox 1022 1318 1115 1374; x_wconf 88' lang='lat' dir='ltr'>ipse</span> <span class='ocrx_word' id='word_1_181' title='bbox 1147 1317 1366 1360; x_wconf 87' lang='lat' dir='ltr'>hominem</span> <span class='ocrx_word' id='word_1_182' title='bbox 1399 1317 1634 1373; x_wconf 86' lang='lat' dir='ltr'>diligebam</span> <span class='ocrx_word' id='word_1_183' title='bbox 1661 1345 1663 1366; x_wconf 49' lang='lat' dir='ltr'><strong>f</strong></span> 
     </span>
     <span class='ocr_line' id='line_1_27' title="bbox 290 1361 1685 1433; baseline 0 -14"><span class='ocrx_word' id='word_1_184' title='bbox 290 1381 334 1420; x_wconf 92' lang='lat' dir='ltr'>et</span> <span class='ocrx_word' id='word_1_185' title='bbox 372 1378 419 1419; x_wconf 87' lang='lat' dir='ltr'>in</span> <span class='ocrx_word' id='word_1_186' title='bbox 460 1378 611 1433; x_wconf 88' lang='lat' dir='ltr'>primis</span> <span class='ocrx_word' id='word_1_187' title='bbox 655 1377 772 1432; x_wconf 88' lang='lat' dir='ltr'>patri</span> <span class='ocrx_word' id='word_1_188' title='bbox 815 1392 910 1419; x_wconf 88' lang='lat' dir='ltr'>meo</span> <span class='ocrx_word' id='word_1_189' title='bbox 951 1377 1088 1419; x_wconf 86' lang='lat' dir='ltr'>Paulo</span> <span class='ocrx_word' id='word_1_190' title='bbox 1132 1377 1363 1432; x_wconf 89' lang='lat' dir='ltr'>probatum</span> <span class='ocrx_word' id='word_1_191' title='bbox 1405 1379 1447 1418; x_wconf 89' lang='lat' dir='ltr'>et</span> <span class='ocrx_word' id='word_1_192' title='bbox 1488 1361 1685 1419; x_wconf 61' lang='lat' dir='ltr'>carum?p</span> 
     </span>
     <span class='ocr_line' id='line_1_28' title="bbox 288 1435 1634 1493; baseline -0.001 -14"><span class='ocrx_word' id='word_1_193' title='bbox 288 1437 422 1479; x_wconf 84' lang='lat' dir='ltr'>fuisse</span> <span class='ocrx_word' id='word_1_194' title='bbox 461 1451 758 1493; x_wconf 86' lang='lat' dir='ltr'>cognoveram.</span> <span class='ocrx_word' id='word_1_195' title='bbox 813 1436 991 1478; x_wconf 86' lang='lat' dir='ltr'>Memini</span> <span class='ocrx_word' id='word_1_196' title='bbox 1028 1451 1095 1477; x_wconf 89' lang='lat' dir='ltr'>me</span> <span class='ocrx_word' id='word_1_197' title='bbox 1131 1436 1360 1477; x_wconf 81' lang='lat' dir='ltr'>admodum</span> <span class='ocrx_word' id='word_1_198' title='bbox 1393 1435 1634 1478; x_wconf 88' lang='lat' dir='ltr'>adulescen-</span> 
     </span>
     <span class='ocr_line' id='line_1_29' title="bbox 289 1494 1685 1551; baseline -0.002 -13"><span class='ocrx_word' id='word_1_199' title='bbox 289 1496 396 1551; x_wconf 89' lang='lat' dir='ltr'>tulo,</span> <span class='ocrx_word' id='word_1_200' title='bbox 427 1511 524 1537; x_wconf 87' lang='lat' dir='ltr'>eum</span> <span class='ocrx_word' id='word_1_201' title='bbox 555 1498 680 1551; x_wconf 87' lang='lat' dir='ltr'>pater</span> <span class='ocrx_word' id='word_1_202' title='bbox 710 1495 756 1536; x_wconf 90' lang='lat' dir='ltr'>in</span> <span class='ocrx_word' id='word_1_203' title='bbox 780 1494 1031 1537; x_wconf 88' lang='lat' dir='ltr'>Macedonia</span> <span class='ocrx_word' id='word_1_204' title='bbox 1062 1495 1210 1536; x_wconf 89' lang='lat' dir='ltr'>consul</span> <span class='ocrx_word' id='word_1_205' title='bbox 1238 1497 1351 1536; x_wconf 90' lang='lat' dir='ltr'>esset</span> <span class='ocrx_word' id='word_1_206' title='bbox 1377 1498 1420 1536; x_wconf 91' lang='lat' dir='ltr'>et</span> <span class='ocrx_word' id='word_1_207' title='bbox 1444 1509 1633 1536; x_wconf 89' lang='lat' dir='ltr'>essemus</span> <span class='ocrx_word' id='word_1_208' title='bbox 1681 1538 1685 1545; x_wconf 48' lang='grc'>,</span> 
     </span>
    </p>

    <p class='ocr_par' dir='ltr' id='par_1_9' title="bbox 289 1536 1685 1609">
     <span class='ocr_line' id='line_1_30' title="bbox 289 1537 1685 1609; baseline -0.001 -13"><span class='ocrx_word' id='word_1_209' title='bbox 289 1555 335 1597; x_wconf 86' lang='lat' dir='ltr'>in</span> <span class='ocrx_word' id='word_1_210' title='bbox 366 1554 539 1609; x_wconf 83' lang='lat' dir='ltr'>eastris,</span> <span class='ocrx_word' id='word_1_211' title='bbox 576 1554 825 1609; x_wconf 87' lang='lat' dir='ltr'>perturbari</span> <span class='ocrx_word' id='word_1_212' title='bbox 857 1554 1091 1596; x_wconf 82' lang='lat' dir='ltr'>exercitum</span> <span class='ocrx_word' id='word_1_213' title='bbox 1120 1555 1319 1595; x_wconf 87' lang='lat' dir='ltr'>nostrum</span> <span class='ocrx_word' id='word_1_214' title='bbox 1350 1553 1559 1609; x_wconf 87' lang='lat' dir='ltr'>religione</span> <span class='ocrx_word' id='word_1_215' title='bbox 1592 1556 1634 1595; x_wconf 88' lang='lat' dir='ltr'>et</span> <span class='ocrx_word' id='word_1_216' title='bbox 1674 1537 1685 1563; x_wconf 50' lang='grc' dir='ltr'>θ’</span> 
     </span>
    </p>

    <p class='ocr_par' dir='ltr' id='par_1_10' title="bbox 290 1612 1635 1668">
     <span class='ocr_line' id='line_1_31' title="bbox 290 1612 1635 1668; baseline 0 -13"><span class='ocrx_word' id='word_1_217' title='bbox 290 1616 420 1668; x_wconf 89' lang='lat' dir='ltr'>metu,</span> <span class='ocrx_word' id='word_1_218' title='bbox 453 1613 567 1668; x_wconf 89' lang='lat' dir='ltr'>quod</span> <span class='ocrx_word' id='word_1_219' title='bbox 598 1628 748 1654; x_wconf 87' lang='lat' dir='ltr'>serena</span> <span class='ocrx_word' id='word_1_220' title='bbox 778 1615 903 1655; x_wconf 90' lang='lat' dir='ltr'>nocte</span> <span class='ocrx_word' id='word_1_221' title='bbox 929 1613 1073 1654; x_wconf 88' lang='lat' dir='ltr'>subito</span> <span class='ocrx_word' id='word_1_222' title='bbox 1100 1612 1284 1654; x_wconf 86' lang='lat' dir='ltr'>candens</span> <span class='ocrx_word' id='word_1_223' title='bbox 1311 1614 1354 1654; x_wconf 94' lang='lat' dir='ltr'>et</span> <span class='ocrx_word' id='word_1_224' title='bbox 1379 1612 1507 1667; x_wconf 88' lang='lat' dir='ltr'>plena</span> <span class='ocrx_word' id='word_1_225' title='bbox 1533 1613 1635 1655; x_wconf 86' lang='lat' dir='ltr'>luna</span> 
     </span>
    </p>

    <p class='ocr_par' dir='ltr' id='par_1_11' title="bbox 292 1671 1652 1726">
     <span class='ocr_line' id='line_1_32' title="bbox 292 1671 1652 1726; baseline -0.001 -12"><span class='ocrx_word' id='word_1_226' title='bbox 292 1672 527 1714; x_wconf 82' lang='lat' dir='ltr'>defecisset.</span> <span class='ocrx_word' id='word_1_227' title='bbox 583 1671 693 1713; x_wconf 88' lang='lat' dir='ltr'>Tum</span> <span class='ocrx_word' id='word_1_228' title='bbox 729 1672 821 1726; x_wconf 87' lang='lat' dir='ltr'>ille,</span> <span class='ocrx_word' id='word_1_229' title='bbox 859 1686 955 1714; x_wconf 90' lang='lat' dir='ltr'>cum</span> <span class='ocrx_word' id='word_1_230' title='bbox 993 1672 1164 1726; x_wconf 89' lang='lat' dir='ltr'>legatus</span> <span class='ocrx_word' id='word_1_231' title='bbox 1195 1673 1344 1713; x_wconf 90' lang='lat' dir='ltr'>noster</span> <span class='ocrx_word' id='word_1_232' title='bbox 1376 1673 1490 1712; x_wconf 86' lang='lat' dir='ltr'>esset</span> <span class='ocrx_word' id='word_1_233' title='bbox 1521 1684 1652 1713; x_wconf 78' lang='lat' dir='ltr'>anno:</span> 
     </span>
    </p>

    <p class='ocr_par' dir='ltr' id='par_1_12' title="bbox 290 1729 1635 1785">
     <span class='ocr_line' id='line_1_33' title="bbox 290 1729 1635 1785; baseline -0.001 -12"><span class='ocrx_word' id='word_1_234' title='bbox 290 1751 325 1783; x_wconf 66' lang='lat' dir='ltr'>p.</span> <span class='ocrx_word' id='word_1_235' title='bbox 353 1733 414 1783; x_wconf 81' lang='grc'>60]</span> <span class='ocrx_word' id='word_1_236' title='bbox 452 1731 541 1772; x_wconf 88' lang='lat' dir='ltr'>fere</span> <span class='ocrx_word' id='word_1_237' title='bbox 582 1733 699 1784; x_wconf 87' lang='lat' dir='ltr'>ante,</span> <span class='ocrx_word' id='word_1_238' title='bbox 736 1731 742 1785; x_wconf 92' lang='grc' dir='ltr'>Ι</span> <span class='ocrx_word' id='word_1_239' title='bbox 780 1745 909 1785; x_wconf 86' lang='lat' dir='ltr'>quam</span> <span class='ocrx_word' id='word_1_240' title='bbox 941 1730 1089 1772; x_wconf 90' lang='lat' dir='ltr'>consul</span> <span class='ocrx_word' id='word_1_241' title='bbox 1122 1732 1188 1771; x_wconf 89' lang='lat' dir='ltr'>est</span> <span class='ocrx_word' id='word_1_242' title='bbox 1219 1729 1479 1776; x_wconf 81' lang='lat' dir='ltr'>declaratus.</span> <span class='ocrx_word' id='word_1_243' title='bbox 1520 1729 1635 1772; x_wconf 87' lang='lat' dir='ltr'>haud</span> 
     </span>
    </p>

    <p class='ocr_par' dir='ltr' id='par_1_13' title="bbox 292 1788 1675 1845">
     <span class='ocr_line' id='line_1_34' title="bbox 292 1788 1675 1845; baseline -0.001 -14"><span class='ocrx_word' id='word_1_244' title='bbox 292 1790 506 1831; x_wconf 83' lang='lat' dir='ltr'>dubitavit</span> <span class='ocrx_word' id='word_1_245' title='bbox 530 1789 738 1845; x_wconf 89' lang='lat' dir='ltr'>postridie</span> <span class='ocrx_word' id='word_1_246' title='bbox 763 1789 911 1844; x_wconf 88' lang='lat' dir='ltr'>palam</span> <span class='ocrx_word' id='word_1_247' title='bbox 935 1789 981 1830; x_wconf 84' lang='lat' dir='ltr'>in</span> <span class='ocrx_word' id='word_1_248' title='bbox 1006 1788 1159 1830; x_wconf 88' lang='lat' dir='ltr'>castris</span> <span class='ocrx_word' id='word_1_249' title='bbox 1186 1788 1335 1830; x_wconf 86' lang='lat' dir='ltr'>docere</span> <span class='ocrx_word' id='word_1_250' title='bbox 1353 1788 1521 1830; x_wconf 86' lang='lat' dir='ltr'>nullum</span> <span class='ocrx_word' id='word_1_251' title='bbox 1542 1803 1634 1830; x_wconf 89' lang='lat' dir='ltr'>esse</span> <span class='ocrx_word' id='word_1_252' title='bbox 1672 1817 1675 1823; x_wconf 82' lang='lat'><em>·</em></span> 
     </span>
    </p>

    <p class='ocr_par' dir='ltr' id='par_1_14' title="bbox 290 1847 1685 2021">
     <span class='ocr_line' id='line_1_35' title="bbox 290 1847 1659 1904; baseline -0.001 -14"><span class='ocrx_word' id='word_1_253' title='bbox 290 1848 554 1904; x_wconf 89' lang='lat' dir='ltr'>prodigium,</span> <span class='ocrx_word' id='word_1_254' title='bbox 591 1848 719 1903; x_wconf 91' lang='lat' dir='ltr'>idque</span> <span class='ocrx_word' id='word_1_255' title='bbox 758 1851 800 1890; x_wconf 87' lang='lat' dir='ltr'>et</span> <span class='ocrx_word' id='word_1_256' title='bbox 837 1850 931 1889; x_wconf 88' lang='lat' dir='ltr'>tum</span> <span class='ocrx_word' id='word_1_257' title='bbox 968 1847 1132 1890; x_wconf 85' lang='lat' dir='ltr'>factum</span> <span class='ocrx_word' id='word_1_258' title='bbox 1169 1862 1263 1889; x_wconf 86' lang='lat' dir='ltr'>esse</span> <span class='ocrx_word' id='word_1_259' title='bbox 1295 1849 1338 1889; x_wconf 91' lang='lat' dir='ltr'>et</span> <span class='ocrx_word' id='word_1_260' title='bbox 1369 1847 1497 1889; x_wconf 88' lang='lat' dir='ltr'>certis</span> <span class='ocrx_word' id='word_1_261' title='bbox 1529 1849 1659 1889; x_wconf 89' lang='lat' dir='ltr'>tem-</span> 
     </span>
     <span class='ocr_line' id='line_1_36' title="bbox 290 1905 1659 1962; baseline -0.001 -14"><span class='ocrx_word' id='word_1_262' title='bbox 290 1907 468 1962; x_wconf 91' lang='lat' dir='ltr'>poribus</span> <span class='ocrx_word' id='word_1_263' title='bbox 513 1921 606 1949; x_wconf 89' lang='lat' dir='ltr'>esse</span> <span class='ocrx_word' id='word_1_264' title='bbox 649 1921 817 1962; x_wconf 88' lang='lat' dir='ltr'>semper</span> <span class='ocrx_word' id='word_1_265' title='bbox 860 1906 1072 1961; x_wconf 84' lang='lat' dir='ltr'>futurum,</span> <span class='ocrx_word' id='word_1_266' title='bbox 1116 1921 1212 1948; x_wconf 88' lang='lat' dir='ltr'>cum</span> <span class='ocrx_word' id='word_1_267' title='bbox 1257 1906 1322 1948; x_wconf 88' lang='lat' dir='ltr'>sol</span> <span class='ocrx_word' id='word_1_268' title='bbox 1364 1905 1428 1947; x_wconf 87' lang='lat' dir='ltr'>ita</span> <span class='ocrx_word' id='word_1_269' title='bbox 1464 1906 1659 1948; x_wconf 78' lang='lat' dir='ltr'>locatus!</span> 
     </span>
     <span class='ocr_line' id='line_1_37' title="bbox 290 1946 1685 2021; baseline -0.001 -14"><span class='ocrx_word' id='word_1_270' title='bbox 290 1966 461 2021; x_wconf 86' lang='lat' dir='ltr'>fuisset,</span> <span class='ocrx_word' id='word_1_271' title='bbox 502 1969 550 2007; x_wconf 90' lang='lat' dir='ltr'>ut</span> <span class='ocrx_word' id='word_1_272' title='bbox 590 1966 737 2008; x_wconf 88' lang='lat' dir='ltr'>lunam</span> <span class='ocrx_word' id='word_1_273' title='bbox 779 1980 855 2007; x_wconf 89' lang='lat' dir='ltr'>suo</span> <span class='ocrx_word' id='word_1_274' title='bbox 897 1965 1058 2007; x_wconf 87' lang='lat' dir='ltr'>lumine</span> <span class='ocrx_word' id='word_1_275' title='bbox 1094 1980 1183 2007; x_wconf 90' lang='lat' dir='ltr'>non</span> <span class='ocrx_word' id='word_1_276' title='bbox 1218 1966 1366 2020; x_wconf 88' lang='lat' dir='ltr'>posset</span> <span class='ocrx_word' id='word_1_277' title='bbox 1407 1946 1685 2020; x_wconf 59' lang='lat' dir='ltr'>attingere:se</span> 
     </span>
    </p>

    <p class='ocr_par' dir='ltr' id='par_1_15' title="bbox 290 2023 1657 2079">
     <span class='ocr_line' id='line_1_38' title="bbox 290 2023 1657 2079; baseline -0.001 -13"><span class='ocrx_word' id='word_1_278' title='bbox 290 2025 378 2066; x_wconf 79' lang='lat' dir='ltr'>Ain</span> <span class='ocrx_word' id='word_1_279' title='bbox 414 2025 616 2066; x_wconf 80' lang='lat' dir='ltr'>tandem?</span> <span class='ocrx_word' id='word_1_280' title='bbox 653 2024 796 2079; x_wconf 88' lang='lat' dir='ltr'>inquit</span> <span class='ocrx_word' id='word_1_281' title='bbox 827 2024 1016 2079; x_wconf 82' lang='lat' dir='ltr'>Tubero3</span> <span class='ocrx_word' id='word_1_282' title='bbox 1054 2023 1202 2065; x_wconf 85' lang='lat' dir='ltr'>docere</span> <span class='ocrx_word' id='word_1_283' title='bbox 1241 2023 1322 2065; x_wconf 87' lang='lat' dir='ltr'>hoc</span> <span class='ocrx_word' id='word_1_284' title='bbox 1355 2025 1528 2079; x_wconf 88' lang='lat' dir='ltr'>poterat</span> <span class='ocrx_word' id='word_1_285' title='bbox 1559 2023 1657 2065; x_wconf 85' lang='lat' dir='ltr'>ille</span> 
     </span>
    </p>

    <p class='ocr_par' dir='ltr' id='par_1_16' title="bbox 290 2063 1659 2138">
     <span class='ocr_line' id='line_1_39' title="bbox 290 2063 1659 2138; baseline -0.001 -14"><span class='ocrx_word' id='word_1_286' title='bbox 290 2083 486 2125; x_wconf 88' lang='lat' dir='ltr'>homines</span> <span class='ocrx_word' id='word_1_287' title='bbox 530 2098 665 2138; x_wconf 83' lang='lat' dir='ltr'>paene</span> <span class='ocrx_word' id='word_1_288' title='bbox 710 2085 904 2138; x_wconf 85' lang='lat' dir='ltr'>agrestes</span> <span class='ocrx_word' id='word_1_289' title='bbox 947 2086 989 2124; x_wconf 90' lang='lat' dir='ltr'>et</span> <span class='ocrx_word' id='word_1_290' title='bbox 1034 2083 1147 2137; x_wconf 88' lang='lat' dir='ltr'>apud</span> <span class='ocrx_word' id='word_1_291' title='bbox 1187 2082 1411 2137; x_wconf 88' lang='lat' dir='ltr'>imperitos</span> <span class='ocrx_word' id='word_1_292' title='bbox 1450 2063 1659 2124; x_wconf 86' lang='lat' dir='ltr'>audebat</span> 
     </span>
    </p>
   </div>
   <div class='ocr_carea' id='block_1_8' title="bbox 290 2141 1661 2197">
    <p class='ocr_par' dir='ltr' id='par_1_17' title="bbox 290 2141 1661 2197">
     <span class='ocr_line' id='line_1_40' title="bbox 290 2141 1661 2197; baseline -0.001 -13"><span class='ocrx_word' id='word_1_293' title='bbox 290 2141 396 2184; x_wconf 81' lang='lat' dir='ltr'>haec</span> <span class='ocrx_word' id='word_1_294' title='bbox 428 2142 595 2184; x_wconf 79' lang='lat' dir='ltr'>dicere?</span> <span class='ocrx_word' id='word_1_295' title='bbox 633 2142 676 2184; x_wconf 84' lang='lat' dir='ltr'>S.</span> <span class='ocrx_word' id='word_1_296' title='bbox 701 2141 782 2183; x_wconf 87' lang='lat' dir='ltr'>Ille</span> <span class='ocrx_word' id='word_1_297' title='bbox 814 2157 915 2183; x_wconf 88' lang='lat' dir='ltr'>vero</span> <span class='ocrx_word' id='word_1_298' title='bbox 948 2144 992 2182; x_wconf 91' lang='lat' dir='ltr'>et</span> <span class='ocrx_word' id='word_1_299' title='bbox 1023 2156 1182 2197; x_wconf 84' lang='lat' dir='ltr'>magna</span> <span class='ocrx_word' id='word_1_300' title='bbox 1214 2141 1384 2195; x_wconf 87' lang='lat' dir='ltr'>quidem</span> <span class='ocrx_word' id='word_1_301' title='bbox 1416 2155 1512 2182; x_wconf 86' lang='grc'><strong>011111</strong></span> <span class='ocrx_word' id='word_1_302' title='bbox 1532 2175 1565 2183; x_wconf 94' lang='grc'>..</span> <span class='ocrx_word' id='word_1_303' title='bbox 1587 2174 1595 2182; x_wconf 93' lang='grc'><strong>.</strong></span> <span class='ocrx_word' id='word_1_304' title='bbox 1615 2174 1623 2182; x_wconf 96' lang='grc'><em>.</em></span> <span class='ocrx_word' id='word_1_305' title='bbox 1656 2151 1661 2174; x_wconf 68' lang='lat'><em>1</em></span> 
     </span>
    </p>
   </div>
   <div class='ocr_carea' id='block_1_9' title="bbox 222 2215 1685 2427">
    <p class='ocr_par' dir='ltr' id='par_1_18' title="bbox 222 2215 1685 2427">
     <span class='ocr_line' id='line_1_41' title="bbox 341 2215 1685 2281; baseline 0.002 -16"><span class='ocrx_word' id='word_1_306' title='bbox 341 2224 442 2277; x_wconf 63' lang='lat' dir='ltr'><em>[Hic</em></span> <span class='ocrx_word' id='word_1_307' title='bbox 472 2224 593 2266; x_wconf 76' lang='lat' dir='ltr'>Maio</span> <span class='ocrx_word' id='word_1_308' title='bbox 624 2225 729 2266; x_wconf 79' lang='lat' dir='ltr'>duae</span> <span class='ocrx_word' id='word_1_309' title='bbox 759 2225 980 2265; x_wconf 68' lang='lat' dir='ltr'>minimum</span> <span class='ocrx_word' id='word_1_310' title='bbox 1003 2225 1184 2277; x_wconf 62' lang='lat' dir='ltr'>paginae</span> <span class='ocrx_word' id='word_1_311' title='bbox 1214 2224 1402 2265; x_wconf 72' lang='lat' dir='ltr'>videntur</span> <span class='ocrx_word' id='word_1_312' title='bbox 1431 2224 1586 2276; x_wconf 79' lang='lat' dir='ltr'>deesse]</span> <span class='ocrx_word' id='word_1_313' title='bbox 1649 2215 1685 2281; x_wconf 45' lang='lat' dir='ltr'>ffie³</span> 
     </span>
     <span class='ocr_line' id='line_1_42' title="bbox 222 2279 1685 2427; baseline 0.001 -106"><span class='ocrx_word' id='word_1_314' title='bbox 222 2292 265 2322; x_wconf 72' lang='lat'>24</span> <span class='ocrx_word' id='word_1_315' title='bbox 290 2302 325 2335; x_wconf 87' lang='lat' dir='ltr'>p.</span> <span class='ocrx_word' id='word_1_316' title='bbox 354 2285 415 2335; x_wconf 84' lang='lat'>71]</span> <span class='ocrx_word' id='word_1_317' title='bbox 457 2296 581 2336; x_wconf 77' lang='lat' dir='ltr'>neque</span> <span class='ocrx_word' id='word_1_318' title='bbox 617 2281 819 2339; x_wconf 74' lang='lat' dir='ltr'>inlsolens</span> <span class='ocrx_word' id='word_1_319' title='bbox 859 2282 1094 2324; x_wconf 85' lang='lat' dir='ltr'>ostentatio</span> <span class='ocrx_word' id='word_1_320' title='bbox 1132 2296 1269 2336; x_wconf 89' lang='lat' dir='ltr'>neque</span> <span class='ocrx_word' id='word_1_321' title='bbox 1310 2281 1448 2323; x_wconf 88' lang='lat' dir='ltr'>oratio</span> <span class='ocrx_word' id='word_1_322' title='bbox 1481 2279 1685 2427; x_wconf 40' lang='lat' dir='ltr'>abhor-psjt</span> 
     </span>
     <span class='ocr_line' id='line_1_43' title="bbox 1654 2355 1661 2374; baseline 0 -12"><span class='ocrx_word' id='word_1_323' title='bbox 1654 2355 1661 2374; x_wconf 66' lang='lat'>‹=</span> 
     </span>
    </p>
   </div>
   <div class='ocr_carea' id='block_1_10' title="bbox 1646 2404 1662 2568">
    <p class='ocr_par' dir='ltr' id='par_1_19' title="bbox 1646 2371 1662 2568">
     <span class='ocr_line' id='line_1_44' title="bbox 1646 2404 1662 2568; baseline 0 -184"><span class='ocrx_word' id='word_1_324' title='bbox 1646 2404 1662 2568; x_wconf 35' lang='lat' dir='ltr'><strong>fi</strong></span> 
     </span>
    </p>
   </div>
  </div>
 </body>
</html>
