1685 2568
371 89 461 124 LIB.
487 89 531 126 ΙΙ.
564 88 664 125 CAP.
693 93 842 124 11—14.
868 92 888 131 ξ
914 93 1065 124 27-33.
1304 90 1388 132 207

49 199 156 240 quas
199 187 317 226 terra
358 187 572 240 procreet,
614 184 684 226 vel
727 184 972 226 ubertatem
1010 184 1078 225 vel
1116 184 1391 238 tenuitatem3

49 243 353 286 salubritatem
393 243 524 285 etiam
564 245 639 285 aut
675 242 969 298 pestilentiam
1008 242 1116 284 extis
1156 242 1391 298 significari

48 303 185 358 putat.
248 301 283 344 Ο
326 302 556 344 mortalem
598 301 792 343 beatum!
843 301 910 343 cui
954 303 1070 343 certo
1110 300 1197 343 scio
1242 302 1390 343 ludum

47 375 283 416 numquam
322 360 523 415 defuisse3
559 359 742 402 huncine
779 359 999 402 hominem
1035 359 1170 401 tantis
1210 360 1391 402 delecta·

13 431 30 458 5
48 421 142 461 tum
180 433 272 461 esse
303 419 449 475 nugis,
485 420 535 461 ut
565 433 652 461 non
682 418 846 460 videret
877 421 971 460 tum
1001 417 1196 461 futurum
1226 418 1270 460 id
1301 419 1393 461 veri

50 477 208 532 simile,
251 477 289 519 si
326 478 517 520 omnium
553 477 762 532 pecudum
800 480 899 519 exta
935 477 1084 519 eodem
1117 479 1311 532 tempore
1347 478 1393 518 in

49 536 229 579 eundem
277 536 475 578 habitum
518 550 564 578 se
607 536 878 591 coloremque
922 536 1248 578 converterent?
1311 535 1393 577 Sed

49 594 88 637 si
119 594 267 637 eadem
297 595 406 637 hora
437 594 547 637 aliae
578 595 751 650 pecudis
783 595 899 637 iecur
929 595 1114 636 nitidum
1147 597 1275 649 atque
1305 595 1392 650 ple-

47 668 151 695 num
183 656 266 708 est,
304 654 413 696 aliae
444 653 667 695 horridum
699 657 742 695 et
774 654 900 709 exile,
932 654 1034 709 quid
1065 656 1148 708 est,
1181 653 1294 708 quod
1326 654 1393 695 de-

14 725 31 751 ο
50 712 206 755 clarari
236 712 376 768 possit
406 712 559 755 habitu
591 715 787 754 extorum
820 715 862 754 et
893 713 1065 755 colore?
1099 727 1153 754 an
1177 712 1260 754 hoc
1286 712 1392 754 eius-

50 771 146 813 dem
182 771 300 813 modi
331 773 414 825 est,
455 771 582 826 quale
612 770 930 826 Pherecydeum
960 771 1086 826 illud,
1125 771 1239 826 quod
1270 774 1336 813 est
1369 786 1394 813 a

48 833 92 873 te
118 830 307 872 dictum?
340 830 413 885 qui
439 845 534 873 cum
561 845 716 885 aquam
743 845 792 872 ex
821 833 950 885 puteo
976 830 1156 872 vidisset
1178 830 1393 885 haustam,

48 891 188 931 terrae
209 891 376 931 motum
403 888 510 930 dixit
528 888 733 931 futurum.
765 889 936 943 Parum,
962 889 1100 944 credo,
1124 889 1393 944 inpudenter,

52 948 177 1003 quod,
203 962 300 990 cum
324 947 465 990 factus
492 950 558 989 est
583 950 738 1002 motus,
766 948 903 990 dicere
930 948 1099 1002 audent,
1126 962 1234 1003 quae
1259 948 1324 990 vis
1349 948 1394 990 id

51 1006 256 1061 effecerit3
282 1006 467 1048 etiamne
492 1006 685 1048 futurum
713 1021 804 1048 esse
825 1021 960 1061 aquae
979 1007 1092 1062 iugis
1113 1007 1255 1049 colore
1274 1022 1394 1063 prae-

51 1065 271 1109 sentiunt?
320 1065 461 1107 Multa
490 1065 616 1107 istius
648 1065 765 1107 modi
797 1065 995 1107 dicuntur
1025 1066 1072 1107 in
1103 1066 1282 1120 scholis,
1319 1066 1394 1107 sed

51 1124 220 1167 credere
258 1124 402 1166 omnia
437 1124 533 1165 vide
570 1139 623 1165 ne
659 1138 747 1166 non
785 1124 843 1165 sit
873 1138 1056 1166 necesse.
1112 1124 1275 1166 Verum
1308 1125 1394 1166 sint

51 1197 153 1225 sane
189 1182 276 1224 ista
305 1182 580 1224 Democritea
616 1197 735 1236 vera3
773 1182 942 1237 quando
984 1197 1034 1224 ea
1069 1197 1148 1224 nos
1187 1183 1296 1224 extis
1329 1198 1395 1225 ex-

51 1241 290 1297 quirimus?
323 1244 398 1283 aut
430 1241 598 1296 quando
632 1241 795 1296 aliquid
828 1241 916 1283 eius
944 1241 1060 1283 modi
1087 1242 1141 1283 ab
1167 1241 1394 1297 haruspice

49 1299 254 1355 inspectis
293 1300 402 1342 extis
441 1299 712 1342 audivimus?
761 1300 831 1341 Ab
865 1315 976 1355 aqua
1008 1303 1083 1342 aut
1115 1301 1168 1342 ab
1201 1301 1294 1357 igni
1324 1316 1394 1356 pe-

49 1359 187 1402 ricula
223 1361 417 1413 monent3
460 1361 553 1400 tum
589 1359 870 1413 hereditates,
912 1362 1005 1401 tum
1047 1360 1203 1401 damna
1240 1360 1396 1401 denun-

49 1418 181 1472 tiant3
211 1418 362 1460 fissum
385 1417 600 1460 familiare
627 1420 669 1459 et
693 1418 826 1460 vitale
852 1420 1062 1472 tractant3
1088 1421 1217 1474 caput
1241 1419 1395 1461 iecoris

50 1491 102 1519 ex
139 1477 257 1518 omni
291 1478 415 1532 parte
453 1476 785 1533 diligentissime
817 1477 1108 1532 considerant3
1148 1477 1185 1519 si
1216 1492 1318 1519 vero
1350 1478 1394 1519 id

49 1550 138 1578 non
172 1538 238 1578 est
267 1535 509 1590 inventum,
544 1535 654 1577 nihil
685 1538 843 1591 putant
875 1536 1063 1578 accidere
1094 1536 1288 1591 potuisse
1319 1537 1394 1578 tri-

51 1595 172 1637 stius.
226 1593 346 1637 Haec
377 1595 598 1637 observari
629 1597 743 1636 certe
773 1609 861 1637 non
891 1598 1144 1651 potuerunt,
1182 1598 1231 1637 ut
1263 1610 1394 1651 supra

52 1653 187 1696 docui.
248 1652 357 1696 Sunt
392 1653 528 1709 igitur
566 1653 672 1695 artis
710 1654 904 1709 inventa,
944 1669 1031 1696 non
1068 1654 1318 1709 vetustatis,
1358 1669 1396 1696 si

51 1715 118 1755 est
155 1726 225 1754 ars
262 1713 354 1754 ulla
389 1727 533 1754 rerum
566 1713 904 1769 incognitarum3
945 1728 1041 1755 cum
1072 1728 1217 1754 rerum
1250 1715 1396 1755 autem

50 1774 207 1814 natura
238 1785 368 1826 quam
398 1771 700 1827 cognationem
730 1772 922 1813 habent?
962 1786 1071 1827 quae
1102 1775 1150 1814 ut
1181 1787 1266 1814 uno
1299 1787 1395 1814 con-

0 1844 1 1873 1
53 1845 180 1873 sensu
220 1830 368 1872 iuncta
408 1830 465 1872 sit
503 1832 546 1872 et
583 1830 824 1897 continens,
869 1831 982 1886 quod
1019 1830 1141 1873 video
1181 1831 1396 1886 placuisse

51 1889 253 1946 physicis,
285 1889 430 1944 eisque
456 1904 665 1943 maxume,
698 1889 770 1944 qui
796 1904 932 1944 omne,
965 1890 1079 1945 quod
1105 1893 1230 1944 esset,
1261 1905 1394 1932 unum

79 1962 146 1990 sse
183 1948 398 2002 dixerunt,
438 1948 539 2003 quid
576 1923 735 1990 hab⁷ere
772 1949 956 1990 mundus
993 1951 1140 2004 potest
1178 1964 1274 1991 cum
1304 1949 1396 2007 the-

0 2021 5 2064 j
54 2007 170 2058 sauri
199 2006 446 2051 inventione
479 2007 780 2049 coniunctum?
831 2006 876 2049 Si
909 2007 1022 2049 enim
1054 2008 1165 2050 extis
1191 2004 1396 2063 pecuniae

50 2056 159 2108 mihi
191 2065 469 2121 amplificatio
503 2066 744 2108 ostenditur
773 2066 901 2121 idque
932 2067 983 2108 fit
1007 2070 1175 2121 natura,
1207 2067 1397 2122 primum

3 2163 8 2168 .
54 2127 152 2166 exta
183 2127 283 2166 sunt
314 2124 541 2166 coniuncta
571 2125 743 2179 mundo,
775 2125 924 2167 deinde
956 2140 1099 2167 meum
1131 2126 1299 2167 lucrum
1324 2141 1397 2166 na—

2 2178 8 2204 ³
53 2185 152 2225 tura
190 2198 334 2225 rerum
374 2183 628 2226 continetur.
686 2183 841 2226 Nonne
880 2185 1014 2251 pudet
1049 2185 1252 2240 physicos
1290 2184 1395 2225 haec

54 2241 220 2284 dicere?
270 2240 332 2283 Ut
364 2242 476 2283 enim
507 2242 593 2284 iam
628 2243 685 2284 sit
712 2243 856 2297 aliqua
880 2245 926 2285 in
950 2246 1107 2285 natura
1132 2258 1276 2285 rerum
1302 2257 1397 2284 con-

0 2296 10 2365 ‚³
53 2300 191 2357 tagio,
235 2315 364 2356 quam
407 2315 500 2342 esse
543 2301 726 2344 concedo
766 2300 923 2358 (multa
962 2303 1075 2344 enim
1109 2301 1241 2344 Stoici
1280 2301 1394 2343 colli-

1418 724 1458 755 31

1419 1135 1464 1165 32

1411 1576 1466 1617 14

1384 1654 1391 1661 .
1419 1629 1464 1659 33
