1685 2568
184 1052 238 1093 12

182 1104 226 1135 29

184 2255 227 2286 30

251 95 338 136 416
776 94 840 128 DE
866 94 1069 130 LEGfflUS

252 189 433 245 Cylonio
467 190 624 232 scelere
655 190 826 245 expiato
857 189 1111 246 Epimenide
1138 189 1261 232 Crete
1293 191 1498 233 suadente
1528 191 1586 233 fe-

252 251 401 291 cerunt
443 247 738 291 Contumeliae
780 249 929 290 fanum
972 251 1015 289 et
1056 248 1355 304 Inpudentiae3
1402 249 1585 291 virtutes

251 309 377 361 enim,
410 321 498 349 non
528 307 635 349 vitia
665 321 913 349 consecrare
945 307 1075 348 decet.
1136 308 1309 362 Araque
1340 310 1511 350 vetusta
1541 309 1587 349 in

251 366 421 408 Palatio
452 365 602 407 Febris
634 368 678 407 et
709 366 845 407 altera
874 365 1083 420 Esquiliis
1107 365 1248 408 Malae
1272 365 1488 408 Fortunae
1520 366 1587 408 de·

252 428 497 479 testataque
529 424 675 466 omnia
705 424 795 465 eius
826 424 942 465 modi
973 424 1236 479 repudianda
1266 427 1377 466 sunt.
1426 423 1586 474 Quodsi
1605 437 1622 462 ⁵
1677 421 1684 446 ⁵

252 483 453 540 fingenda
489 483 680 536 nomina,
717 481 849 524 Vicae
879 481 1013 524 Potae
1051 482 1195 537 potius
1232 483 1428 525 vincendi
1459 486 1586 538 atque

253 542 466 598 potiundi,
506 540 654 582 Statae
686 541 829 582 standi
859 541 1199 597 cognominaque
1230 540 1415 583 Statoris
1448 545 1491 583 et
1521 542 1588 583 In-

252 601 356 643 victi
391 600 506 642 Iovis
546 614 772 653 rerumque
814 600 1145 655 expetendarum
1181 601 1374 655 nomina,
1415 599 1588 656 Salutis,

252 659 458 712 Honoris,
503 658 624 713 Opis,
668 657 895 700 Victoriae.
957 658 1251 713 Quoniamque
1292 660 1587 714 expectatione

252 733 395 760 rerum
432 718 641 759 bonarum
679 717 860 773 erigitur
891 718 1077 771 animus,
1115 720 1229 760 recte
1261 719 1392 759 etiam
1424 716 1530 773 Spes
1561 734 1587 760 a
1607 730 1639 755 10
1672 716 1684 740 ‘⁰

252 777 452 819 Calatino
490 779 738 818 consecrata
768 779 845 817 est.
905 775 1178 831 Fortunaque
1211 776 1269 817 sit
1299 777 1367 818 vel
1398 776 1586 819 Huiusce

253 836 336 878 diei
380 835 498 892 (nam
540 835 659 876 valet
700 835 746 876 in
789 849 935 876 omnes
981 834 1087 891 dies)
1131 835 1199 876 vel
1243 835 1490 890 Respiciens
1536 836 1589 877 ad

253 909 378 950 opem
415 893 634 935 ferendam
669 894 737 935 vel
767 892 893 947 Fors,
930 894 974 934 in
1007 908 1089 948 quo
1122 894 1274 936 incerti
1305 908 1428 936 casus
1460 895 1589 951 signi-

252 955 435 995 ficantur
472 953 629 1008 magis,
666 952 735 994 vel
766 951 1030 1008 Primigenia
1066 968 1092 994 a
1130 953 1362 1008 gignendo,
1397 952 1588 1006 †comes

252 1016 364 1054 tum.
386 1045 394 1052 .
416 1045 423 1053 .
445 1045 453 1053 .
1607 1023 1640 1049 15
1670 1011 1683 1036 ¹⁵

340 1070 561 1112 Feriarum
598 1069 892 1124 festorumque
931 1070 1093 1112 dierum
1131 1071 1242 1111 ratio
1273 1070 1319 1112 in
1350 1070 1496 1112 liberis
1528 1085 1590 1112 re-

254 1130 440 1185 quietem
472 1129 615 1171 litium
646 1129 778 1170 habet
810 1132 853 1170 et
883 1129 1140 1184 iurgiorum,
1171 1130 1216 1170 in
1248 1129 1380 1171 servis
1413 1144 1589 1184 operum

254 1193 297 1230 et
333 1189 549 1242 laborum3
590 1202 695 1242 quas
732 1187 973 1242 conpositio
1012 1188 1112 1229 anni
1149 1188 1342 1229 conferre
1379 1187 1506 1229 debet
1536 1188 1589 1229 ad

253 1247 558 1303 perfectionem
602 1261 778 1301 operum
823 1246 1092 1288 rusticorum.
1159 1245 1280 1295 Quod
1322 1248 1379 1289 ad
1419 1249 1588 1302 tempus

253 1310 300 1347 ut
346 1306 651 1348 sacrificiorum
694 1305 929 1346 libamenta
973 1307 1197 1347 serventur
1235 1306 1432 1360 fetusque
1468 1320 1590 1361 peco·
1608 1317 1642 1342 2⁰
1669 1306 1683 1331 ²0

254 1381 360 1419 rum,
394 1379 502 1419 quae
528 1364 642 1406 dicta
666 1364 711 1404 in
737 1364 832 1419 lege
859 1367 969 1417 sunt,
1002 1364 1232 1419 diligenter
1255 1364 1453 1405 habenda
1477 1363 1588 1406 ratio

254 1423 535 1465 intercalandi
561 1426 645 1476 est3
672 1422 785 1477 quod
810 1423 1056 1464 institutum
1083 1423 1218 1477 perite
1242 1438 1267 1464 a
1286 1421 1430 1464 Numa
1448 1425 1588 1477 poste-

254 1483 415 1524 riorum
456 1482 708 1537 pontificum
747 1482 1022 1536 neglegentia
1062 1481 1319 1523 dissolutum
1359 1483 1436 1522 est.
1497 1480 1590 1522 Iam

253 1541 363 1583 illud
396 1555 447 1583 ex
478 1541 690 1582 institutis
722 1540 971 1595 pontificum
1005 1543 1047 1581 et
1077 1540 1354 1595 haruspicum
1383 1554 1471 1582 non
1502 1555 1590 1581 mu-

252 1600 432 1642 tandum
464 1602 540 1651 est,
573 1599 727 1654 quibus
759 1599 913 1640 hostiis
944 1599 1254 1640 immolandum
1286 1599 1470 1653 quoique
1499 1599 1588 1665 deo,
1607 1609 1640 1635 2⁵
1668 1600 1682 1625 ²⁵

254 1659 355 1714 quoi
386 1634 638 1712 maioribus,
676 1658 777 1712 quoi
807 1657 1084 1711 lactentibus,
1117 1657 1217 1724 quoi
1248 1657 1457 1711 maribus,
1490 1657 1589 1712 quoi

252 1718 436 1759 feminis.
497 1716 648 1759 Plures
687 1719 831 1758 autem
863 1716 1038 1757 deorum
1070 1716 1277 1771 omnium,
1314 1716 1475 1772 singuli
1507 1716 1591 1757 sin-

255 1777 455 1832 gulorum
494 1776 733 1818 sacerdotes
773 1777 815 1816 et
845 1775 1129 1829 respondendi
1159 1775 1265 1816 iuris
1296 1777 1340 1816 011
1370 1775 1590 1817 conficien-

255 1836 405 1876 darum
424 1835 683 1890 religionum
701 1834 955 1875 facultatem
976 1834 1186 1875 adferunt.
1218 1832 1440 1888 Quomque
1454 1833 1589 1875 Vesta

255 1894 377 1948 quasi
415 1893 559 1936 focum
595 1893 733 1946 urbis,
768 1894 817 1934 ut
850 1892 1011 1935 Graeco
1049 1893 1221 1934 nomine
1260 1895 1326 1933 est
1357 1892 1588 1947 appellata,
1607 1904 1639 1929 ³0
1668 1896 1682 1920 ³³

254 1952 368 2007 quod
397 1966 476 1994 nos
505 1966 638 2007 prope
663 1951 775 1993 idem
801 1949 1023 2006 Graecum,
1053 1965 1132 1993 non
1161 1951 1492 2006 interpretatum
1517 1966 1590 1992 no—

253 2026 351 2053 men
381 2013 588 2065 tenemus,
620 2010 826 2065 conplexa
857 2010 925 2063 sit,
958 2010 997 2052 ei
1028 2010 1229 2051 colendae
1255 2010 1445 2065 virgines
1470 2024 1589 2065 prae-

254 2071 361 2124 sint,
403 2072 453 2111 ut
496 2069 757 2125 advigiletur
799 2068 967 2110 facilius
1013 2069 1065 2110 ad
1109 2069 1346 2110 custodiam
1389 2068 1502 2124 ignis
1547 2070 1589 2109 et

254 2129 443 2170 sentiant
482 2129 682 2170 mulieres
720 2130 919 2169 naturam
961 2127 1217 2169 feminarum
1257 2142 1428 2169 omnem
1465 2127 1590 2169 casti·
1640 2153 1643 2162 ι

253 2190 390 2229 tatem
421 2187 524 2242 pati.
1607 2196 1637 2222 35
1667 2190 1681 2215 ³3⁴

343 2245 465 2295 Quod
496 2246 687 2300 sequitur
717 2260 830 2299 vero,
861 2260 948 2287 non
973 2245 1113 2287 solum
1139 2244 1193 2286 ad
1218 2244 1473 2300 religionem
1497 2258 1589 2300 per-

252 2306 380 2358 tinet,
418 2305 491 2346 sed
523 2305 653 2346 etiam
685 2304 738 2346 ad
770 2304 956 2345 civitatis
990 2306 1172 2358 statum,
1209 2305 1258 2344 ut
1289 2303 1381 2344 81110
1412 2303 1483 2357 118,
1516 2303 1590 2357 qui
