1685 2568
440 70 530 106 HR.
556 71 583 106 I.
611 72 711 108 CAP.
738 76 888 108 43-46.
916 77 935 115 ἓ
961 77 1111 109 67-70.
1363 76 1447 118 303

103 181 276 220 norum,
314 167 546 223 eademque
585 167 721 210 oritur
753 168 885 209 etiam
917 183 967 210 ex
998 168 1076 210 illo
1109 183 1236 224 saepe
1268 170 1447 225 optima·

103 226 213 268 tium
231 225 445 281 praeclaro
471 228 600 281 statu,
631 241 727 268 cum
753 227 870 281 ipsos
896 227 1111 282 principes
1139 228 1284 282 aliqua
1310 230 1449 283 pravi-

102 287 171 326 tas
204 284 255 326 de
286 285 356 327 via
388 285 569 327 deflexit.
625 283 694 327 Sic
725 287 948 340 tamquam
976 286 1112 341 pilam
1137 287 1311 341 rapiunt
1336 287 1449 329 inter

103 357 148 384 se
180 343 242 385 rei
274 344 471 398 publicae
504 346 669 386 statum
700 345 873 399 tyranni
906 345 959 386 ab
992 345 1180 400 regibus,
1213 345 1266 386 ab
1298 345 1352 387 iis
1379 361 1450 387 au-

66 415 83 441 5
102 405 192 443 tem
223 403 437 458 principes
471 405 546 444 aut
576 403 744 458 populi,
782 418 807 445 a
839 403 992 458 quibus
1026 406 1101 444 aut
1131 404 1341 446 factiones
1375 407 1449 445 aut

103 461 294 515 tyranni,
332 476 407 503 nec
440 461 601 503 diutius
633 476 837 516 umquam
869 465 1040 504 tenetur
1072 462 1185 504 idem
1216 463 1279 504 rei
1309 463 1448 518 publi-

102 534 176 562 cae
207 520 372 561 modus.

191 576 314 627 Quod
339 578 402 619 ita
428 593 524 620 cum
554 579 622 633 sit,
649 593 696 621 eas
720 580 860 621 tribus
887 580 1038 635 primis
1049 580 1294 646 ‘generibus
1320 581 1520 642 longe69

101 639 296 703 praestat
334 652 430 679 mea
462 638 677 679 sententia
708 639 894 693 regium,
928 639 933 692 Ι
967 638 1086 695 legio
1120 641 1265 681 autem
1299 640 1449 691 [p.134

53 710 84 734 ιο
102 696 187 751 ipsi
217 696 459 750 praestabit
489 696 545 750 id,
577 696 690 751 quod
723 697 806 738 erit
833 700 1064 752 aequatum
1091 700 1133 739 et
1158 700 1448 754 temperatum

103 769 154 796 ex
173 755 312 796 tribus
334 755 510 809 optimis
531 769 674 796 rerum
694 755 965 810 publicarum
986 757 1135 799 modis.
1166 756 1315 799 Placet
1336 757 1448 799 enim

102 827 195 856 esse
227 813 430 868 quiddam
461 814 507 855 in
537 828 583 855 re
614 814 788 869 publica
818 818 1046 870 praestans
1079 818 1122 857 et
1152 816 1317 872 regale,
1356 830 1450 858 esse

102 872 219 914 aliud
266 873 516 914 auctoritati
559 873 803 928 principum
839 874 1096 928 inpartitum
1136 889 1185 916 ac
1223 875 1448 930 tributum,

104 946 196 973 esse
235 931 444 986 quasdam
481 946 548 973 res
588 935 782 973 servatas
821 932 976 975 iudicio
1009 933 1310 988 voluntatique
1343 934 1449 975 mul-

50 1004 81 1029 15
101 990 310 1032 titudinis.
372 990 491 1033 Haec
529 991 782 1033 constitutio
819 991 1006 1046 primum
1044 993 1176 1034 habet
1215 993 1449 1048 aequabili-

100 1051 238 1091 tatem
271 1050 486 1104 quandam
518 1064 734 1105 magnam,
767 1065 851 1104 qua
882 1065 1025 1092 carere
1058 1051 1218 1093 diutius
1250 1053 1321 1093 vix
1353 1066 1448 1107 pos-

102 1110 201 1149 sunt
239 1109 394 1163 liberi,
433 1109 582 1150 deinde
613 1109 939 1163 firmitudinem,
973 1110 1085 1163 quod
1118 1112 1161 1151 et
1190 1111 1268 1152 illa
1301 1112 1352 1163 [p.
1383 1122 1448 1153 163

100 1167 241 1222 prima
266 1167 392 1209 facile
418 1168 463 1209 in
488 1168 704 1209 contraria
729 1168 836 1209 vitia
865 1171 1185 1224 convertuntur,
1216 1171 1265 1210 ut
1290 1170 1450 1211 existat

101 1241 152 1268 ex
171 1240 272 1282 rege
293 1226 503 1281 dominus,
524 1241 573 1268 ex
595 1227 879 1282 optimatibus
898 1227 1045 1281 factio,
1067 1242 1116 1268 ex
1136 1227 1298 1283 populo
1319 1229 1450 1270 turba

49 1298 81 1324 20
101 1287 144 1327 et
176 1284 381 1340 confusio,
414 1286 648 1340 quodque
636 1300 784 1352 ipsae
759 1300 917 1327 <venera
943 1286 1171 1342 generibus
1199 1301 1326 1342 saepe
1353 1302 1448 1329 con-

101 1346 324 1385 mutantur
360 1344 502 1398 novis,
540 1344 622 1386 hoc
652 1345 697 1386 in
729 1345 810 1387 hac
840 1345 988 1387 iuncta
1019 1345 1324 1400 moderateque
1356 1361 1448 1402 per-

100 1403 236 1444 mixta
268 1378 609 1445 conformatione
640 1404 703 1445 rei
734 1403 933 1459 publicae
964 1418 1053 1446 non
1082 1404 1217 1446 ferme
1244 1405 1336 1446 sine
1363 1420 1449 1447 ma-

102 1462 198 1518 gnis
242 1462 484 1517 principum
526 1462 646 1504 vitiis
691 1463 845 1504 evenit.
912 1461 1013 1505 Non
1056 1466 1122 1504 est
1166 1463 1279 1505 enim
1321 1479 1450 1506 causa

101 1520 410 1574 conversionis,
447 1521 522 1563 ubi
559 1521 605 1562 in
642 1536 719 1563 suo
754 1521 758 1576 Ι
794 1522 974 1576 quisque
1016 1524 1083 1563 est
1123 1522 1260 1578 giadu
1299 1524 1351 1575 [p.
1381 1534 1448 1565 164

49 1591 81 1616 25
101 1580 283 1621 firmiter
320 1580 556 1622 collocatus
600 1582 643 1622 et
672 1595 761 1622 non
792 1581 959 1635 subest,
997 1595 1080 1636 quo
1112 1582 1369 1637 praecipitet
1400 1597 1449 1624 ac

101 1639 279 1681 decidat.
1460 1676 1518 1718 46

190 1696 272 1739 Sed
309 1712 476 1752 vereor,
515 1697 638 1740 Laeli
674 1713 835 1753 vosque
873 1699 1070 1741 homines
1109 1700 1360 1742 amicissimi
1398 1715 1446 1743 ac
1475 1728 1519 1759 70

99 1756 436 1813 prudentissimi,
461 1770 527 1811 ne,
553 1757 590 1798 si
616 1757 776 1799 diutius
800 1758 846 1799 in
864 1757 947 1801 hoc
968 1773 1123 1815 genere
1143 1773 1301 1813 verser,
1322 1760 1447 1815 quasi

100 1816 405 1871 praecipientis
448 1815 669 1858 cuiusdam
707 1818 751 1858 et
789 1817 982 1859 docentis
1021 1820 1063 1859 et
1098 1832 1187 1860 non
1224 1818 1448 1861 vobiscum

47 1886 81 1912 30
101 1875 229 1916 simul
261 1874 572 1917 considerantis
605 1889 697 1917 esse
733 1875 932 1918 videatur
969 1876 1108 1919 oratio
1140 1891 1247 1919 mea.
1309 1876 1447 1926 Quam

102 1934 156 1976 ob
201 1948 291 1975 rem
330 1933 551 1990 ingrediar
594 1934 640 1975 in
683 1948 749 1989 ea,
793 1949 902 1990 quae
945 1937 1051 1978 nota
1093 1938 1194 1977 sunt
1236 1937 1447 1991 omnibus,

101 1992 299 2048 quaesita
336 1995 481 2034 autem
520 2008 545 2035 a
581 1992 706 2035 nobis
744 1993 831 2035 iam
863 1994 946 2036 diu.
1008 1992 1077 2036 Sic
1109 1995 1222 2036 enim
1255 1995 1446 2049 decerno,

102 2052 163 2094 sic
190 2051 195 2105 Ι
224 2051 376 2106 sentio7
408 2051 470 2095 sic
501 2051 695 2106 adfirmo,
725 2053 891 2094 nullam
917 2054 1108 2095 omnium
1133 2068 1277 2096 rerum
1304 2055 1356 2108 [p.
1380 2066 1445 2096 177

100 2111 371 2166 publicarum
404 2112 479 2152 aut
510 2111 816 2153 constitutione
847 2114 923 2154 aut
955 2112 1232 2168 discriptione
1258 2116 1340 2155 aut
1366 2114 1446 2154 dis-

47 2180 80 2206 35
102 2169 262 2225 ciplina
292 2169 594 2212 conferendam
626 2185 718 2212 esse
751 2185 848 2213 cum
879 2185 941 2226 ea,
973 2185 1102 2226 quam
1133 2174 1280 2227 patres
1306 2172 1446 2214 nostri

100 2228 226 2270 nobis
275 2231 496 2284 acceptam
544 2229 632 2272 iam
675 2229 773 2271 inde
816 2245 842 2272 a
885 2230 1122 2272 maioribus
1165 2231 1444 2285 reliquerunt.

102 2285 257 2341 Quam,
301 2287 338 2329 si
380 2288 539 2343 placet,
584 2288 788 2343 quoniam
832 2303 899 2344 ea,
943 2304 1051 2344 quae
1093 2289 1308 2331 tenebatis
1349 2289 1446 2345 ipsi,

1462 559 1520 600 45
