1685 2568
445 87 535 123 ΜΒ.
561 87 622 122 VI.
650 87 749 122 CAP.
778 92 903 123 7—12.
929 92 949 130 s
975 92 1101 124 7—12.
1346 88 1429 130 371

95 184 269 240 publica
298 185 576 239 percontatus
607 185 689 237 est,
722 182 956 237 multisque
987 183 1129 224 verbis
1160 183 1277 224 ultro
1309 183 1432 226 citro-

97 257 177 298 que
208 242 370 284 habitis
401 242 476 284 ille
506 241 632 283 nobis
663 244 943 296 consumptus
975 244 1042 283 est
1073 241 1174 282 dies.

184 300 291 343 Post
327 303 469 342 autem
507 302 720 355 apparatu
757 300 876 356 regio
916 300 1080 355 accepti
1118 314 1358 341 sermonem
1388 283 1505 369 111119)

96 360 280 401 multam
310 362 481 401 noctem
512 358 808 414 produximus,
841 373 938 401 cum
969 373 1097 400 senex
1126 358 1237 399 nihil
1268 358 1353 399 nisi
1384 358 1434 399 de

60 431 77 457 5
96 418 301 460 Africano
339 419 587 472 loqueretur
624 417 852 472 omniaque
890 417 979 459 eius
1016 431 1105 459 non
1133 417 1251 459 facta
1283 417 1434 470 solum,

97 477 171 519 sed
202 477 334 518 etiam
365 476 479 519 dicta
510 476 787 518 meminisset.
841 475 1017 530 Deinde,
1048 478 1097 517 ut
1128 476 1320 518 cubitum
1354 475 1435 516 dis-

96 536 319 590 cessimus,
363 550 432 576 me
475 537 519 576 et
556 535 607 576 de
644 535 715 576 via
749 535 929 589 fessum,
970 537 1013 577 et
1051 534 1124 589 qui
1161 534 1215 576 ad
1251 534 1436 576 multam

94 597 267 636 noctem
297 594 559 650 vigilassem,
591 594 726 635 artior
759 609 888 648 quam
919 594 1088 635 solebat
1119 608 1294 635 somnus
1325 607 1436 635 com-

96 653 247 708 plexus
289 655 365 694 est.
420 652 504 694 Hic
540 652 648 694 mihi
686 651 829 708 (credo
868 652 1064 707 equidem
1102 666 1152 694 ex
1182 652 1282 706 hoc,
1323 651 1437 706 quod

44 724 77 750 ιο
96 726 266 754 eramus
292 711 443 766 locuti3
473 712 525 752 fit
550 711 664 753 enim
688 711 789 765 fere,
815 713 864 753 ut
889 711 1174 768 cogitationes
1201 724 1437 753 sermones-

96 785 177 825 que
215 770 356 812 nostri
395 770 570 825 pariant
607 770 769 825 aliquid
805 770 851 812 in
888 785 1038 813 somno
1076 770 1183 825 tale,
1221 770 1347 825 quale
1386 769 1436 810 de

94 829 285 871 Homero
324 829 474 871 scribit
509 829 694 883 Ennius,
738 829 788 870 de
826 844 910 884 quo
947 829 1148 871 videlicet
1186 828 1436 884 saepissime

95 888 282 943 vigilans
315 889 482 930 solebat
513 888 704 944 cogitare
737 891 779 930 et
804 888 944 943 loqui)
969 887 1199 930 Africanus
1226 902 1271 930 se
1297 890 1437 929 osten-

95 947 159 988 dit
199 962 249 989 ea
286 947 445 1001 forma,
484 962 592 1002 quae
633 947 739 988 mihi
777 961 827 988 ex
863 947 1052 1003 imagine
1091 947 1180 988 eius
1219 961 1348 1001 quam
1386 960 1438 988 ex

45 1017 77 1042 15
96 1006 191 1061 ipso
225 1008 318 1048 erat
347 1006 510 1060 notior;
542 1020 669 1061 quem
700 1006 774 1048 ubi
800 1006 970 1062 agnovi,
1002 1005 1199 1060 equidem
1224 1004 1437 1059 cohorrui,

97 1065 171 1107 sed
195 1065 288 1106 ille:
313 1065 441 1119 Ades,
465 1065 620 1120 inquit,
645 1065 787 1106 animo
807 1068 851 1107 et
871 1065 1023 1106 omitte
1042 1064 1255 1119 timorem,
1281 1062 1437 1120 Scipio,

97 1126 153 1179 et,
184 1138 292 1178 quae
325 1124 475 1178 dicam,
506 1124 628 1166 trade
659 1124 903 1165 memoriae.
1394 1155 1506 1201 ΠΩ)

183 1182 370 1224 Videsne
389 1183 512 1224 illam
531 1183 692 1237 urbem,
713 1197 821 1237 quae
840 1197 990 1237 parere
1010 1183 1171 1238 populo
1192 1182 1388 1224 Romano
1441 1208 1483 1238 11

96 1244 245 1284 coacta
280 1256 358 1297 per
389 1256 457 1283 me
488 1244 668 1283 renovat
698 1241 884 1296 pristina
915 1241 1032 1283 bella
1062 1256 1140 1283 nec
1170 1243 1316 1296 potest
1348 1240 1438 1296 qui-

0 1328 1 1336 1
43 1312 77 1338 20
97 1300 266 1342 escere?
299 1298 574 1356 (ostendebat
606 1303 750 1342 autem
774 1299 1089 1356 Karthaginem
1123 1300 1173 1341 de
1202 1300 1368 1342 excelso
1395 1302 1439 1341 et

96 1360 225 1415 pleno
270 1359 496 1400 stellarum
539 1359 702 1401 illustri
746 1361 790 1400 et
832 1359 948 1402 claro
995 1359 1181 1414 quodam
1224 1357 1339 1414 loco)
1384 1358 1439 1400 ad

97 1433 226 1473 quam
257 1420 306 1459 tu
337 1418 671 1474 oppugnandam
696 1432 809 1460 nunc
833 1418 952 1460 venis
977 1432 1112 1473 paene
1138 1417 1274 1460 miles.
1314 1416 1438 1459 Hanc

96 1477 178 1519 hoc
208 1476 380 1519 biennio
413 1478 561 1519 consul
593 1479 777 1532 evertes,
815 1477 980 1532 eritque
1012 1491 1251 1533 cognomen
1281 1476 1326 1518 id
1356 1476 1440 1518 tibi

96 1551 173 1591 per
210 1538 254 1578 te
291 1537 483 1590 partum,
520 1536 636 1591 quod
673 1536 807 1577 habes
846 1536 984 1578 adhuc
1016 1551 1041 1578 a
1071 1536 1196 1578 nobis
1228 1535 1439 1577 heredita-

44 1606 78 1632 25
96 1595 219 1636 rium.
270 1594 378 1637 Cum
407 1597 551 1636 autem
576 1594 892 1651 Karthaginem
918 1595 1137 1649 deleveris,
1168 1594 1440 1650 triumphum

97 1654 237 1710 egeris
275 1667 507 1708 censorque
543 1653 676 1695 fueris
708 1656 751 1696 et
783 1654 941 1696 obieris
972 1654 1144 1709 legatus
1176 1654 1439 1709 Aegyptum,

97 1711 285 1767 Syriam,
316 1712 480 1767 Asiam,
511 1711 747 1767 Graeciam,
778 1713 966 1769 deligere
997 1713 1154 1754 iterum
1186 1713 1335 1755 consul
1367 1713 1439 1754 ab·

97 1786 194 1814 sens
235 1772 484 1827 bellumque
524 1772 757 1814 maximum
794 1772 1009 1826 conficies,
1052 1771 1334 1813 Numantiam
1372 1786 1439 1813 ex-

97 1830 251 1873 cindes.
313 1829 395 1872 Sed
432 1845 527 1872 cum
565 1830 648 1872 eris
685 1846 811 1874 curru
847 1831 891 1872 in
931 1829 1194 1885 Capitolium
1231 1831 1439 1885 invectus,

45 1900 79 1926 3⁰
98 1889 286 1932 offendes
301 1904 392 1931 rem
406 1890 625 1944 publicam
638 1890 828 1932 consiliis
842 1891 1142 1946 perturbatam
1156 1890 1326 1944 nepotis
1342 1890 1437 1931 mei.

184 1948 267 1990 Hic
291 1951 351 2002 tu,
383 1948 597 2001 Africane,
630 1950 830 1991 ostendas
857 1949 1075 2003 oportebit
1100 1949 1267 2004 patriae
1293 1949 1439 1990 lumen
1465 1973 1507 2004 12

97 2007 247 2062 animi,
280 2007 444 2063 ingenii
475 2007 727 2062 consiliique
758 2008 833 2050 tui.
889 2007 972 2049 Sed
1003 2009 1093 2050 eius
1126 2008 1334 2063 temporis
1368 2022 1438 2049 an-

97 2066 271 2121 cipitem
307 2066 430 2108 video
470 2067 592 2121 quasi
628 2066 818 2108 fatorum
855 2067 982 2108 viam.
1038 2066 1152 2108 Nam
1190 2082 1285 2109 cum
1318 2069 1437 2108 aetas

98 2128 175 2167 tua
216 2128 416 2180 septenos
456 2126 617 2168 octiens
656 2125 761 2167 solis
800 2125 1019 2168 anfractus
1057 2126 1304 2181 reditusque
1343 2140 1438 2167 con-

44 2195 78 2222 35
97 2185 294 2238 verterit,
338 2185 504 2239 duoque
547 2184 578 2225 ii
620 2185 804 2239 numeri,
849 2199 1029 2239 quorum
1070 2187 1248 2239 uterque
1285 2185 1437 2239 plenus

99 2243 209 2284 alter
244 2244 382 2285 altera
414 2243 477 2290 de*
497 2258 626 2285 causa
655 2243 857 2297 habetur,
894 2244 1074 2286 circuitu
1104 2243 1295 2285 naturali
1327 2257 1437 2284 sum-

95 2317 212 2343 mam
249 2302 331 2344 tibi
368 2302 547 2344 fatalem
585 2302 863 2358 confecerint,
901 2303 946 2344 in
982 2305 1025 2344 te
1063 2317 1196 2343 unum
1233 2305 1361 2356 atque
1392 2301 1436 2343 in

1082 2371 1154 2406 24³⁶
