1685 2568
396 680 459 728 Μ.
500 680 713 728 TULLII
751 679 1075 728 CICERONIS

215 796 341 860 DE
391 796 798 862 NATURA
847 797 1258 862 DEORUM

559 922 624 956 AD
644 923 691 957 M.
712 923 914 958 BRUTUM

509 1022 690 1060 LIBER
728 1022 964 1061 PRIMUS.

541 1209 933 1248 ARGUMENTUM.

161 1300 202 1333 In
232 1297 290 1332 his
321 1296 442 1340 libris,
477 1296 516 1331 in
542 1297 674 1341 quibus
702 1296 828 1332 Cicero
863 1297 935 1332 sibi
966 1308 1112 1332 omnem
1136 1297 1212 1334 fere
1237 1300 1405 1336 veterum

66 1345 372 1392 philosophorum
392 1344 438 1379 de
456 1345 588 1378 natura
608 1344 760 1379 deorum
780 1345 986 1380 doctrinam
1007 1345 1263 1390 explicandam
1283 1359 1404 1393 sump-

67 1394 133 1436 sit,
164 1392 260 1426 hanc
289 1392 473 1427 rationem
504 1392 651 1426 secutus
684 1392 756 1435 est,
782 1393 841 1434 ut,
875 1402 968 1436 quae
1000 1391 1175 1437 Epicurei
1200 1393 1245 1429 de
1270 1396 1404 1430 natura

66 1439 219 1475 deorum
244 1439 467 1481 docuissent,
494 1449 537 1473 ea
562 1437 600 1473 C.
626 1438 782 1482 Velleio,
809 1439 844 1474 ei
869 1439 932 1483 qui
957 1450 1052 1474 anno
1078 1451 1112 1474 u.
1140 1451 1169 1474 c.
1196 1445 1265 1476 664
1289 1442 1404 1476 tribu—

67 1488 194 1522 natum
221 1486 385 1521 obtinuit
415 1487 453 1521 et
485 1485 575 1520 clari
606 1484 706 1520 illius
740 1486 895 1520 oratoris
921 1486 959 1520 L.
986 1486 1121 1521 Licinii
1147 1486 1268 1522 Crassi
1298 1488 1404 1523 fami-

66 1533 168 1568 liaris
192 1533 307 1568 fuisse
333 1532 468 1567 dicitur
493 1532 552 1576 (de
578 1543 627 1568 or.
655 1532 707 1567 III
732 1537 787 1568 21.
815 1536 883 1578 78),
911 1534 1129 1578 exponenda
1152 1535 1332 1578 traderet,
1360 1547 1405 1571 ea

66 1582 202 1624 autem,
228 1591 321 1625 quae
341 1580 457 1615 Stoici
483 1580 528 1615 de
552 1580 685 1614 natura
709 1580 860 1615 deorum
884 1580 1173 1626 praecepissent,
1200 1581 1239 1623 Q.
1260 1582 1404 1618 Lucilio

67 1627 194 1669 Balbo,
221 1639 330 1672 quem
355 1627 512 1662 eundem
538 1627 651 1662 etiam
675 1626 714 1661 in
732 1627 931 1662 Hortensio
957 1627 1171 1672 loquentem
1197 1628 1402 1672 induxerat,

67 1674 286 1720 explicanda
316 1674 431 1709 daret.
484 1673 621 1709 Contra
649 1674 717 1709 hos
749 1674 803 1709 ita
828 1674 1079 1720 disputantem
1110 1675 1202 1711 fecit
1228 1675 1264 1711 C.
1291 1677 1404 1712 Aure-

0 1763 1 1771 *
65 1721 158 1756 lium
183 1721 345 1765 Cottam,
372 1722 554 1756 oratorem
578 1732 653 1756 non
676 1721 897 1766 ignobilem,
929 1722 972 1756 ut
994 1722 1043 1764 is,
1070 1733 1163 1766 quae
1189 1722 1405 1759 Academici

67 1768 113 1804 de
146 1770 279 1803 natura
313 1768 465 1803 deorum
499 1768 728 1811 docuissent,
763 1769 960 1804 enarraret.
1009 1769 1086 1804 Hos
1122 1770 1198 1805 tres
1236 1771 1405 1807 homines

66 1815 166 1861 apud
196 1815 232 1850 C.
267 1814 414 1850 Cottam
447 1815 549 1850 feriis
580 1815 723 1850 Latinis
757 1815 854 1850 inter
887 1827 1022 1850 annum
1054 1828 1088 1852 u.
1117 1828 1146 1853 c.
1174 1822 1240 1853 676
1274 1819 1312 1853 et
1342 1829 1404 1852 an-

66 1874 154 1897 num
186 1867 252 1898 679
284 1862 381 1897 inter
412 1873 450 1898 se
482 1863 526 1898 de
558 1864 690 1897 natura
724 1862 876 1898 deorum
912 1863 1164 1908 colloquentes
1197 1864 1289 1899 facit
1321 1865 1403 1911 ipso

68 1909 253 1952 audiente,
279 1921 362 1944 cum
385 1909 498 1955 paulo
529 1911 614 1945 ante
639 1909 679 1944 in
703 1909 859 1945 Graecia
884 1910 1006 1945 studio
1031 1910 1292 1956 philosophiae
1318 1924 1405 1957 ope-

68 1967 147 1990 ram
180 1957 352 1992 dedisset.
404 1957 596 1992 Scribebat
627 1958 751 1991 autem
783 1957 852 1992 hos
884 1957 1017 2001 libros,
1052 1959 1094 1992 ut
1119 1958 1247 2004 colligi
1278 1960 1405 2004 potest

69 2014 115 2038 ex
145 2003 251 2048 epist.
283 2004 330 2038 ad
359 2004 526 2039 Atticum
556 2004 619 2040 lib.
646 2004 733 2039 XHI
764 2015 821 2049 ep.
848 2008 892 2040 39
923 2009 943 2047 ξ
968 2009 1008 2047 2,
1038 2004 1103 2039 ubi
1126 2006 1240 2051 petit,
1271 2007 1314 2041 ut
1337 2006 1404 2041 ille

70 2049 142 2084 sibi
171 2050 297 2085 mittat
324 2051 439 2086 libros
463 2051 624 2087 Phaedri
654 2051 739 2096 περὶ
764 2052 886 2097 θεῶν,
919 2052 1061 2087 aestate
1092 2052 1180 2086 anni
1204 2064 1238 2088 u.
1266 2064 1295 2088 c.
1324 2058 1402 2096 709,

68 2096 235 2131 absolvit
259 2098 356 2133 certe
382 2099 466 2134 ante
491 2099 579 2134 Idus
598 2098 750 2133 Martias
776 2098 863 2133 anni
887 2110 921 2133 u.
949 2110 978 2134 c.
1002 2103 1080 2142 710,
1106 2100 1149 2134 ut
1172 2099 1405 2145 intellegitur

69 2154 115 2178 ex
139 2143 201 2178 lib.
222 2144 239 2178 I
264 2155 343 2190 cap.
363 2149 386 2180 4
410 2149 430 2188 ξ
451 2151 481 2181 7.
525 2147 566 2180 ln
590 2146 662 2180 hoc
686 2146 812 2181 autem
836 2145 929 2180 libro
955 2145 1074 2191 primo
1095 2146 1140 2181 de
1165 2148 1297 2181 natura
1315 2147 1403 2182 deo-

67 2202 160 2234 rum,
187 2201 278 2235 quos
301 2191 404 2226 misit
427 2192 474 2227 ad
498 2192 546 2227 M.
566 2193 732 2236 Brutum,
757 2203 866 2237 quem
891 2194 1039 2228 constat
1062 2193 1101 2228 in
1121 2193 1260 2228 Graeca
1283 2194 1405 2239 philo·

69 2237 203 2282 sophia
236 2239 492 2283 cognoscenda
523 2240 681 2274 multum
712 2239 892 2284 temporis
928 2251 1133 2285 operaeque
1167 2240 1334 2286 posuisse
1366 2242 1405 2275 et

69 2284 192 2329 ipsum
216 2284 351 2319 librum
377 2285 422 2321 de
446 2286 583 2322 virtute
610 2288 872 2333 composuisse,
898 2286 936 2321 in
961 2287 1043 2332 ipso
1068 2289 1257 2333 prooemio
1283 2287 1330 2322 ad
1354 2287 1404 2321 M„

67 2331 222 2366 Brutum
247 2331 385 2378 scripto
405 2333 452 2368 M.
473 2333 614 2368 Tullius
640 2334 686 2369 de
711 2344 853 2368 summa
871 2333 1091 2369 difficultate
1117 2336 1155 2369 et
1180 2334 1404 2369 obscuritate

139 2402 211 2429 010.
228 2403 283 2430 1v.
308 2405 333 2429 2.
1103 2397 1120 2426 1
