1685 2568
409 97 498 132 LIB.
524 98 569 134 II.
597 97 697 134 CAP.
723 103 860 133 21-23
887 103 906 141 ξ
933 104 1081 134 54-59.
1327 100 1413 141 427

85 197 264 249 texerat,
288 208 468 248 eumque
494 208 655 236 morem
680 194 747 235 ius
772 193 1018 248 pontificale
1044 194 1286 248 confirmat3
1318 210 1413 236 nam

85 253 204 308 prius
243 267 371 307 quam
408 253 453 294 in
490 267 537 294 os
574 253 731 294 iniecta
769 253 896 307 gleba
935 254 1017 305 est,
1060 252 1178 293 locus
1217 253 1307 304 ille,
1344 253 1417 294 ubi

86 314 323 353 crematum
359 314 425 353 est
461 326 631 366 corpus,
668 311 776 352 nihil
813 311 945 352 habet
981 311 1220 365 religionis3
1263 311 1420 353 iniecta

87 371 215 425 gleba
245 370 382 423 †tum
413 373 455 411 et
479 371 565 411 illis
591 370 792 411 humatus
819 372 896 423 est,
928 371 972 411 et
996 369 1125 424 gleba
1149 371 1339 422 vocatur,
1371 383 1418 411 ac

49 440 67 466 5
86 432 179 470 tum
210 429 389 494 denique
421 429 558 470 multa
582 428 821 484 religiosa
810 443 905 469 lura
930 428 1225 494 conplectitur.
1267 426 1419 481 Itaque

85 488 131 529 in
161 502 228 542 eo,
266 488 339 541 qui
369 488 414 528 in
443 502 552 528 nave
583 491 776 540 necatus,
809 487 957 528 deinde
988 487 1034 528 in
1065 486 1174 527 mari
1204 487 1420 541 proiectus

85 548 217 600 esset,
258 545 443 587 decrevit
479 545 525 587 P.
561 545 725 587 Mucius
762 545 973 587 familiam
1010 560 1181 600 puram,
1222 545 1335 599 quod
1372 558 1420 587 os

86 619 216 659 supra
257 607 417 646 terram
453 619 540 646 non
577 606 760 658 extaret,
801 619 976 659 porcam
1011 603 1159 646 heredi
1196 618 1288 645 6336
1325 617 1421 645 6011-

85 666 281 717 tractam,
314 666 356 704 et
387 663 605 704 habendas
636 663 827 704 triduum
858 663 1001 717 ferias,
1032 664 1076 704 et
1105 677 1235 718 porco
1260 662 1422 704 femina

34 735 68 760 10
85 722 302 777 piaculum
327 721 474 776 †pati;
507 722 543 762 si
567 722 612 762 in
637 721 747 763 mari
772 725 967 763 mortuus
987 724 1110 776 esset,
1136 721 1282 763 eadem
1302 735 1422 776 prae-

85 784 152 822 ter
181 780 399 835 piaculum
431 783 474 821 et
503 780 644 821 ferias.

86 898 337 952 ecquidnam
374 898 432 939 sit
467 898 513 939 in
549 898 730 953 legibus.
790 898 853 940 M.
884 897 1027 939 Pauca
1059 912 1178 952 sane,
1215 897 1329 951 Tite,
1367 900 1422 952 et,

0 1003 1 1006 Ἴ
85 957 150 998 uti
176 957 372 1010 arbitror,
397 971 484 998 non
508 957 660 1012 ignota
684 956 827 1010 vobis3
853 957 926 997 sed
952 971 1002 998 ea
1025 971 1113 998 non
1137 959 1227 998 tam
1247 957 1301 998 ad
1325 956 1421 998 reli·

34 1028 67 1053 15
87 1016 257 1071 gionem
289 1018 486 1070 spectant
517 1030 644 1070 quam
677 1015 730 1057 ad
761 1016 826 1056 ius
862 1015 1196 1070 sepulchrorum.
1250 1014 1423 1057 Homi-

85 1089 194 1116 nem
231 1077 502 1127 mortuum,
539 1074 678 1129 inquit
714 1075 783 1116 lex
820 1075 866 1115 in
896 1086 980 1126 XII,
1017 1074 1069 1115 in
1104 1074 1227 1115 urbe
1257 1088 1317 1115 ne
1348 1088 1423 1115 se·

85 1133 246 1187 pelito
271 1147 394 1174 neve
419 1133 573 1187 urito3
605 1133 729 1174 credo
755 1132 823 1174 vel
843 1136 1019 1187 propter
1038 1133 1151 1188 ignis
1171 1132 1421 1188 periculum.

86 1191 207 1240 Quod
239 1194 380 1233 autem
415 1192 548 1233 addit:
579 1206 703 1233 neve
727 1191 884 1246 urito,
915 1189 1090 1244 indicat,
1118 1206 1205 1233 non
1231 1192 1304 1246 qui
1328 1206 1423 1233 ura-

86 1253 174 1304 tur,
212 1250 402 1305 sepeliri,
440 1251 514 1292 sed
551 1250 623 1304 qui
654 1250 866 1292 humetur.
921 1251 1021 1293 Am.
1053 1249 1180 1304 Quid,
1218 1251 1292 1304 qui
1322 1252 1423 1304 post

33 1321 153 1350 20X11
189 1309 234 1350 in
270 1309 375 1350 urbe
413 1309 572 1364 sepulti
604 1312 704 1351 sunt
735 1309 839 1351 clari
869 1308 980 1350 viri?
1029 1313 1088 1350 M.
1121 1307 1276 1363 Credo,
1314 1308 1422 1362 Tite,

84 1367 217 1409 fuisse
255 1370 330 1409 aut
367 1382 456 1422 eos,
494 1368 648 1422 quibus
685 1368 767 1410 hoc
804 1370 903 1409 ante
934 1367 1045 1409 hanc
1076 1368 1216 1422 legem
1247 1367 1422 1409 virtutis

86 1441 214 1468 causa
244 1426 454 1468 tributum
486 1429 569 1480 6313,
605 1429 655 1468 ut
684 1426 949 1482 Poplicolae,
988 1429 1037 1468 ut
1069 1426 1277 1480 Tuberto,
1309 1426 1423 1481 quod

88 1498 235 1527 eorum
265 1486 429 1540 posteri
459 1485 550 1527 iure
581 1487 822 1540 tenuerunt,
854 1488 928 1527 aut
960 1500 1045 1539 603,
1077 1486 1114 1527 31
1146 1486 1219 1540 qui
1248 1485 1342 1539 hoc,
1373 1487 1423 1527 ut

87 1543 131 1586 G.
168 1542 407 1598 Fabricius,
450 1544 624 1586 virtutis
664 1559 793 1586 causa
830 1544 962 1586 soluti
997 1544 1166 1600 legibus
1204 1544 1424 1586 consecuti

34 1615 68 1640 25
87 1606 199 1644 sunt.
254 1601 336 1644 Sed
364 1606 412 1644 ut
439 1603 485 1644 in
514 1603 619 1644 urbe
651 1603 823 1658 sepeliri
853 1603 922 1644 lex
952 1606 1084 1657 vetat,
1116 1603 1178 1645 sic
1206 1603 1423 1645 decretum

87 1677 113 1703 a
153 1661 405 1717 pontificum
447 1662 628 1717 collegio
670 1677 758 1704 non
801 1676 892 1704 esse
931 1662 997 1703 ius
1035 1662 1080 1703 in
1117 1662 1212 1704 loco
1248 1662 1422 1717 publico

85 1720 180 1762 fieri
204 1720 488 1775 sepulchrum.
531 1720 681 1763 Nostis
708 1723 830 1762 extra
847 1723 1019 1776 portam
1040 1720 1254 1763 Collinam
1275 1721 1423 1762 aedem

85 1778 294 1834 Honoris,
332 1794 452 1821 aram
487 1779 533 1820 in
571 1793 619 1821 eo
652 1780 744 1821 loco
776 1779 908 1821 fuisse
941 1780 1172 1821 memoriae
1202 1779 1423 1834 proditum

88 1841 170 1891 est,
213 1838 268 1880 ad
310 1853 404 1879 eam
449 1853 578 1892 quom
619 1839 781 1880 lamina
824 1841 937 1902 essep
979 1839 1155 1880 inventa
1198 1840 1241 1879 et
1284 1838 1330 1879 in
1373 1853 1424 1881 ea

34 1909 68 1934 30
87 1871 295 1952 scriptum
314 1897 492 1939 lamina:
514 1896 779 1939 ‘Honoris'
781 1912 862 1951 ,ea
875 1912 1004 1939 causa
1016 1897 1111 1950 fuit,
1128 1897 1303 1938 maedis
1318 1897 1424 1939 haec

88 1955 365 1998 dedicaretur.
431 1954 513 1997 Sed
551 1971 680 2010 quom
716 1956 854 1997 multa
890 1956 936 1997 in
973 1970 1021 1997 eo
1060 1956 1154 1998 loco
1196 1956 1424 2011 sepulchra

86 2014 285 2069 fuissent,
323 2017 498 2056 exarata
535 2018 651 2069 sunt3
690 2015 843 2056 statuit
875 2015 988 2056 enim
1019 2014 1250 2069 collegium
1281 2015 1422 2056 locum

86 2073 306 2128 publicum
335 2088 424 2115 non
452 2074 644 2139 potuisse
675 2074 844 2128 privata
875 2074 1084 2129 religione
1116 2074 1314 2129 obligari.

174 2131 268 2173 Iam
305 2135 446 2174 cetera
482 2133 527 2174 in
558 2144 625 2174 XII
657 2132 873 2173 minuendi
905 2135 1102 2187 sumptus
1134 2135 1234 2173 sunt
1265 2133 1422 2173 lamen-

34 2201 68 2227 8.-
88 2190 349 2245 tationisque
391 2191 602 2245 funebris,
645 2191 860 2232 translata
898 2191 948 2232 de
987 2190 1157 2233 Solonis
1194 2191 1282 2232 fere
1320 2191 1423 2246 legi-

87 2248 181 2290 bus.
236 2248 342 2291 Hoc
378 2250 512 2304 plus,
549 2250 700 2304 inquit,
738 2264 797 2291 ne
827 2250 1005 2291 facito:
1050 2249 1244 2304 Rogum
1276 2263 1422 2291 ascea

85 2321 146 2349 ne
176 2307 356 2363 polito.
404 2307 568 2363 Nostis,
595 2323 702 2363 quae
729 2311 981 2363 sequuntur,
1014 2308 1280 2349 discebamus
1308 2307 1420 2349 enim

172 840 271 881 ATT.
297 838 444 893 Video,
471 853 578 894 quae
604 839 691 880 sint
715 839 760 880 in
784 839 1005 894 pontificio
1026 839 1128 893 iure,
1155 838 1229 881 sed
1250 853 1421 893 quaero,
1435 818 1491 902 ἓξ

1448 2139 1491 2171 59
