1685 2568
415 98 504 134 LIB.
531 98 575 134 Π.
609 97 709 132 ΟΑΡ.
739 101 886 133 16-19.
918 101 937 138 ξ
963 100 1114 132 44-49.
1376 97 1432 139 63

97 194 337 250 cylindrum
369 197 412 236 et
431 192 708 250 ‚pyramidem
732 192 1023 248 pulchriorem
1050 206 1179 246 quam
1204 192 1431 247 sphaeram

96 254 242 296 videri.
292 253 464 295 Novum
491 252 623 294 etiam
648 251 869 293 oculorum
894 250 1096 292 iudicium
1121 250 1304 292 habetis.
1351 249 1432 291 Sed

97 313 184 354 sint
214 312 300 353 ista
331 311 580 367 pulchriora
612 310 835 351 dumtaxat
867 311 1055 365 aspectu,
1090 309 1204 364 quod
1234 309 1341 350 mihi
1371 311 1433 350 ta-

97 386 195 412 men
218 371 361 426 ipsum
386 384 473 412 non
497 369 683 422 videtur3
715 368 817 422 quid
840 368 952 410 enim
972 368 1192 423 pulchrius
1213 382 1263 409 ea
1281 368 1432 423 figura,

4 458 8 485 Ι
60 443 78 469 s
98 444 205 484 quae
233 430 327 471 sola
353 428 490 471 omnis
518 427 625 469 alias
651 427 812 482 figuras
839 427 1061 482 complexa
1080 427 1282 481 continet,
1309 440 1433 480 quae-

32 495 33 556 l
97 503 178 543 que
214 488 324 529 nihil
362 486 610 542 asperitatis
641 486 817 540 habere,
853 485 963 527 nihil
996 485 1244 527 offensionis
1275 486 1433 540 potest,

32 558 33 563 ¹
95 547 205 588 nihil
231 547 413 588 incisum
439 545 623 600 angulis,
653 544 763 585 nihil
790 544 1066 599 anfractibus,
1097 543 1207 585 nihil
1228 544 1434 597 eminens,

32 565 35 655 l
94 606 205 648 nihil
249 605 530 648 lacunosum?
581 618 760 657 cumque
805 603 911 645 duae
953 603 1119 645 formae
1161 604 1432 658 praestantes

33 659 35 694 ἶ
97 665 196 718 sint,
228 678 279 705 ex
310 662 460 706 solidis
492 662 648 719 globus
679 661 760 718 (sic
792 662 904 703 enim
936 669 1132 716 σφαῖραν
1156 660 1435 716 interpretari

47 739 77 763 10
95 721 269 778 placet),
300 736 351 763 ex
375 721 517 777 planis
544 724 688 763 autem
714 721 896 763 circulus
923 723 998 762 aut
1023 721 1152 775 orbis,
1184 720 1258 775 qui
1275 717 1436 768 κύκλος

97 781 257 823 Graece
289 780 463 835 dicitur,
502 780 570 822 his
603 780 767 821 duabus
798 779 950 822 formis
982 779 1195 835 contingit
1227 779 1350 833 solis,
1386 781 1435 820 ut

35 865 37 878 .
96 854 244 882 onmes
276 854 422 881 earum
447 842 595 895 partes
622 839 709 880 sint
733 839 846 880 inter
871 853 916 880 se
943 838 1202 880 simillumae
1229 853 1254 879 a
1278 836 1435 879 medio-

35 892 38 937 1
97 913 178 954 que
209 898 463 940 tantundem
495 898 611 939 absit
642 899 892 952 extremum,
924 912 1007 952 quo
1038 897 1148 938 nihil
1172 897 1266 938 fieri
1290 898 1436 952 potest

36 941 38 1002 l
97 957 252 1012 aptius.
315 955 397 998 Sed
428 957 465 998 si
496 956 602 999 haec
630 971 718 998 non
747 956 915 1010 videtis,
947 956 1048 1011 quia
1076 970 1314 1010 numquam
1345 969 1435 997 eru·
1461 962 1504 994 48

9 1047 17 1072 ·.=
37 1014 77 1068 }·5
98 1017 235 1058 ditum
260 1016 385 1057 illum
409 1016 631 1071 pulverem
652 1015 874 1071 attigistis,
898 1029 952 1056 ne
971 1015 1053 1057 hoc
1073 1015 1244 1069 quidem
1269 1014 1437 1070 physici

0 1072 1 1075 ¹
38 1069 40 1112 ἶ
96 1075 348 1131 intellegere
378 1074 602 1130 potuistis,
639 1074 750 1116 hanc
781 1073 1135 1127 aequabilitatem
1166 1076 1309 1115 motus
1342 1087 1436 1115 con-

97 1134 390 1188 stantiamque
422 1133 619 1174 ordinum
650 1132 695 1173 in
726 1132 813 1173 alia
842 1133 983 1188 figura
1013 1147 1100 1174 non
1130 1132 1323 1187 potuisse
1353 1146 1437 1173 ser-

40 1188 42 1246 l
96 1193 218 1235 vari?
279 1191 432 1245 Itaque
462 1191 571 1232 nihil
603 1193 748 1245 potest
779 1205 871 1232 esse
902 1191 1130 1246 indoctius,
1163 1205 1291 1245 quam
1324 1191 1437 1245 quod

0 1288 4 1295 ,
40 1255 43 1292 l
97 1266 124 1293 a
153 1250 276 1293 vobis
309 1250 529 1292 adfirmari
560 1250 682 1292 solet.
735 1248 826 1291 Nec
857 1249 971 1291 enim
1001 1250 1115 1292 hunc
1144 1249 1288 1305 ipsum
1318 1264 1437 1291 mun-

13 1343 20 1359 ,
41 1308 78 1374 k
97 1310 198 1352 dum
217 1324 295 1365 pro
316 1311 432 1352 certo
453 1308 684 1351 rotundum
705 1322 799 1350 esse
819 1308 978 1363 dicitis3
996 1324 1098 1350 nam
1118 1323 1245 1364 posse
1264 1308 1369 1363 fieri,
1388 1310 1437 1350 ut

42 1384 44 1392 ⁴
98 1369 156 1411 sit
181 1368 268 1410 alia
290 1368 443 1424 figura,
468 1367 886 1422 innumerabilesque
912 1367 1094 1410 mundos
1120 1367 1229 1410 alios
1253 1367 1437 1409 aliarum

44 1454 45 1458 =
97 1442 190 1470 esse
208 1427 459 1470 formarum.
491 1426 619 1481 Quae,
641 1426 689 1481 si,
708 1426 775 1468 bis
794 1426 898 1467 bina
918 1429 1023 1481 quot
1042 1429 1199 1482 essent,
1219 1426 1437 1468 didicisset
1462 1436 1506 1467 49

96 1485 320 1542 Epicurus,
352 1488 466 1528 certe
495 1500 584 1528 non
615 1485 790 1540 diceret,
822 1485 896 1526 sed
928 1485 1028 1527 dum
1058 1486 1221 1541 palato,
1253 1485 1354 1540 quid
1380 1485 1436 1527 sit

98 1546 328 1601 optimum,
366 1544 545 1600 iudicat,
583 1544 736 1586 ‘caeli
773 1544 1037 1600 palatum',
1080 1546 1129 1586 ut
1166 1544 1228 1586 ait
1258 1544 1436 1599 Ennius,

17 1617 80 1650 ἕ5
98 1619 186 1647 non
230 1603 432 1659 suspexit.
493 1603 608 1645 Nam
651 1618 747 1645 cum
790 1603 871 1645 duo
917 1603 1004 1644 sint
1042 1617 1201 1659 genera
1238 1603 1436 1658 siderum,
1454 1604 1506 1646 19

99 1678 281 1719 quorum
307 1663 492 1704 alterum
517 1662 670 1718 spatiis
695 1662 1024 1704 inmutabilibus
1050 1662 1104 1704 ab
1126 1665 1224 1704 ortu
1244 1662 1298 1704 ad
1321 1677 1438 1704 occa-

48 1739 49 1776 g
98 1737 194 1764 sum
225 1736 469 1764 commeans
499 1721 668 1763 nullum
698 1736 903 1776 umquam
934 1735 1083 1763 cursus
1113 1721 1179 1763 sui
1203 1721 1437 1777 vestigium

48 1802 51 1838 33
96 1781 307 1835 inflectat,
345 1781 531 1822 alterum
568 1782 712 1822 autem
745 1780 968 1822 continuas
1001 1780 1299 1823 conversiones
1332 1781 1436 1822 duas

48 1843 52 1867 Ἴ
96 1840 233 1882 isdem
265 1839 417 1895 spatiis
450 1839 729 1894 cursibusque
760 1839 979 1893 conficiat,
1021 1854 1072 1881 ex
1102 1842 1285 1894 utraque
1316 1854 1362 1881 re
1394 1842 1437 1881 et

64 1898 246 1940 omundi
287 1898 558 1952 volubilitas,
602 1912 710 1953 quae
745 1897 830 1939 nisi
866 1898 912 1940 in
949 1898 1132 1954 globosa
1166 1897 1308 1940 forma
1345 1912 1437 1940 esse

99 1971 187 1998 non
209 1959 369 2012 posset,
395 1959 438 1999 et
463 1957 688 1999 stellarum
707 1957 881 1999 rotundi
900 1957 1087 1999 ambitus
1109 1959 1437 2013 cognoscuntur.

4 754 12 777 Ι]

101 2133 197 2175 dem
235 2133 361 2175 modo
397 2133 483 2188 his,
526 2134 653 2176 modo
690 2133 780 2175 illis
818 2148 869 2175 ex
899 2134 1097 2189 partibus
1129 2136 1298 2189 opacet,
1341 2134 1438 2189 ipsa
1476 2185 1479 2188 Α

98 2253 327 2292 turnorum
371 2252 514 2292 autem
557 2251 796 2305 spatiorum
843 2252 990 2294 eadem
1034 2254 1100 2294 est
1140 2251 1437 2306 aequabilitas,

101 2323 208 2365 quae
246 2309 513 2363 diurnorum3
551 2309 822 2365 eiusdemque
861 2310 965 2352 solis
1002 2312 1095 2352 tum
1124 2324 1318 2353 accessus
1350 2323 1438 2351 mo—

53 2289 57 2359 1

98 2015 352 2071 Primusque
390 2016 474 2071 sol,
515 2016 588 2071 qui
625 2018 841 2058 astrorum
878 2018 996 2058 tenet
1026 2016 1334 2072 principatum,
1374 2016 1472 2066 itae„
1501 2021 1513 2043 ⁴

100 2077 314 2129 movetur,
344 2077 404 2129 ut,
435 2089 530 2117 cum
563 2077 702 2116 terras
734 2075 859 2131 larga
890 2075 982 2117 luce
1015 2075 1311 2131 compleverit,
1349 2090 1437 2117 eas-
1467 2099 1470 2105 ·
1520 2113 1541 2119 ,.

64 2202 80 2229 5
100 2191 214 2234 enim
253 2191 408 2233 umbra
437 2194 578 2234 terrae
615 2192 698 2234 soli
729 2192 919 2235 officiens
951 2195 1122 2235 noctem
1153 2193 1302 2247 efficit3
1341 2207 1437 2234 noc·
1477 2191 1481 2205 ¹
1533 2188 1542 2198 ἶ
1600 2189 1604 2197 ’
