<?xml version="1.0" encoding="UTF-8"?>
<!DOCTYPE html PUBLIC "-//W3C//DTD XHTML 1.0 Transitional//EN"
    "http://www.w3.org/TR/xhtml1/DTD/xhtml1-transitional.dtd">
<html xmlns="http://www.w3.org/1999/xhtml" xml:lang="en" lang="en">
 <head>
  <title>
</title>
<meta http-equiv="Content-Type" content="text/html;charset=utf-8" />
  <meta name='ocr-system' content='tesseract 3.04.00' />
  <meta name='ocr-capabilities' content='ocr_page ocr_carea ocr_par ocr_line ocrx_word'/>
</head>
<body>
  <div class='ocr_page' id='page_1' title='image "./p2scriptaquaemanse04ciceuoft_0289.png"; bbox 0 0 1685 2568; ppageno 0'>
   <div class='ocr_carea' id='block_1_1' title="bbox 378 119 1413 163">
    <p class='ocr_par' dir='ltr' id='par_1_1' title="bbox 378 119 1413 163">
     <span class='ocr_line' id='line_1_1' title="bbox 378 119 1413 163; baseline -0.001 -7"><span class='ocrx_word' id='word_1_1' title='bbox 378 120 468 157; x_wconf 87' lang='lat' dir='ltr'><strong>LIB.</strong></span> <span class='ocrx_word' id='word_1_2' title='bbox 494 121 538 156; x_wconf 91' lang='lat'>11.</span> <span class='ocrx_word' id='word_1_3' title='bbox 572 119 672 155; x_wconf 87' lang='lat' dir='ltr'>CAP.</span> <span class='ocrx_word' id='word_1_4' title='bbox 699 123 849 155; x_wconf 87' lang='lat'><strong>53—55.</strong></span> <span class='ocrx_word' id='word_1_5' title='bbox 881 123 900 162; x_wconf 66' lang='grc' dir='ltr'>ξ</span> <span class='ocrx_word' id='word_1_6' title='bbox 929 124 1124 156; x_wconf 85' lang='grc'>109-114,</span> <span class='ocrx_word' id='word_1_7' title='bbox 1328 121 1413 163; x_wconf 76' lang='grc'>237</span> 
     </span>
    </p>
   </div>
   <div class='ocr_carea' id='block_1_2' title="bbox 28 215 1490 2387">
    <p class='ocr_par' dir='ltr' id='par_1_2' title="bbox 78 215 1485 447">
     <span class='ocr_line' id='line_1_2' title="bbox 80 215 1416 272; baseline -0.001 -12"><span class='ocrx_word' id='word_1_8' title='bbox 80 227 228 261; x_wconf 75' lang='lat' dir='ltr'><strong>FECIT.</strong></span> <span class='ocrx_word' id='word_1_9' title='bbox 271 216 321 258; x_wconf 90' lang='lat' dir='ltr'>Id</span> <span class='ocrx_word' id='word_1_10' title='bbox 346 219 460 258; x_wconf 88' lang='lat' dir='ltr'>certe</span> <span class='ocrx_word' id='word_1_11' title='bbox 486 216 626 272; x_wconf 86' lang='lat' dir='ltr'>magis</span> <span class='ocrx_word' id='word_1_12' title='bbox 653 217 719 257; x_wconf 89' lang='lat' dir='ltr'>est</span> <span class='ocrx_word' id='word_1_13' title='bbox 745 215 901 256; x_wconf 86' lang='lat' dir='ltr'>attenti</span> <span class='ocrx_word' id='word_1_14' title='bbox 921 215 1053 256; x_wconf 88' lang='lat' dir='ltr'>animi</span> <span class='ocrx_word' id='word_1_15' title='bbox 1074 230 1202 270; x_wconf 89' lang='lat' dir='ltr'>quam</span> <span class='ocrx_word' id='word_1_16' title='bbox 1221 215 1416 258; x_wconf 89' lang='lat' dir='ltr'>furentis.</span> 
     </span>
     <span class='ocr_line' id='line_1_3' title="bbox 79 274 1485 330; baseline -0.004 -12"><span class='ocrx_word' id='word_1_17' title='bbox 79 278 221 330; x_wconf 80' lang='lat' dir='ltr'><strong>Atque</strong></span> <span class='ocrx_word' id='word_1_18' title='bbox 259 275 303 316; x_wconf 92' lang='lat' dir='ltr'>in</span> <span class='ocrx_word' id='word_1_19' title='bbox 335 274 557 329; x_wconf 82' lang='lat' dir='ltr'>Sibyllinis</span> <span class='ocrx_word' id='word_1_20' title='bbox 590 289 641 316; x_wconf 84' lang='lat' dir='ltr'>ex</span> <span class='ocrx_word' id='word_1_21' title='bbox 672 274 812 329; x_wconf 88' lang='lat' dir='ltr'>primo</span> <span class='ocrx_word' id='word_1_22' title='bbox 844 288 970 314; x_wconf 88' lang='lat' dir='ltr'>versu</span> <span class='ocrx_word' id='word_1_23' title='bbox 1002 274 1205 328; x_wconf 86' lang='lat' dir='ltr'>cuiusque</span> <span class='ocrx_word' id='word_1_24' title='bbox 1238 278 1403 317; x_wconf 89' lang='lat' dir='ltr'>senten·</span> <span class='ocrx_word' id='word_1_25' title='bbox 1419 284 1485 315; x_wconf 82' lang='lat'>112</span> 
     </span>
     <span class='ocr_line' id='line_1_4' title="bbox 78 332 1418 390; baseline -0.002 -14"><span class='ocrx_word' id='word_1_26' title='bbox 78 336 163 376; x_wconf 88' lang='lat' dir='ltr'>tiae</span> <span class='ocrx_word' id='word_1_27' title='bbox 186 334 339 390; x_wconf 84' lang='lat' dir='ltr'>primis</span> <span class='ocrx_word' id='word_1_28' title='bbox 365 334 523 376; x_wconf 87' lang='lat' dir='ltr'>litteris</span> <span class='ocrx_word' id='word_1_29' title='bbox 549 333 666 375; x_wconf 90' lang='lat' dir='ltr'>illius</span> <span class='ocrx_word' id='word_1_30' title='bbox 693 332 930 375; x_wconf 80' lang='lat' dir='ltr'>sententiae</span> <span class='ocrx_word' id='word_1_31' title='bbox 957 347 1131 374; x_wconf 85' lang='lat' dir='ltr'>carmen</span> <span class='ocrx_word' id='word_1_32' title='bbox 1154 347 1278 374; x_wconf 88' lang='lat' dir='ltr'>omne</span> <span class='ocrx_word' id='word_1_33' title='bbox 1298 347 1418 387; x_wconf 87' lang='lat' dir='ltr'>prae-</span> 
     </span>
     <span class='ocr_line' id='line_1_5' title="bbox 78 387 1417 447; baseline -0.001 -13"><span class='ocrx_word' id='word_1_34' title='bbox 78 387 248 437; x_wconf 78' lang='lat' dir='ltr'>texitur.</span> <span class='ocrx_word' id='word_1_35' title='bbox 308 389 403 433; x_wconf 90' lang='lat' dir='ltr'>Hoc</span> <span class='ocrx_word' id='word_1_36' title='bbox 440 391 664 447; x_wconf 88' lang='lat' dir='ltr'>scriptoris</span> <span class='ocrx_word' id='word_1_37' title='bbox 696 394 780 445; x_wconf 88' lang='lat' dir='ltr'>est,</span> <span class='ocrx_word' id='word_1_38' title='bbox 817 405 903 432; x_wconf 90' lang='lat' dir='ltr'>non</span> <span class='ocrx_word' id='word_1_39' title='bbox 933 390 1134 444; x_wconf 77' lang='lat' dir='ltr'>furentis,</span> <span class='ocrx_word' id='word_1_40' title='bbox 1173 391 1417 433; x_wconf 76' lang='lat' dir='ltr'>adhibentis</span> 
     </span>
    </p>

    <p class='ocr_par' dir='ltr' id='par_1_3' title="bbox 44 425 1419 740">
     <span class='ocr_line' id='line_1_6' title="bbox 44 425 1418 506; baseline -0.002 -13"><span class='ocrx_word' id='word_1_41' title='bbox 44 465 60 492; x_wconf 85' lang='lat'><strong>5</strong></span> <span class='ocrx_word' id='word_1_42' title='bbox 79 450 360 506; x_wconf 77' lang='lat' dir='ltr'>diligentiam,</span> <span class='ocrx_word' id='word_1_43' title='bbox 392 464 479 491; x_wconf 91' lang='lat' dir='ltr'>non</span> <span class='ocrx_word' id='word_1_44' title='bbox 510 450 661 491; x_wconf 81' lang='lat' dir='ltr'>insani.</span> <span class='ocrx_word' id='word_1_45' title='bbox 711 448 848 498; x_wconf 84' lang='lat' dir='ltr'>Quam</span> <span class='ocrx_word' id='word_1_46' title='bbox 880 449 935 490; x_wconf 93' lang='lat' dir='ltr'>ob</span> <span class='ocrx_word' id='word_1_47' title='bbox 967 464 1058 490; x_wconf 91' lang='lat' dir='ltr'>rem</span> <span class='ocrx_word' id='word_1_48' title='bbox 1084 425 1297 504; x_wconf 81' lang='lat' dir='ltr'>Sibyllam</span> <span class='ocrx_word' id='word_1_49' title='bbox 1329 450 1418 504; x_wconf 90' lang='lat' dir='ltr'>qui-</span> 
     </span>
     <span class='ocr_line' id='line_1_7' title="bbox 79 508 1419 564; baseline -0.001 -13"><span class='ocrx_word' id='word_1_50' title='bbox 79 511 174 552; x_wconf 89' lang='lat' dir='ltr'>dem</span> <span class='ocrx_word' id='word_1_51' title='bbox 212 509 449 564; x_wconf 79' lang='lat' dir='ltr'>sepositam</span> <span class='ocrx_word' id='word_1_52' title='bbox 487 511 530 549; x_wconf 90' lang='lat' dir='ltr'>et</span> <span class='ocrx_word' id='word_1_53' title='bbox 568 508 783 550; x_wconf 85' lang='lat' dir='ltr'>conditam</span> <span class='ocrx_word' id='word_1_54' title='bbox 820 508 1073 561; x_wconf 79' lang='lat' dir='ltr'>habeamus,</span> <span class='ocrx_word' id='word_1_55' title='bbox 1116 511 1182 562; x_wconf 87' lang='lat' dir='ltr'>ut,</span> <span class='ocrx_word' id='word_1_56' title='bbox 1224 508 1267 549; x_wconf 91' lang='lat' dir='ltr'>id</span> <span class='ocrx_word' id='word_1_57' title='bbox 1305 508 1419 563; x_wconf 91' lang='lat' dir='ltr'>quod</span> 
     </span>
     <span class='ocr_line' id='line_1_8' title="bbox 78 567 1419 624; baseline -0.001 -14"><span class='ocrx_word' id='word_1_58' title='bbox 78 567 294 624; x_wconf 90' lang='lat' dir='ltr'>proditum</span> <span class='ocrx_word' id='word_1_59' title='bbox 323 569 388 608; x_wconf 93' lang='lat' dir='ltr'>est</span> <span class='ocrx_word' id='word_1_60' title='bbox 415 582 440 608; x_wconf 90' lang='lat' dir='ltr'>a</span> <span class='ocrx_word' id='word_1_61' title='bbox 466 567 714 622; x_wconf 89' lang='lat' dir='ltr'>maioribus,</span> <span class='ocrx_word' id='word_1_62' title='bbox 745 567 911 608; x_wconf 84' lang='lat' dir='ltr'>iniussu</span> <span class='ocrx_word' id='word_1_63' title='bbox 938 569 1111 608; x_wconf 88' lang='lat' dir='ltr'>senatus</span> <span class='ocrx_word' id='word_1_64' title='bbox 1136 581 1190 608; x_wconf 89' lang='grc'>110</span> <span class='ocrx_word' id='word_1_65' title='bbox 1215 567 1419 622; x_wconf 84' lang='lat' dir='ltr'>legantur</span> 
     </span>
     <span class='ocr_line' id='line_1_9' title="bbox 79 625 1418 682; baseline -0.001 -15"><span class='ocrx_word' id='word_1_66' title='bbox 79 626 248 682; x_wconf 90' lang='lat' dir='ltr'>quidem</span> <span class='ocrx_word' id='word_1_67' title='bbox 289 625 391 667; x_wconf 85' lang='lat' dir='ltr'>libri</span> <span class='ocrx_word' id='word_1_68' title='bbox 428 626 686 680; x_wconf 87' lang='lat' dir='ltr'>valeantque</span> <span class='ocrx_word' id='word_1_69' title='bbox 725 626 778 667; x_wconf 90' lang='lat' dir='ltr'>ad</span> <span class='ocrx_word' id='word_1_70' title='bbox 810 625 1080 680; x_wconf 85' lang='lat' dir='ltr'>deponendas</span> <span class='ocrx_word' id='word_1_71' title='bbox 1111 625 1257 680; x_wconf 89' lang='lat' dir='ltr'>potius</span> <span class='ocrx_word' id='word_1_72' title='bbox 1289 640 1418 680; x_wconf 89' lang='lat' dir='ltr'>quam</span> 
     </span>
     <span class='ocr_line' id='line_1_10' title="bbox 78 684 1419 740; baseline -0.001 -13"><span class='ocrx_word' id='word_1_73' title='bbox 78 685 130 728; x_wconf 89' lang='lat' dir='ltr'>ad</span> <span class='ocrx_word' id='word_1_74' title='bbox 157 684 447 740; x_wconf 87' lang='lat' dir='ltr'>suscipiendas</span> <span class='ocrx_word' id='word_1_75' title='bbox 473 684 721 738; x_wconf 79' lang='lat' dir='ltr'>ieligiones3</span> <span class='ocrx_word' id='word_1_76' title='bbox 748 699 843 726; x_wconf 88' lang='lat' dir='ltr'>cum</span> <span class='ocrx_word' id='word_1_77' title='bbox 864 684 1133 725; x_wconf 88' lang='lat' dir='ltr'>antistitibus</span> <span class='ocrx_word' id='word_1_78' title='bbox 1154 698 1345 739; x_wconf 83' lang='lat' dir='ltr'>agamus,</span> <span class='ocrx_word' id='word_1_79' title='bbox 1370 687 1419 726; x_wconf 89' lang='lat' dir='ltr'>ut</span> 
     </span>
    </p>

    <p class='ocr_par' dir='ltr' id='par_1_4' title="bbox 29 742 1431 903">
     <span class='ocr_line' id='line_1_11' title="bbox 29 742 1431 799; baseline 0.001 -16"><span class='ocrx_word' id='word_1_80' title='bbox 29 758 60 784; x_wconf 82' lang='grc' dir='ltr'>ιο</span> <span class='ocrx_word' id='word_1_81' title='bbox 79 743 246 799; x_wconf 84' lang='lat' dir='ltr'>quidvis</span> <span class='ocrx_word' id='word_1_82' title='bbox 284 743 429 798; x_wconf 87' lang='lat' dir='ltr'>potius</span> <span class='ocrx_word' id='word_1_83' title='bbox 468 758 517 784; x_wconf 86' lang='lat' dir='ltr'>ex</span> <span class='ocrx_word' id='word_1_84' title='bbox 555 743 643 784; x_wconf 89' lang='lat' dir='ltr'>illis</span> <span class='ocrx_word' id='word_1_85' title='bbox 682 743 806 784; x_wconf 89' lang='lat' dir='ltr'>libris</span> <span class='ocrx_word' id='word_1_86' title='bbox 845 758 973 797; x_wconf 91' lang='lat' dir='ltr'>quam</span> <span class='ocrx_word' id='word_1_87' title='bbox 1004 757 1151 798; x_wconf 85' lang='lat' dir='ltr'>regem</span> <span class='ocrx_word' id='word_1_88' title='bbox 1182 742 1431 798; x_wconf 64' lang='lat' dir='ltr'>proferant„</span> 
     </span>
     <span class='ocr_line' id='line_1_12' title="bbox 78 801 1426 857; baseline -0.001 -13"><span class='ocrx_word' id='word_1_89' title='bbox 78 817 202 857; x_wconf 90' lang='lat' dir='ltr'>quem</span> <span class='ocrx_word' id='word_1_90' title='bbox 243 801 406 843; x_wconf 88' lang='lat' dir='ltr'>Romae</span> <span class='ocrx_word' id='word_1_91' title='bbox 446 802 629 857; x_wconf 89' lang='lat' dir='ltr'>posthac</span> <span class='ocrx_word' id='word_1_92' title='bbox 669 816 747 844; x_wconf 89' lang='lat' dir='ltr'>nec</span> <span class='ocrx_word' id='word_1_93' title='bbox 788 802 831 842; x_wconf 91' lang='lat' dir='ltr'>di</span> <span class='ocrx_word' id='word_1_94' title='bbox 869 816 947 843; x_wconf 88' lang='lat' dir='ltr'>nec</span> <span class='ocrx_word' id='word_1_95' title='bbox 986 801 1181 843; x_wconf 89' lang='lat' dir='ltr'>homines</span> <span class='ocrx_word' id='word_1_96' title='bbox 1221 816 1312 843; x_wconf 89' lang='lat' dir='ltr'>esse</span> <span class='ocrx_word' id='word_1_97' title='bbox 1346 816 1426 857; x_wconf 90' lang='lat' dir='ltr'>pa·</span> 
     </span>
     <span class='ocr_line' id='line_1_13' title="bbox 77 861 249 903; baseline -0.006 0"><span class='ocrx_word' id='word_1_98' title='bbox 77 861 249 903; x_wconf 89' lang='lat' dir='ltr'>tientur.</span> 
     </span>
    </p>

    <p class='ocr_par' dir='ltr' id='par_1_5' title="bbox 29 918 1490 1326">
     <span class='ocr_line' id='line_1_14' title="bbox 163 918 1490 975; baseline 0.002 -14"><span class='ocrx_word' id='word_1_99' title='bbox 163 919 225 961; x_wconf 90' lang='lat' dir='ltr'>At</span> <span class='ocrx_word' id='word_1_100' title='bbox 255 920 384 961; x_wconf 86' lang='lat' dir='ltr'>multi</span> <span class='ocrx_word' id='word_1_101' title='bbox 415 934 541 975; x_wconf 86' lang='lat' dir='ltr'>saepe</span> <span class='ocrx_word' id='word_1_102' title='bbox 573 934 675 960; x_wconf 85' lang='lat' dir='ltr'>vera</span> <span class='ocrx_word' id='word_1_103' title='bbox 705 919 942 974; x_wconf 84' lang='lat' dir='ltr'>vaticinati,</span> <span class='ocrx_word' id='word_1_104' title='bbox 974 922 1023 960; x_wconf 91' lang='lat' dir='ltr'>ut</span> <span class='ocrx_word' id='word_1_105' title='bbox 1054 918 1314 961; x_wconf 84' lang='lat' dir='ltr'>Cassandra:</span> <span class='ocrx_word' id='word_1_106' title='bbox 1433 921 1490 963; x_wconf 83' lang='lat'>55</span> 
     </span>
     <span class='ocr_line' id='line_1_15' title="bbox 239 977 900 1034; baseline 0 -15"><span class='ocrx_word' id='word_1_107' title='bbox 239 977 448 1033; x_wconf 89' lang='lat' dir='ltr'>Iamque</span> <span class='ocrx_word' id='word_1_108' title='bbox 479 978 607 1019; x_wconf 87' lang='lat' dir='ltr'>mari</span> <span class='ocrx_word' id='word_1_109' title='bbox 638 992 870 1034; x_wconf 85' lang='lat' dir='ltr'>magno..</span> <span class='ocrx_word' id='word_1_110' title='bbox 891 1011 900 1020; x_wconf 88' lang='lat'>.</span> 
     </span>
     <span class='ocr_line' id='line_1_16' title="bbox 29 1037 624 1093; baseline 0.002 -16"><span class='ocrx_word' id='word_1_111' title='bbox 29 1051 61 1078; x_wconf 86' lang='lat'>15</span> <span class='ocrx_word' id='word_1_112' title='bbox 80 1037 311 1092; x_wconf 87' lang='lat' dir='ltr'>eademque</span> <span class='ocrx_word' id='word_1_113' title='bbox 344 1037 475 1093; x_wconf 90' lang='lat' dir='ltr'>paulo</span> <span class='ocrx_word' id='word_1_114' title='bbox 506 1040 624 1092; x_wconf 92' lang='lat' dir='ltr'>post:</span> 
     </span>
     <span class='ocr_line' id='line_1_17' title="bbox 242 1096 668 1138; baseline 0 -1"><span class='ocrx_word' id='word_1_115' title='bbox 242 1097 386 1138; x_wconf 86' lang='lat' dir='ltr'>Eheu</span> <span class='ocrx_word' id='word_1_116' title='bbox 416 1096 668 1138; x_wconf 85' lang='lat' dir='ltr'>videte...</span> 
     </span>
     <span class='ocr_line' id='line_1_18' title="bbox 77 1153 1488 1211; baseline -0.001 -14"><span class='ocrx_word' id='word_1_117' title='bbox 77 1155 192 1197; x_wconf 89' lang='lat' dir='ltr'>Num</span> <span class='ocrx_word' id='word_1_118' title='bbox 224 1155 358 1211; x_wconf 82' lang='lat' dir='ltr'>igitur</span> <span class='ocrx_word' id='word_1_119' title='bbox 389 1169 457 1196; x_wconf 90' lang='lat' dir='ltr'>me</span> <span class='ocrx_word' id='word_1_120' title='bbox 486 1155 604 1210; x_wconf 84' lang='lat' dir='ltr'>cogis</span> <span class='ocrx_word' id='word_1_121' title='bbox 632 1154 762 1196; x_wconf 90' lang='lat' dir='ltr'>etiam</span> <span class='ocrx_word' id='word_1_122' title='bbox 787 1153 946 1196; x_wconf 89' lang='lat' dir='ltr'>fabulis</span> <span class='ocrx_word' id='word_1_123' title='bbox 973 1154 1172 1196; x_wconf 80' lang='lat' dir='ltr'>credere?</span> <span class='ocrx_word' id='word_1_124' title='bbox 1205 1168 1313 1208; x_wconf 89' lang='lat' dir='ltr'>quae</span> <span class='ocrx_word' id='word_1_125' title='bbox 1341 1154 1488 1195; x_wconf 90' lang='lat' dir='ltr'>de-113</span> 
     </span>
     <span class='ocr_line' id='line_1_19' title="bbox 77 1213 1419 1268; baseline -0.002 -12"><span class='ocrx_word' id='word_1_126' title='bbox 77 1214 318 1256; x_wconf 88' lang='lat' dir='ltr'>lectationis</span> <span class='ocrx_word' id='word_1_127' title='bbox 349 1213 556 1267; x_wconf 87' lang='lat' dir='ltr'>habeant,</span> <span class='ocrx_word' id='word_1_128' title='bbox 596 1215 803 1268; x_wconf 90' lang='lat' dir='ltr'>quantum</span> <span class='ocrx_word' id='word_1_129' title='bbox 836 1213 974 1265; x_wconf 87' lang='lat' dir='ltr'>voles,</span> <span class='ocrx_word' id='word_1_130' title='bbox 1005 1213 1148 1254; x_wconf 85' lang='lat' dir='ltr'>verbis</span> <span class='ocrx_word' id='word_1_131' title='bbox 1181 1213 1419 1267; x_wconf 87' lang='lat' dir='ltr'>sententiis,</span> 
     </span>
     <span class='ocr_line' id='line_1_20' title="bbox 77 1271 1420 1326; baseline -0.001 -12"><span class='ocrx_word' id='word_1_132' title='bbox 77 1273 266 1314; x_wconf 89' lang='lat' dir='ltr'>numeris</span> <span class='ocrx_word' id='word_1_133' title='bbox 293 1272 490 1314; x_wconf 73' lang='lat' dir='ltr'>cantibus</span> <span class='ocrx_word' id='word_1_134' title='bbox 515 1272 786 1326; x_wconf 79' lang='lat' dir='ltr'>adiuventur3</span> <span class='ocrx_word' id='word_1_135' title='bbox 813 1271 1117 1313; x_wconf 87' lang='lat' dir='ltr'>auctoritatem</span> <span class='ocrx_word' id='word_1_136' title='bbox 1138 1271 1309 1326; x_wconf 88' lang='lat' dir='ltr'>quidem</span> <span class='ocrx_word' id='word_1_137' title='bbox 1327 1272 1420 1313; x_wconf 90' lang='lat' dir='ltr'>nul-</span> 
     </span>
    </p>

    <p class='ocr_par' dir='ltr' id='par_1_6' title="bbox 28 1330 1419 1622">
     <span class='ocr_line' id='line_1_21' title="bbox 28 1330 1418 1385; baseline 0 -14"><span class='ocrx_word' id='word_1_138' title='bbox 28 1346 60 1371; x_wconf 79' lang='lat'>20</span> <span class='ocrx_word' id='word_1_139' title='bbox 78 1332 165 1373; x_wconf 91' lang='lat' dir='ltr'>lam</span> <span class='ocrx_word' id='word_1_140' title='bbox 197 1332 398 1373; x_wconf 88' lang='lat' dir='ltr'>debemus</span> <span class='ocrx_word' id='word_1_141' title='bbox 430 1345 507 1372; x_wconf 87' lang='lat' dir='ltr'>nec</span> <span class='ocrx_word' id='word_1_142' title='bbox 532 1331 660 1372; x_wconf 90' lang='lat' dir='ltr'>fidem</span> <span class='ocrx_word' id='word_1_143' title='bbox 686 1330 994 1372; x_wconf 81' lang='lat' dir='ltr'>commenticiis</span> <span class='ocrx_word' id='word_1_144' title='bbox 1020 1330 1148 1371; x_wconf 86' lang='lat' dir='ltr'>rebus</span> <span class='ocrx_word' id='word_1_145' title='bbox 1176 1330 1418 1385; x_wconf 81' lang='lat' dir='ltr'>adiungere.</span> 
     </span>
     <span class='ocr_line' id='line_1_22' title="bbox 76 1389 1419 1457; baseline -0.001 -25"><span class='ocrx_word' id='word_1_146' title='bbox 76 1391 323 1457; x_wconf 83' lang='lat' dir='ltr'>Eodemque</span> <span class='ocrx_word' id='word_1_147' title='bbox 355 1390 481 1431; x_wconf 90' lang='lat' dir='ltr'>modo</span> <span class='ocrx_word' id='word_1_148' title='bbox 513 1404 590 1431; x_wconf 90' lang='lat' dir='ltr'>nec</span> <span class='ocrx_word' id='word_1_149' title='bbox 622 1404 702 1445; x_wconf 80' lang='lat' dir='ltr'>ego</span> <span class='ocrx_word' id='word_1_150' title='bbox 728 1389 924 1431; x_wconf 90' lang='lat' dir='ltr'>Publicio</span> <span class='ocrx_word' id='word_1_151' title='bbox 949 1389 1092 1431; x_wconf 87' lang='lat' dir='ltr'>nescio</span> <span class='ocrx_word' id='word_1_152' title='bbox 1120 1389 1187 1430; x_wconf 91' lang='lat' dir='ltr'>cui</span> <span class='ocrx_word' id='word_1_153' title='bbox 1211 1403 1289 1430; x_wconf 88' lang='lat' dir='ltr'>nec</span> <span class='ocrx_word' id='word_1_154' title='bbox 1307 1389 1419 1430; x_wconf 90' lang='lat' dir='ltr'>Mar-</span> 
     </span>
     <span class='ocr_line' id='line_1_23' title="bbox 77 1447 1419 1504; baseline -0.001 -13"><span class='ocrx_word' id='word_1_155' title='bbox 77 1449 152 1492; x_wconf 86' lang='lat' dir='ltr'>ciis</span> <span class='ocrx_word' id='word_1_156' title='bbox 184 1449 356 1490; x_wconf 89' lang='lat' dir='ltr'>vatibus</span> <span class='ocrx_word' id='word_1_157' title='bbox 381 1463 458 1490; x_wconf 90' lang='lat' dir='ltr'>nec</span> <span class='ocrx_word' id='word_1_158' title='bbox 485 1449 704 1503; x_wconf 89' lang='lat' dir='ltr'>Apollinis</span> <span class='ocrx_word' id='word_1_159' title='bbox 731 1448 891 1504; x_wconf 86' lang='lat' dir='ltr'>opertis</span> <span class='ocrx_word' id='word_1_160' title='bbox 919 1448 1173 1490; x_wconf 88' lang='lat' dir='ltr'>credendum</span> <span class='ocrx_word' id='word_1_161' title='bbox 1200 1447 1419 1502; x_wconf 70' lang='lat' dir='ltr'>existimor,</span> 
     </span>
     <span class='ocr_line' id='line_1_24' title="bbox 78 1507 1418 1563; baseline -0.002 -13"><span class='ocrx_word' id='word_1_162' title='bbox 78 1523 258 1563; x_wconf 89' lang='lat' dir='ltr'>quorum</span> <span class='ocrx_word' id='word_1_163' title='bbox 302 1508 462 1563; x_wconf 88' lang='lat' dir='ltr'>partim</span> <span class='ocrx_word' id='word_1_164' title='bbox 505 1508 607 1549; x_wconf 90' lang='lat' dir='ltr'>ficta</span> <span class='ocrx_word' id='word_1_165' title='bbox 645 1510 809 1562; x_wconf 90' lang='lat' dir='ltr'>aperte,</span> <span class='ocrx_word' id='word_1_166' title='bbox 851 1507 1014 1562; x_wconf 85' lang='lat' dir='ltr'>partim</span> <span class='ocrx_word' id='word_1_167' title='bbox 1052 1507 1221 1548; x_wconf 85' lang='lat' dir='ltr'>effutita</span> <span class='ocrx_word' id='word_1_168' title='bbox 1257 1509 1418 1548; x_wconf 83' lang='lat' dir='ltr'>temere</span> 
     </span>
     <span class='ocr_line' id='line_1_25' title="bbox 76 1565 1418 1622; baseline -0.002 -13"><span class='ocrx_word' id='word_1_169' title='bbox 76 1582 311 1622; x_wconf 88' lang='lat' dir='ltr'>numquam</span> <span class='ocrx_word' id='word_1_170' title='bbox 353 1581 406 1608; x_wconf 88' lang='lat' dir='ltr'>ne</span> <span class='ocrx_word' id='word_1_171' title='bbox 451 1566 654 1608; x_wconf 88' lang='lat' dir='ltr'>mediocri</span> <span class='ocrx_word' id='word_1_172' title='bbox 699 1566 870 1620; x_wconf 89' lang='lat' dir='ltr'>quidem</span> <span class='ocrx_word' id='word_1_173' title='bbox 908 1566 1123 1620; x_wconf 86' lang='lat' dir='ltr'>cuiquam,</span> <span class='ocrx_word' id='word_1_174' title='bbox 1166 1580 1254 1607; x_wconf 88' lang='lat' dir='ltr'>non</span> <span class='ocrx_word' id='word_1_175' title='bbox 1290 1565 1418 1607; x_wconf 92' lang='lat' dir='ltr'>modo</span> 
     </span>
    </p>

    <p class='ocr_par' dir='ltr' id='par_1_7' title="bbox 28 1624 1489 1914">
     <span class='ocr_line' id='line_1_26' title="bbox 28 1624 1489 1682; baseline 0.001 -18"><span class='ocrx_word' id='word_1_176' title='bbox 28 1638 60 1665; x_wconf 83' lang='lat'>25</span> <span class='ocrx_word' id='word_1_177' title='bbox 78 1626 277 1682; x_wconf 85' lang='lat' dir='ltr'>prudenti</span> <span class='ocrx_word' id='word_1_178' title='bbox 306 1625 491 1680; x_wconf 87' lang='lat' dir='ltr'>probata</span> <span class='ocrx_word' id='word_1_179' title='bbox 523 1627 634 1667; x_wconf 89' lang='lat' dir='ltr'>sunt.</span> <span class='ocrx_word' id='word_1_180' title='bbox 690 1624 828 1674; x_wconf 79' lang='lat' dir='ltr'>Quid?</span> <span class='ocrx_word' id='word_1_181' title='bbox 860 1625 1039 1679; x_wconf 87' lang='lat' dir='ltr'>inquies,</span> <span class='ocrx_word' id='word_1_182' title='bbox 1070 1639 1214 1665; x_wconf 86' lang='lat' dir='ltr'>remex</span> <span class='ocrx_word' id='word_1_183' title='bbox 1244 1624 1319 1666; x_wconf 90' lang='lat' dir='ltr'>ille</span> <span class='ocrx_word' id='word_1_184' title='bbox 1352 1624 1403 1666; x_wconf 92' lang='lat' dir='ltr'>de</span> <span class='ocrx_word' id='word_1_185' title='bbox 1421 1633 1489 1664; x_wconf 89' lang='lat'>114</span> 
     </span>
     <span class='ocr_line' id='line_1_27' title="bbox 78 1682 1417 1739; baseline -0.001 -13"><span class='ocrx_word' id='word_1_186' title='bbox 78 1686 213 1727; x_wconf 89' lang='lat' dir='ltr'>classe</span> <span class='ocrx_word' id='word_1_187' title='bbox 246 1683 428 1739; x_wconf 87' lang='lat' dir='ltr'>Coponii</span> <span class='ocrx_word' id='word_1_188' title='bbox 463 1698 604 1726; x_wconf 86' lang='lat' dir='ltr'>nonne</span> <span class='ocrx_word' id='word_1_189' title='bbox 643 1698 692 1726; x_wconf 89' lang='lat' dir='ltr'>ea</span> <span class='ocrx_word' id='word_1_190' title='bbox 729 1683 960 1739; x_wconf 85' lang='lat' dir='ltr'>praedixit,</span> <span class='ocrx_word' id='word_1_191' title='bbox 1000 1697 1108 1738; x_wconf 91' lang='lat' dir='ltr'>quae</span> <span class='ocrx_word' id='word_1_192' title='bbox 1139 1682 1257 1725; x_wconf 84' lang='lat' dir='ltr'>facta</span> <span class='ocrx_word' id='word_1_193' title='bbox 1289 1683 1417 1725; x_wconf 82' lang='lat' dir='ltr'>sunt‘?</span> 
     </span>
     <span class='ocr_line' id='line_1_28' title="bbox 77 1743 1418 1797; baseline -0.001 -12"><span class='ocrx_word' id='word_1_194' title='bbox 77 1743 156 1785; x_wconf 86' lang='lat' dir='ltr'>Ille</span> <span class='ocrx_word' id='word_1_195' title='bbox 193 1758 313 1797; x_wconf 84' lang='lat' dir='ltr'>vero,</span> <span class='ocrx_word' id='word_1_196' title='bbox 351 1746 394 1784; x_wconf 88' lang='lat' dir='ltr'>et</span> <span class='ocrx_word' id='word_1_197' title='bbox 432 1758 482 1784; x_wconf 88' lang='lat' dir='ltr'>ea</span> <span class='ocrx_word' id='word_1_198' title='bbox 514 1743 702 1797; x_wconf 88' lang='lat' dir='ltr'>quidem,</span> <span class='ocrx_word' id='word_1_199' title='bbox 740 1757 847 1797; x_wconf 88' lang='lat' dir='ltr'>quae</span> <span class='ocrx_word' id='word_1_200' title='bbox 880 1757 1026 1784; x_wconf 88' lang='lat' dir='ltr'>omnes</span> <span class='ocrx_word' id='word_1_201' title='bbox 1060 1757 1108 1783; x_wconf 89' lang='lat' dir='ltr'>eo</span> <span class='ocrx_word' id='word_1_202' title='bbox 1140 1744 1334 1797; x_wconf 89' lang='lat' dir='ltr'>tempore</span> <span class='ocrx_word' id='word_1_203' title='bbox 1364 1757 1418 1784; x_wconf 90' lang='lat' dir='ltr'>ne</span> 
     </span>
     <span class='ocr_line' id='line_1_29' title="bbox 78 1800 1417 1845; baseline -0.002 -1"><span class='ocrx_word' id='word_1_204' title='bbox 78 1803 316 1845; x_wconf 88' lang='lat' dir='ltr'>acciderent</span> <span class='ocrx_word' id='word_1_205' title='bbox 353 1802 625 1843; x_wconf 87' lang='lat' dir='ltr'>timebamus.</span> <span class='ocrx_word' id='word_1_206' title='bbox 681 1801 836 1843; x_wconf 87' lang='lat' dir='ltr'>Castra</span> <span class='ocrx_word' id='word_1_207' title='bbox 873 1801 986 1842; x_wconf 88' lang='lat' dir='ltr'>enim</span> <span class='ocrx_word' id='word_1_208' title='bbox 1016 1801 1062 1842; x_wconf 89' lang='lat' dir='ltr'>in</span> <span class='ocrx_word' id='word_1_209' title='bbox 1093 1800 1321 1842; x_wconf 83' lang='lat' dir='ltr'>Thessalia</span> <span class='ocrx_word' id='word_1_210' title='bbox 1352 1816 1417 1842; x_wconf 90' lang='lat' dir='ltr'>ca-</span> 
     </span>
     <span class='ocr_line' id='line_1_30' title="bbox 79 1859 1417 1914; baseline -0.002 -11"><span class='ocrx_word' id='word_1_211' title='bbox 79 1862 180 1903; x_wconf 88' lang='lat' dir='ltr'>stris</span> <span class='ocrx_word' id='word_1_212' title='bbox 207 1862 380 1903; x_wconf 88' lang='lat' dir='ltr'>conlata</span> <span class='ocrx_word' id='word_1_213' title='bbox 405 1861 695 1914; x_wconf 85' lang='lat' dir='ltr'>audiebamus,</span> <span class='ocrx_word' id='word_1_214' title='bbox 720 1860 1028 1914; x_wconf 85' lang='lat' dir='ltr'>videbaturque</span> <span class='ocrx_word' id='word_1_215' title='bbox 1053 1859 1180 1901; x_wconf 89' lang='lat' dir='ltr'>nobis</span> <span class='ocrx_word' id='word_1_216' title='bbox 1207 1860 1417 1901; x_wconf 89' lang='lat' dir='ltr'>exercitus</span> 
     </span>
    </p>

    <p class='ocr_par' dir='ltr' id='par_1_8' title="bbox 28 1919 1418 2210">
     <span class='ocr_line' id='line_1_31' title="bbox 28 1919 1417 1974; baseline -0.002 -12"><span class='ocrx_word' id='word_1_217' title='bbox 28 1931 61 1957; x_wconf 80' lang='lat'>³⁰</span> <span class='ocrx_word' id='word_1_218' title='bbox 80 1920 273 1962; x_wconf 87' lang='lat' dir='ltr'>Caesaris</span> <span class='ocrx_word' id='word_1_219' title='bbox 313 1923 355 1961; x_wconf 89' lang='lat' dir='ltr'>et</span> <span class='ocrx_word' id='word_1_220' title='bbox 387 1920 587 1961; x_wconf 85' lang='lat' dir='ltr'>audaciae</span> <span class='ocrx_word' id='word_1_221' title='bbox 618 1920 716 1974; x_wconf 93' lang='lat' dir='ltr'>plus</span> <span class='ocrx_word' id='word_1_222' title='bbox 748 1920 924 1973; x_wconf 87' lang='lat' dir='ltr'>habere,</span> <span class='ocrx_word' id='word_1_223' title='bbox 957 1919 1114 1974; x_wconf 89' lang='lat' dir='ltr'>quippe</span> <span class='ocrx_word' id='word_1_224' title='bbox 1147 1919 1220 1973; x_wconf 91' lang='lat' dir='ltr'>qui</span> <span class='ocrx_word' id='word_1_225' title='bbox 1251 1919 1417 1974; x_wconf 89' lang='lat' dir='ltr'>patriae</span> 
     </span>
     <span class='ocr_line' id='line_1_32' title="bbox 78 1978 1418 2033; baseline -0.002 -12"><span class='ocrx_word' id='word_1_226' title='bbox 78 1979 240 2021; x_wconf 90' lang='lat' dir='ltr'>bellum</span> <span class='ocrx_word' id='word_1_227' title='bbox 275 1979 511 2032; x_wconf 85' lang='lat' dir='ltr'>intulisset,</span> <span class='ocrx_word' id='word_1_228' title='bbox 553 1981 596 2020; x_wconf 93' lang='lat' dir='ltr'>et</span> <span class='ocrx_word' id='word_1_229' title='bbox 626 1978 794 2020; x_wconf 88' lang='lat' dir='ltr'>roboris</span> <span class='ocrx_word' id='word_1_230' title='bbox 826 1980 1004 2033; x_wconf 88' lang='lat' dir='ltr'>propter</span> <span class='ocrx_word' id='word_1_231' title='bbox 1035 1980 1315 2031; x_wconf 69' lang='lat' dir='ltr'>vetustatem,</span> <span class='ocrx_word' id='word_1_232' title='bbox 1353 1993 1418 2019; x_wconf 89' lang='lat' dir='ltr'>ca-</span> 
     </span>
     <span class='ocr_line' id='line_1_33' title="bbox 80 2036 1417 2093; baseline -0.001 -14"><span class='ocrx_word' id='word_1_233' title='bbox 80 2053 172 2080; x_wconf 90' lang='lat' dir='ltr'>sum</span> <span class='ocrx_word' id='word_1_234' title='bbox 210 2040 353 2079; x_wconf 90' lang='lat' dir='ltr'>autem</span> <span class='ocrx_word' id='word_1_235' title='bbox 390 2037 544 2093; x_wconf 87' lang='lat' dir='ltr'>proelii</span> <span class='ocrx_word' id='word_1_236' title='bbox 579 2051 705 2078; x_wconf 89' lang='lat' dir='ltr'>nemo</span> <span class='ocrx_word' id='word_1_237' title='bbox 743 2040 941 2078; x_wconf 89' lang='lat' dir='ltr'>nostrum</span> <span class='ocrx_word' id='word_1_238' title='bbox 974 2039 1066 2078; x_wconf 87' lang='lat' dir='ltr'>erat</span> <span class='ocrx_word' id='word_1_239' title='bbox 1099 2036 1202 2091; x_wconf 89' lang='lat' dir='ltr'>quin</span> <span class='ocrx_word' id='word_1_240' title='bbox 1232 2036 1417 2090; x_wconf 88' lang='lat' dir='ltr'>timeret,</span> 
     </span>
     <span class='ocr_line' id='line_1_34' title="bbox 79 2095 1417 2152; baseline -0.001 -14"><span class='ocrx_word' id='word_1_241' title='bbox 79 2097 163 2152; x_wconf 89' lang='lat' dir='ltr'>sed,</span> <span class='ocrx_word' id='word_1_242' title='bbox 187 2097 250 2138; x_wconf 90' lang='lat' dir='ltr'>ita</span> <span class='ocrx_word' id='word_1_243' title='bbox 269 2099 317 2138; x_wconf 92' lang='lat' dir='ltr'>ut</span> <span class='ocrx_word' id='word_1_244' title='bbox 336 2096 634 2139; x_wconf 88' lang='lat' dir='ltr'>constantibus</span> <span class='ocrx_word' id='word_1_245' title='bbox 653 2095 900 2137; x_wconf 87' lang='lat' dir='ltr'>hominibus</span> <span class='ocrx_word' id='word_1_246' title='bbox 919 2110 998 2150; x_wconf 89' lang='lat' dir='ltr'>par</span> <span class='ocrx_word' id='word_1_247' title='bbox 1018 2098 1123 2149; x_wconf 87' lang='lat' dir='ltr'>erat,</span> <span class='ocrx_word' id='word_1_248' title='bbox 1151 2109 1239 2136; x_wconf 88' lang='lat' dir='ltr'>non</span> <span class='ocrx_word' id='word_1_249' title='bbox 1258 2097 1417 2149; x_wconf 89' lang='lat' dir='ltr'>aperte.</span> 
     </span>
     <span class='ocr_line' id='line_1_35' title="bbox 77 2153 1418 2210; baseline -0.002 -13"><span class='ocrx_word' id='word_1_250' title='bbox 77 2155 158 2197; x_wconf 91' lang='lat' dir='ltr'>Ille</span> <span class='ocrx_word' id='word_1_251' title='bbox 195 2158 339 2197; x_wconf 88' lang='lat' dir='ltr'>autem</span> <span class='ocrx_word' id='word_1_252' title='bbox 371 2155 575 2210; x_wconf 83' lang='lat' dir='ltr'>Graecus,</span> <span class='ocrx_word' id='word_1_253' title='bbox 614 2155 716 2209; x_wconf 90' lang='lat' dir='ltr'>quid</span> <span class='ocrx_word' id='word_1_254' title='bbox 753 2155 926 2207; x_wconf 85' lang='lat' dir='ltr'>mirum,</span> <span class='ocrx_word' id='word_1_255' title='bbox 965 2154 1001 2195; x_wconf 90' lang='lat' dir='ltr'>si</span> <span class='ocrx_word' id='word_1_256' title='bbox 1038 2154 1334 2210; x_wconf 80' lang='lat' dir='ltr'>magnitudine</span> <span class='ocrx_word' id='word_1_257' title='bbox 1366 2153 1418 2194; x_wconf 92' lang='lat' dir='ltr'>ti-</span> 
     </span>
    </p>

    <p class='ocr_par' dir='ltr' id='par_1_9' title="bbox 28 2213 1417 2387">
     <span class='ocr_line' id='line_1_36' title="bbox 28 2213 1417 2269; baseline -0.003 -13"><span class='ocrx_word' id='word_1_258' title='bbox 28 2224 61 2251; x_wconf 82' lang='grc'>35</span> <span class='ocrx_word' id='word_1_259' title='bbox 79 2215 228 2269; x_wconf 87' lang='lat' dir='ltr'>moris,</span> <span class='ocrx_word' id='word_1_260' title='bbox 263 2217 312 2256; x_wconf 88' lang='lat' dir='ltr'>ut</span> <span class='ocrx_word' id='word_1_261' title='bbox 342 2215 595 2269; x_wconf 89' lang='lat' dir='ltr'>plerumque</span> <span class='ocrx_word' id='word_1_262' title='bbox 626 2214 693 2267; x_wconf 89' lang='lat' dir='ltr'>fit,</span> <span class='ocrx_word' id='word_1_263' title='bbox 726 2228 751 2254; x_wconf 88' lang='lat' dir='ltr'>a</span> <span class='ocrx_word' id='word_1_264' title='bbox 782 2213 1026 2255; x_wconf 85' lang='lat' dir='ltr'>constantia</span> <span class='ocrx_word' id='word_1_265' title='bbox 1057 2215 1186 2267; x_wconf 87' lang='lat' dir='ltr'>atque</span> <span class='ocrx_word' id='word_1_266' title='bbox 1219 2227 1244 2254; x_wconf 90' lang='lat' dir='ltr'>a</span> <span class='ocrx_word' id='word_1_267' title='bbox 1275 2214 1417 2253; x_wconf 89' lang='lat' dir='ltr'>mente</span> 
     </span>
     <span class='ocr_line' id='line_1_37' title="bbox 79 2269 1417 2328; baseline -0.003 -13"><span class='ocrx_word' id='word_1_268' title='bbox 79 2275 207 2327; x_wconf 87' lang='lat' dir='ltr'>atque</span> <span class='ocrx_word' id='word_1_269' title='bbox 244 2288 270 2315; x_wconf 88' lang='lat' dir='ltr'>a</span> <span class='ocrx_word' id='word_1_270' title='bbox 307 2287 351 2314; x_wconf 89' lang='lat' dir='ltr'>se</span> <span class='ocrx_word' id='word_1_271' title='bbox 387 2274 479 2328; x_wconf 91' lang='lat' dir='ltr'>ipse</span> <span class='ocrx_word' id='word_1_272' title='bbox 518 2272 743 2314; x_wconf 78' lang='lat' dir='ltr'>discessit?</span> <span class='ocrx_word' id='word_1_273' title='bbox 789 2287 872 2326; x_wconf 88' lang='lat' dir='ltr'>qua</span> <span class='ocrx_word' id='word_1_274' title='bbox 908 2271 1234 2327; x_wconf 87' lang='lat' dir='ltr'>perturbatione</span> <span class='ocrx_word' id='word_1_275' title='bbox 1273 2269 1417 2324; x_wconf 82' lang='lat' dir='ltr'>animi,</span> 
     </span>
     <span class='ocr_line' id='line_1_38' title="bbox 79 2328 1416 2387; baseline -0.003 -13"><span class='ocrx_word' id='word_1_276' title='bbox 79 2346 203 2387; x_wconf 85' lang='lat' dir='ltr'>quae,</span> <span class='ocrx_word' id='word_1_277' title='bbox 242 2346 369 2374; x_wconf 89' lang='lat' dir='ltr'>sanus</span> <span class='ocrx_word' id='word_1_278' title='bbox 402 2347 498 2373; x_wconf 91' lang='lat' dir='ltr'>cum</span> <span class='ocrx_word' id='word_1_279' title='bbox 529 2333 659 2386; x_wconf 87' lang='lat' dir='ltr'>esset,</span> <span class='ocrx_word' id='word_1_280' title='bbox 696 2331 878 2372; x_wconf 89' lang='lat' dir='ltr'>timebat</span> <span class='ocrx_word' id='word_1_281' title='bbox 907 2345 960 2372; x_wconf 89' lang='lat' dir='ltr'>ne</span> <span class='ocrx_word' id='word_1_282' title='bbox 993 2330 1229 2383; x_wconf 84' lang='lat' dir='ltr'>evenirent,</span> <span class='ocrx_word' id='word_1_283' title='bbox 1268 2343 1318 2370; x_wconf 89' lang='lat' dir='ltr'>ea</span> <span class='ocrx_word' id='word_1_284' title='bbox 1350 2328 1416 2370; x_wconf 88' lang='lat' dir='ltr'>de-</span> 
     </span>
    </p>
   </div>
  </div>
 </body>
</html>
