1685 2568
427 90 517 126 LIB.
543 90 589 127 ΙΙ.
622 90 721 125 CAP.
749 95 899 126 21—23.
932 95 951 133 ξ
976 94 1128 126 55—61.
1390 91 1445 133 67

111 184 303 242 dicitur),
334 187 440 243 hacc
476 185 749 242 potissimum
785 186 984 240 providet
1015 188 1058 228 et
1088 187 1133 227 in
1162 185 1231 227 his
1263 188 1447 228 maxime

110 247 177 287 est
205 248 423 300 occupata,
454 245 641 300 primum
672 247 721 285 ut
752 245 934 286 mundus
960 259 1090 299 quam
1114 244 1364 299 aptissimus
1390 246 1448 286 sit

110 303 164 345 ad
194 304 547 359 permanendum,
588 302 737 344 deinde
768 305 817 344 ut
846 303 968 344 nulla
998 318 1043 344 re
1076 305 1213 359 egeat,
1250 318 1447 345 maxume

74 432 90 458 5
111 424 299 463 ornatus.

109 538 160 580 de
186 539 409 592 sideribus,
434 540 483 579 ut
507 538 594 579 iam
620 552 754 593 prope
779 538 954 580 modum
981 540 1189 593 appareat
1213 537 1447 579 multitudo

107 612 185 639 nec
224 572 484 640 cessantium
516 596 692 638 deorum
724 611 802 638 nec
834 611 900 651 ea,
942 611 1050 651 quae
1083 599 1234 652 agant,
1273 596 1449 638 molien-

107 656 218 698 tium
243 671 339 698 cum
364 655 512 697 labore
539 669 720 710 operoso
748 670 797 697 ac
821 656 1018 698 molesto.
1062 654 1163 697 Non
1188 655 1302 696 enim
1327 655 1447 697 venis

57 727 89 752 ιο
109 717 152 756 et
182 715 326 756 nervis
359 716 402 756 et
434 714 602 756 ossibus
636 714 911 756 continentur
940 729 1018 756 nec
1048 714 1102 756 iis
1136 714 1242 756 escis
1275 717 1352 756 aut
1374 728 1449 769 po-

107 773 298 815 tionibus
329 775 572 827 vescuntur,
603 775 652 814 ut
684 775 758 814 aut
788 773 918 814 nimis
951 787 1069 816 acres
1096 775 1171 814 aut
1195 772 1325 814 nimis
1353 787 1448 815 con-

108 834 247 874 cretos
285 846 456 874 umores
488 832 727 888 conligant,
764 847 842 874 nec
872 832 925 873 iis
958 832 1208 887 corporibus
1242 834 1360 886 sunt,
1398 833 1448 873 ut

108 905 231 933 casus
269 893 344 932 aut
380 891 490 933 ictus
530 891 811 932 extimescant
848 893 923 933 aut
961 890 1138 933 morbos
1170 893 1365 932 metuant
1397 904 1448 932 ex

108 949 415 1005 defetigatione
449 950 759 1003 membrorum3
795 964 903 1005 quae
933 964 1084 991 verens
1115 949 1328 1004 Epicurus
1360 963 1447 991 mo-

56 1020 88 1046 15
106 1023 385 1064 nogrammos
437 1009 537 1050 deos
588 1011 631 1050 et
678 983 787 1050 nihil
838 1011 1015 1065 agentes
1059 1010 1325 1050 commentus
1370 1010 1446 1050 est.

106 1067 179 1108 Illi
220 1070 364 1109 autem
404 1067 695 1123 pulcherrima
731 1067 872 1109 forma
908 1067 1094 1122 praediti
1131 1067 1446 1122 purissimaque

107 1126 152 1167 in
183 1126 359 1182 regione
392 1126 500 1168 caeli
531 1126 732 1168 collocati
762 1126 825 1168 ita
854 1125 1053 1167 feruntur
1084 1125 1447 1180 moderanturque

107 1199 272 1239 cursus,
316 1187 365 1226 ut
403 1185 457 1226 ad
494 1185 639 1226 omnia
676 1184 967 1227 conservanda
1004 1186 1047 1226 et
1085 1184 1244 1226 tuenda
1275 1199 1448 1227 consen-

107 1243 215 1285 sisse
246 1243 484 1285 videantur.

71 1315 88 1340 o
194 1301 359 1344 Multae
404 1304 548 1344 autem
593 1302 703 1344 aliae
746 1304 927 1344 naturae
971 1301 1147 1344 deorum
1188 1316 1240 1344 ex
1276 1301 1447 1358 magnis

105 1361 322 1403 beneficiis
354 1375 502 1404 eorum
531 1376 618 1404 non
650 1361 741 1403 sine
773 1375 901 1404 causa
933 1363 976 1403 et
1007 1376 1033 1403 a
1052 1360 1256 1403 Graeciae
1283 1361 1447 1416 sapien-

105 1420 287 1462 tissimis
320 1423 363 1462 et
394 1435 420 1462 a
450 1420 685 1462 maioribus
710 1420 872 1462 nostris
898 1419 1160 1462 constitutae
1182 1420 1447 1462 nominatae-

107 1493 188 1534 que
225 1482 338 1521 sunt.
399 1478 610 1534 Quicquid
651 1479 763 1521 enim
794 1493 999 1535 magnam
1029 1479 1268 1521 utilitatem
1300 1478 1448 1535 generi

107 1537 294 1580 adferret
332 1538 540 1592 humano,
579 1538 623 1580 id
663 1552 752 1580 non
796 1538 887 1580 sine
925 1537 1069 1579 divina
1106 1538 1302 1580 bonitate
1342 1551 1447 1593 erga

71 1608 87 1634 5
105 1596 302 1639 homines
337 1597 433 1639 fieri
463 1597 800 1639 arbitrabantur.
860 1596 1013 1652 Itaque
1045 1599 1138 1638 tum
1169 1596 1294 1650 illud,
1332 1596 1447 1652 quod

107 1658 201 1697 erat
232 1671 258 1698 a
286 1656 364 1698 deo
394 1658 558 1711 natum,
588 1656 760 1698 nomine
794 1656 930 1711 ipsius
956 1655 1024 1697 dei
1047 1656 1367 1710 nuncupabant,
1397 1657 1446 1697 ut

0 1740 22 1768 05
107 1729 202 1756 cum
232 1714 382 1771 fruges
415 1713 612 1758 Cererem
644 1715 936 1770 appellamus,
967 1714 1116 1756 vinum
1148 1717 1293 1756 autem
1323 1713 1447 1756 Libe-

0 1790 30 1827 kffl
106 1787 214 1829 rum,
245 1788 297 1816 ex
330 1788 413 1829 quo
444 1773 554 1815 illud
585 1773 792 1815 Terentii:

1 1857 34 1946 (ἐξ
254 1854 372 1898 Sine
404 1854 587 1899 Cerere
620 1858 669 1898 et
699 1854 884 1898 Libero
915 1855 1078 1912 friget
1109 1855 1298 1910 Venus,

0 1923 4 1947 l

108 2008 169 2051 sic
206 2010 468 2064 appellatur,
505 2012 554 2051 ut
586 2024 636 2051 ea
666 2009 762 2065 ipsa
792 2010 1039 2051 nominetur
1070 2009 1191 2064 deus,
1228 2010 1278 2051 ut
1308 2007 1447 2063 Fides,

107 2069 155 2109 ut
174 2066 307 2122 Mens,
340 2083 444 2123 quas
475 2068 522 2110 in
541 2067 758 2124 Capitolio
792 2068 1007 2111 dedicatas
1033 2068 1227 2110 videmus
1252 2067 1446 2122 proxime

107 2141 133 2168 a
168 2125 224 2168 M.
263 2127 450 2169 Aemilio
488 2126 667 2182 Scaur03
705 2129 805 2169 ante
843 2129 988 2169 autem
1027 2127 1081 2168 ab
1113 2127 1166 2168 A.
1198 2126 1336 2168 Atilio
1369 2124 1446 2168 Ca-

105 2185 244 2227 latino
277 2187 373 2227 erat
395 2184 521 2228 Fides
547 2189 807 2229 consecrata.
851 2185 982 2228 Vides
1001 2185 1190 2227 Virtutis
1222 2185 1445 2240 templum,

70 2253 87 2280 5
105 2243 225 2286 vides
256 2243 446 2286 Honoris
479 2259 504 2286 a
533 2244 589 2286 M.
615 2244 819 2287 Marcello
851 2247 1118 2299 renovatum,
1151 2245 1265 2299 quod
1296 2243 1444 2285 multis

107 2305 207 2345 ante
247 2302 369 2344 annis
401 2305 495 2345 erat
524 2302 641 2345 bello
672 2303 893 2360 Ligustico
927 2318 952 2345 a
983 2302 1030 2353 Q.
1062 2303 1250 2345 Maximo
1284 2301 1444 2343 dedica-

1113 2370 1161 2406 5*

110 364 253 404 autem
294 366 343 404 ut
382 363 427 404 in
466 376 515 404 eo
554 361 709 403 eximia
744 361 1019 417 pulchritudo
1058 362 1117 403 sit
1147 364 1276 416 atque
1309 362 1471 413 omnis,

1599 346 1677 371 .⁹2..

1526 405 1533 415 r
1546 392 1564 413 ἶι’
1578 372 1680 421 a:3⁶²3

196 479 371 522 Dictum
403 481 469 521 est
500 478 550 520 de
580 479 780 521 universo
812 479 987 533 mundo,
1026 478 1187 521 dictum
1220 479 1350 520 etiam
1383 481 1448 521 est
1463 454 1514 537 2539

1474 1076 1516 1107 60

1435 1958 1516 2003 ,61
