1685 2568
224 100 309 135 XIV
643 99 921 134 ADNOTATIO
950 98 1149 134 CRITICA.

226 198 302 228 129.
336 197 380 228 26
411 205 588 238 posquam
624 193 703 229 cod.
744 194 787 237 A,
823 192 919 228 Bait.
952 194 995 228 II.
1028 214 1071 219 —
1107 192 1147 227 P.
1182 196 1256 228 130.
1289 198 1309 228 3
1344 195 1561 239 dissupatos

223 240 318 274 Bait.
352 241 394 283 II,
431 242 633 285 disputatas
670 240 748 274 cod.
787 240 831 274 Η.
868 261 912 265 -
945 239 984 275 P.
1019 244 1095 275 130.
1137 243 1179 274 19
1217 240 1328 275 Adde
1366 241 1557 285 Ribbeck„

222 289 330 322 Addo
361 287 466 322 codd.
499 289 538 322 et
568 287 650 321 edd.
677 307 721 312 -
755 286 794 321 P.
823 291 899 322 130.
926 291 970 321 22
1006 286 1195 331 Quondam
1221 286 1300 321 cod.
1326 288 1449 322 nescio
1476 288 1557 332 quis

222 334 329 378 Non,
360 334 433 378 all„
466 333 646 376 Schoem.,
677 345 778 378 quem
808 335 899 369 dant
929 334 1114 379 (hyestem)
1147 333 1225 368 cod.
1252 333 1296 376 V,
1327 335 1503 378 quendam
1527 335 1557 368 B

224 383 343 426 (corr.)
375 382 415 415 et
438 381 482 424 H,
514 392 615 425 quem
646 382 738 416 clam
769 382 811 424 A,
842 379 987 423 Heind,
1018 379 1112 414 Bait.
1147 401 1191 406 —-
1222 381 1262 415 P.
1297 385 1373 416 131.
1402 386 1442 416 11
1470 380 1556 416 fort.

222 439 325 473 quom
356 432 430 462 tam
454 429 577 472 pestif.
609 429 672 470 sit,
704 427 742 461 in
769 427 874 462 codd.
901 428 999 461 enim
1025 428 1081 461 est
1104 428 1194 470 sint,
1220 426 1259 461 in
1283 426 1316 461 A
1342 428 1380 461 et
1403 427 1437 462 V
1463 439 1553 463 corr.

221 477 278 511 sit.
306 496 348 501 —
380 474 418 508 P.
448 479 523 510 132.
552 479 572 509 9
602 485 706 519 saepe
729 485 796 518 pro
827 485 961 518 semper
989 473 1124 517 Madv„
1149 473 1244 508 Bait.
1272 495 1316 500 —
1340 473 1379 508 P.
1408 479 1485 509 132.
1511 479 1556 510 26

222 533 286 557 nec
310 523 398 567 quid
422 523 506 556 inde
530 533 563 555 v.
590 532 687 566 pros.
707 520 825 554 Plaut.
852 533 887 565 p.
908 525 974 555 351
997 532 1062 564 sq.,
1088 521 1278 564 Ribbeck„
1303 533 1348 556 ne
1365 522 1454 565 quid
1472 522 1558 557 inde

224 568 302 603 cod.
328 568 374 611 B,
401 579 511 613 neque
536 569 727 613 (superscr.
753 568 854 612 quid)
880 568 979 602 tinde
1002 567 1047 610 V,
1077 579 1188 612 neque
1211 569 1307 603 unde
1331 568 1420 612 AH,
1446 580 1558 613 neque

221 620 262 650 ut
286 617 370 650 inde
390 615 497 658 Bait,
524 614 690 649 Schoem.
712 635 754 639 —
780 614 819 648 P.
844 619 919 648 132.
941 619 984 649 29
1005 614 1212 660 Praestriy.
1238 614 1456 649 Buecheleri
1480 626 1556 650 mo-

222 662 303 696 nitu
330 662 514 704 Schoem,
541 661 738 703 Ribbeck.;
770 673 805 705 p.
836 665 911 696 133.
938 665 958 696 2
985 661 1023 695 in
1050 661 1129 696 cod.
1155 661 1189 695 V
1215 662 1272 696 est
1291 664 1483 708 praestriy.
1509 682 1557 687 —-

222 709 259 743 P.
289 714 366 744 133.
396 714 414 744 7
440 709 488 744 Id
513 708 616 752 Dav„
642 708 736 742 Bait.
757 708 802 751 II,
830 707 1008 751 Schoem.‚
1034 712 1073 743 at
1098 709 1174 753 (ad)
1201 708 1320 752 codd,
1346 708 1490 743 Bait.1.
1512 729 1554 734 —

222 756 259 790 P.
283 761 359 790 133.
388 760 431 790 33
458 767 592 790 eaesae
617 756 848 790 accidissent
873 757 1112 799 (accedissent,
1138 757 1384 799 ceeaedz'ssent,
1411 757 1555 791 cecidis-

221 806 310 847 sent)
337 804 375 837 et
399 804 588 848 abieynae
614 803 810 847 (abiaeyne,
836 803 978 847 abiyne)
1001 801 1072 836 Cic.
1100 801 1206 836 codd.
1227 803 1266 837 et
1283 802 1344 836 hic
1364 803 1402 836 et
1420 815 1454 847 p.
1477 807 1555 837 264.

222 855 265 884 35
287 851 326 884 et
345 849 389 883 de
406 849 479 883 inv.
494 850 579 884 149.
596 853 637 883 91
660 850 699 883 et
711 851 787 893 top.
805 853 859 884 16.
874 854 914 884 61
933 850 971 883 et
984 849 1030 882 ad
1044 848 1202 883 Herenn.
1216 849 1250 884 II
1265 853 1320 883 22.
1336 853 1380 884 34
1395 850 1434 884 et
1447 848 1556 890 Quin-

223 897 277 931 til.
304 897 337 930 V
365 901 418 931 10.
446 900 491 930 84
519 897 557 930 et
580 895 653 930 Jul.
679 895 775 929 Vict.
803 908 837 940 p.
859 900 938 930 415.
959 900 1004 930 33
1031 896 1068 930 et
1092 895 1225 931 Donat.
1246 896 1327 930 Ter.
1347 895 1412 931 Ph.
1433 897 1450 931 I
1469 901 1500 930 3.
1523 902 1554 930 5.

224 943 361 977 Ennius
393 942 473 988 ipse
499 954 588 977 num
613 942 804 987 scripserit
829 941 1070 987 singularem,
1102 944 1145 976 ut
1168 943 1352 977 testantur
1377 943 1492 978 Varro
1519 945 1558 978 et

222 990 410 1032 Priscian„
437 989 512 1024 alia
537 989 704 1033 quaestio
731 991 803 1032 est,
831 989 1016 1024 Ciceronis
1041 989 1190 1033 quidem
1210 989 1369 1024 editores
1388 990 1556 1035 plerique

221 1048 305 1072 mea
323 1037 509 1071 sententia
527 1047 602 1070 non
616 1036 801 1071 debebant
814 1036 945 1071 horum
959 1036 1220 1071 auctoritatem
1235 1036 1348 1080 sequi.
1365 1058 1407 1061 —
1421 1037 1461 1071 P.
1478 1041 1555 1072 134.

223 1089 265 1118 22
299 1084 366 1127 Ut,
393 1085 426 1118 si
450 1095 571 1119 verum
597 1088 707 1118 esset
731 1083 865 1126 Madv.,
891 1083 986 1118 Bait.
1015 1105 1055 1108 —
1082 1083 1121 1117 P.
1150 1088 1227 1118 134.
1254 1088 1298 1118 26
1319 1095 1396 1128 sqq.
1424 1084 1554 1118 seclus.

222 1131 337 1166 iidem
361 1132 405 1174 si,
431 1132 494 1175 qui
518 1132 716 1166 audierunt
739 1151 785 1156 -—
810 1132 1141 1175 inteopretarentur.
1167 1151 1214 1155 —
1238 1130 1276 1165 P.
1307 1136 1382 1165 134.
1409 1135 1453 1166 28
1473 1131 1556 1176 phi-

223 1179 394 1223 losophos
418 1177 562 1221 Lamb.,
593 1177 687 1211 Bait.
713 1177 763 1221 II,
792 1177 956 1212 Schoem.
985 1198 1028 1202 —
1053 1177 1091 1211 P.
1121 1182 1197 1212 135.
1226 1182 1268 1212 32
1296 1189 1448 1212 enumer.
1474 1188 1557 1222 pro-

222 1226 304 1259 hab.
331 1224 415 1259 Em.
444 1246 485 1249 —
517 1224 556 1258 P.
586 1229 662 1259 136.
691 1228 733 1258 12
765 1225 892 1259 Etiam
920 1225 1047 1269 praed.
1079 1223 1211 1258 Heind.
1245 1224 1358 1267 coni.,
1389 1224 1484 1258 Bait.
1511 1225 1555 1259 II.

224 1293 265 1297 —
291 1271 329 1306 P.
358 1276 435 1306 136.
463 1275 506 1305 35
539 1276 663 1315 aptum
695 1282 872 1315 superscr.
904 1271 1019 1305 habet
1042 1269 1086 1313 V,
1120 1282 1189 1305 om.
1223 1272 1309 1306 cett.
1340 1271 1444 1305 codd.
1471 1270 1555 1305 fort.

223 1320 332 1362 recte,
352 1319 438 1363 post
456 1323 592 1363 tempus
610 1318 717 1353 inser.
738 1318 832 1353 Bait.
855 1339 897 1344 —
917 1318 955 1352 P.
973 1321 1049 1352 137.
1066 1322 1109 1352 13
1129 1330 1152 1352 a
1170 1319 1285 1353 saeris
1304 1318 1410 1353 codd.
1430 1318 1556 1361 AVH,

224 1367 403 1408 Schoem„
428 1367 525 1400 saco-i
544 1365 584 1408 B,
605 1365 711 1408 Bait,
732 1377 774 1400 ex
793 1367 907 1400 saeris
926 1364 1056 1399 Heind.
1079 1364 1201 1408 (Seyff.
1222 1364 1320 1399 Lael.
1342 1378 1376 1410 p.
1399 1369 1491 1409 324).
1514 1387 1556 1390 —

222 1414 259 1447 P.
296 1417 371 1447 137.
407 1415 449 1447 18
479 1412 730 1458 [tyrannidis]
754 1412 848 1447 Bait.
876 1414 908 1447 II
940 1412 1023 1446 fort.
1049 1413 1161 1455 reete,
1191 1416 1224 1447 et
1247 1414 1450 1457 impunitus
1472 1423 1558 1458 rogo

224 1461 389 1494 Schoem.
417 1480 458 1484 ——
485 1459 524 1494 P.
553 1464 629 1494 137.
657 1464 700 1494 26
727 1461 876 1506 dissiyn.
903 1459 1007 1494 codd.
1034 1458 1119 1502 AB3
1153 1470 1187 1493 v.
1214 1459 1261 1493 ad
1287 1472 1320 1504 p.
1351 1465 1403 1494 11.
1432 1463 1485 1494 14.
1513 1480 1557 1484 ——

222 1507 259 1541 P.
291 1511 365 1541 137.
386 1511 430 1541 32
456 1507 643 1552 quippiam
670 1507 748 1540 cod.
775 1507 818 1550 V,
844 1506 988 1549 Heind,
1016 1505 1195 1550 Schoem.,
1221 1507 1381 1551 cuipiam
1407 1506 1485 1541 cod.
1512 1506 1557 1550 H,

223 1553 317 1588 Bait.
344 1553 427 1587 fort.
455 1565 556 1596 vere,
591 1555 754 1598 quipiam
778 1553 858 1588 AB.
887 1575 928 1578 —
955 1553 992 1587 P.
1022 1557 1098 1588 139.
1128 1556 1169 1587 18
1203 1554 1380 1588 internic.
1408 1554 1487 1588 cod.
1514 1553 1557 1596 A,

223 1601 317 1635 Bait.
346 1621 387 1625 —
414 1599 452 1634 P.
483 1604 620 1635 140.17
646 1612 720 1635 non
744 1602 846 1636 modo
871 1612 930 1636 eas
956 1611 1035 1643 scr.,
1062 1600 1148 1635 Non
1172 1600 1258 1635 eas?
1281 1600 1393 1644 vulg,
1419 1600 1461 1635 Si
1484 1611 1559 1636 non

222 1660 282 1683 eas
305 1647 428 1682 Madv.

317 1694 589 1739 Fragmenta.
620 1694 727 1729 omisi
759 1693 899 1728 Baiteri
930 1694 1082 1728 tertium
1115 1693 1263 1738 (Arnob.
1297 1694 1348 1729 III
1379 1699 1399 1729 6
1421 1695 1488 1738 sq.)
1521 1694 1560 1728 et

225 1743 394 1786 quartum
421 1742 527 1784 (Non.
556 1746 611 1777 96.
638 1744 708 1786 29).

318 1789 380 1823 De
415 1788 707 1823 divinatione
741 1801 776 1834 p.
816 1792 891 1823 145.
924 1793 969 1824 36
1003 1789 1161 1831 furentes
1185 1809 1232 1813 -
1262 1789 1479 1823 somniantes
1512 1788 1557 1822 de

226 1834 411 1870 Schuetzii
444 1836 535 1870 coni.
563 1835 700 1870 Baiter.
728 1856 771 1861 —
797 1835 835 1869 P.
865 1840 940 1870 146.
968 1839 1012 1870 20
1034 1846 1086 1878 sq.
1119 1836 1228 1870 veteri
1251 1836 1468 1870 Academiae
1493 1834 1557 1869 Pe-

223 1885 331 1927 Tipat.
353 1883 455 1924 Dav„
483 1883 575 1916 Bait.
605 1903 647 1908 —-
667 1882 705 1917 P.
724 1887 800 1917 147.
816 1887 858 1916 27
886 1884 946 1917 ille
964 1884 1083 1927 inquit
1103 1882 1208 1916 codd.
1229 1881 1348 1925 AVB,
1375 1883 1493 1926 inquit
1512 1881 1556 1925 H,

226 1929 331 1973 Bait,
357 1930 475 1973 inquit
500 1931 560 1964 ille
584 1929 722 1973 Lamb.,
751 1929 882 1963 Christ.
911 1949 953 1954 -—
980 1929 1017 1963 P.
1048 1933 1124 1963 147.
1153 1933 1196 1963 36
1221 1929 1315 1974 quod
1341 1928 1435 1971 Em,
1462 1928 1556 1963 Bait.

226 1998 267 2001 —-
294 1976 332 2010 P.
356 1981 432 2011 149.
461 1982 480 2011 6
505 1978 547 2011 in
571 1978 834 2022 siym'ficatz'one
860 1980 1016 2011 eventus
1038 1975 1154 2018 codd,
1181 1986 1286 2010 cruce
1312 1976 1428 2009 not-at.
1449 1975 1556 2018 Bait„

225 2026 265 2058 in
284 2025 595 2069 sv'ynisieat'z'onem
614 2028 756 2058 eventus
776 2023 819 2057 de
836 2022 966 2057 Orellii
980 2022 1166 2057 sententia
1180 2022 1324 2066 Christ„
1338 2024 1558 2068 s'z'ynifteatio

225 2072 355 2105 eventis
376 2070 550 2115 Madvig,
575 2071 894 2115 siymsieationum
919 2071 1049 2105 eventis
1067 2070 1110 2103 H.
1131 2069 1173 2103 A.
1194 2069 1309 2103 Koch.
1329 2080 1451 2114 progr.
1471 2068 1557 2103 Por—

225 2119 317 2152 tens.
347 2121 436 2151 1868
468 2129 502 2162 p.
531 2121 575 2151 40
602 2118 640 2151 et
664 2117 819 2151 Polster.
852 2128 974 2168 progr.
1001 2116 1212 2168 KattowitZ.
1244 2120 1331 2151 1874
1357 2128 1392 2161 p.
1420 2120 1451 2159 5,
1478 2127 1558 2151 eum

225 2166 367 2245 {3‘91232352
370 2168 488 2245 3²⁰3?
505 2163 855 2246 atttffsszssdffieffssssst
878 2163 1187 2245 2238222-Xssssi2512ss
1193 2166 1385 2244 83{„g³c·h}
1401 2175 1435 2244 ‘ij
1457 2162 1558 2244 (1)·θῇ

226 2257 398 2301 Gymnas.
425 2257 510 2291 XIX
539 2271 574 2302 p.
604 2262 681 2301 104,
715 2259 757 2293 in
788 2269 827 2292 re
858 2259 913 2292 vis
948 2258 1050 2301 (rivis
1074 2256 1121 2300 B,
1154 2258 1259 2292 ranis
1289 2256 1328 2290 in
1351 2267 1421 2291 ras.
1448 2255 1494 2301 A)
1526 2261 1558 2292 et

225 2306 440 2340 ranunculis
465 2310 600 2340 natura
627 2304 749 2348 codd.‚
784 2315 865 2338 cum
892 2315 996 2338 cruce
1024 2303 1169 2348 Christ,
1194 2305 1236 2338 in
1258 2305 1394 2339 rubetis
1419 2307 1450 2338 et
1474 2315 1555 2338 ran.
