1685 2568
413 75 502 111 MB.
528 75 556 110 I.
589 74 689 110 CAP.
715 78 866 110 22—25.
898 78 918 117 ὅ
943 79 1094 110 35—40.
1340 75 1425 117 289

88 172 202 228 quod
232 172 301 226 sit,
332 172 571 226 conveniat,
603 170 849 225 explicetur,
881 170 983 224 quid
1014 170 1255 212 declaretur
1280 185 1329 212 eo
1354 186 1427 213 no-

87 231 218 285 mine3
250 231 364 285 quod
396 231 432 272 si
463 230 721 284 convenerit,
751 232 844 270 tum
874 229 1043 270 demum
1070 229 1236 270 decebit
1260 229 1429 284 ingredi

86 290 133 332 in
163 304 422 344 sermonem3
452 303 687 343 numquam
720 288 844 342 enim,
877 287 1003 342 quale
1033 287 1090 328 sit
1114 287 1234 339 illud,
1267 287 1316 328 de
1344 302 1427 341 quo

88 348 391 404 disputabitur,
422 347 620 403 intellegi
651 347 824 402 poterit,
855 346 950 399 nisi,
983 346 1086 401 quid
1113 346 1181 399 sit,
1211 345 1344 387 fuerit
1369 346 1429 387 in-

52 420 68 446 5
87 408 310 449 tellectum
342 407 472 462 prius.
523 405 674 460 Quare,
707 405 910 460 quoniam
941 405 991 446 de
1023 419 1068 446 re
1100 404 1275 459 publiea
1306 419 1430 459 quae-

87 467 235 520 rimus,
266 466 349 508 hoe
378 466 567 521 primum
591 465 825 518 videamus,
857 464 957 519 quid
984 464 1041 505 sit
1066 463 1109 504 id
1134 464 1288 518 ipsum,
1318 463 1430 518 quod

88 525 344 580 quaerimus.
379 525 383 579 Ι
418 523 526 566 Cum
565 523 893 578 adprobavisset
929 522 1121 577 Laelius,
1158 521 1249 564 Nee
1282 523 1334 574 [p.
1364 532 1430 564 196

87 598 201 638 vero,
231 583 372 637 inquit
392 582 635 636 Africanus,
666 583 729 623 ita
760 582 968 623 disseram
993 581 1043 623 de
1068 596 1115 622 re
1140 584 1232 622 tam
1256 581 1433 622 inlustri

87 645 262 697 tamque
294 644 410 695 nota,
441 643 490 682 ut
522 641 576 682 ad
600 641 679 682 illa
704 641 918 682 elementa
943 640 1154 694 revolvar,
1186 639 1342 694 quibus
1367 639 1433 681 uti

39 714 69 739 ιο
89 701 205 743 docti
243 701 439 742 homines
480 699 548 741 his
588 699 635 741 in
671 700 798 741 rebus
832 700 989 754 solent,
1029 701 1079 741 ut
1111 714 1136 740 a
1166 699 1306 754 prima
1338 713 1433 740 con-

90 759 311 817 gressione
342 759 474 800 maris
507 761 550 800 et
580 758 784 813 feminae,
817 758 967 800 deinde
999 773 1025 800 a
1055 758 1262 814 progenie
1293 759 1337 799 et
1368 772 1434 799 eo-

90 818 294 875 gnatione
339 818 482 860 ordiar
525 817 772 872 verbisque,
817 817 918 872 quid
963 817 1020 858 sit
1064 819 1108 858 et
1151 819 1258 871 quot
1294 816 1433 858 modis

89 878 274 933 quidque
295 877 473 931 dicatur,
500 876 700 918 definiam
721 876 910 931 saepius3
937 876 1049 931 apud
1068 876 1300 931 prudentes
1320 875 1435 917 enim

88 936 285 979 homines
319 939 362 977 et
392 936 438 977 in
469 936 657 978 maxima
687 950 733 977 re
764 935 937 991 publiea
969 936 1149 990 sum]ma
1179 950 1276 977 eum
1310 935 1362 987 [p.
1389 946 1434 977 61

39 1007 70 1033 15
91 995 232 1052 gloria
269 995 375 1037 belli
412 995 610 1049 domique
642 998 837 1036 versatos
870 1009 966 1036 eum
998 995 1170 1049 loquar,
1206 1008 1294 1036 non
1325 1008 1436 1035 eom—

89 1054 274 1109 mittam,
299 1056 349 1096 ut
373 1068 457 1095 non
482 1054 540 1095 sit
558 1054 783 1095 inlustrior
801 1053 880 1094 illa
898 1054 994 1109 ipsa
1013 1067 1093 1107 res,
1120 1052 1170 1094 de
1191 1067 1276 1107 qua
1296 1052 1436 1108 dispu-

89 1116 190 1168 tem,
223 1128 352 1168 quam
384 1113 523 1154 oratio
550 1127 663 1167 mea,
694 1127 771 1154 nee
796 1112 909 1153 enim
935 1112 1017 1154 hoe
1042 1111 1223 1167 suscepi,
1254 1114 1303 1153 ut
1328 1114 1437 1153 tam-

91 1187 220 1227 quam
247 1171 455 1227 magister
479 1185 759 1226 persequerer
783 1171 940 1225 omnia,
964 1185 1103 1226 neque
1127 1170 1210 1212 hoc
1228 1170 1437 1225 polliceor

90 1246 159 1273 me
196 1231 464 1284 effecturum,
501 1233 550 1271 ut
585 1245 639 1272 ne
677 1245 762 1284 qua
800 1230 1016 1285 particula
1051 1229 1097 1271 in
1127 1229 1209 1271 hoe
1241 1243 1436 1271 sermone

38 1303 72 1328 20
90 1289 397 1346 praetermissa
428 1289 496 1331 sit.
545 1289 657 1330 Tum
680 1288 871 1331 Laelius:
903 1288 998 1344 Ego
1025 1303 1128 1330 vero
1151 1288 1269 1329 istud
1293 1288 1437 1343 ipsum

93 1363 226 1406 genus
259 1348 481 1401 orationis,
513 1348 627 1403 quod
657 1348 888 1403 polliceris,
920 1350 1109 1403 expecto.

179 1408 261 1450 Est
285 1407 432 1463 igitur,
462 1406 867 1462 inquitAfrieanus,
892 1421 960 1448 res
985 1406 1161 1462 publiea
1189 1405 1193 1459 Ι
1221 1420 1289 1447 res
1317 1407 1370 1458 [p.
1392 1417 1435 1448 62
1452 1388 1508 1471 ἒξ

91 1467 252 1523 populi,
271 1467 456 1523 populus
479 1468 625 1508 autem
646 1481 734 1508 non
757 1466 894 1507 omnis
917 1465 1141 1507 hominum
1167 1468 1314 1507 coetus
1337 1479 1438 1519 quo-

93 1540 176 1581 quo
209 1525 336 1568 modo
369 1528 676 1581 congregatus,
713 1524 787 1566 sed
818 1527 965 1566 coetus
1003 1524 1293 1565 multitudinis
1331 1524 1437 1565 iuris

22 1586 74 1623 ‘25
93 1598 303 1627 consensu
323 1587 366 1626 et
384 1582 589 1626 utilitatis
609 1583 908 1626 communione
929 1583 1129 1625 sociatus.
1165 1583 1271 1624 Eius
1293 1585 1438 1624 autem

93 1644 235 1701 prima
271 1658 400 1685 eausa
439 1643 618 1685 coeundi
654 1645 720 1685 est
756 1657 844 1685 non
880 1645 972 1684 tam
1008 1642 1270 1684 inbecillitas
1308 1656 1438 1696 quam

92 1703 305 1746 naturalis
345 1702 555 1757 quaedam
591 1701 816 1744 hominum
854 1702 978 1756 quasi
1016 1701 1316 1757 congregatio,
1351 1716 1438 1742 non

99 1765 161 1805 est
192 1762 306 1804 enim
338 1761 558 1817 singulare
588 1775 666 1803 nee
698 1761 941 1816 solivagum
974 1774 1108 1816 genus
1139 1760 1239 1814 hoc,
1272 1759 1346 1801 sed
1375 1760 1439 1802 ita

95 1823 359 1878 generatum,
378 1823 428 1862 ut
445 1835 500 1862 ne
518 1820 564 1861 in
584 1820 774 1862 omnium
795 1819 967 1874 quidem
985 1834 1129 1861 rerum
1149 1818 1439 1860 affluentia....

421 1914 737 1967 [Desiderantur
760 1916 942 1968 payiuae
971 1915 1104 1967 duaa]

41 2013 76 2041 30
185 1998 314 2051 [Quid
343 2001 400 2040 est
428 2011 492 2039 res
514 1998 683 2051 publica
712 1997 796 2039 nisi
824 2010 888 2039 res
910 1997 1088 2050 populi?
1118 2009 1182 2038 res
1212 2011 1304 2050 erqo
1334 2010 1436 2039 com·
1463 2005 1508 2037 40

95 2059 234 2099 munis
267 2071 332 2099 res
373 2057 512 2110 utique
547 2057 734 2098 civitatis.
792 2056 901 2108 Quid
929 2059 987 2098 est
1015 2059 1150 2097 autem
1182 2056 1325 2098 civitas
1353 2057 1438 2097 nisi

95 2117 310 2159 multitudo
345 2116 557 2158 hominum
592 2116 640 2157 in
674 2115 877 2168 quoddam
914 2116 1122 2157 vinculum
1151 2116 1319 2157 redacta
1347 2128 1437 2156 0022-

96 2175 284 2218 eo‘rdiae?
326 2175 455 2228 Apud
483 2188 547 2216 eos
572 2174 774 2227 (auctores
797 2174 1026 2229 Romanos)
1051 2175 1160 2215 enim
1184 2174 1246 2214 ita
1272 2174 1437 2227 Zeyz‘tur:

94 2233 226 2276 Brevi
257 2233 489 2275 multitudo
522 2233 716 2288 dispersa
741 2235 869 2287 atque
894 2247 1008 2289 vaga
1033 2232 1260 2275 concordia
1285 2231 1437 2273 civitas

45 2304 80 2331 35
95 2292 213 2335 faeta
243 2295 348 2334 erat.
389 2293 669 2347 (Auyustinus
692 2306 750 2346 ep.
775 2295 868 2334 138.
893 2295 947 2334 10
992 2292 1038 2334 Τ.
1063 2291 1124 2333 ΙΙ
1137 2305 1179 2345 p.
1205 2294 1287 2332 414
1312 2289 1439 2343 Ben.)

167 2368 239 2396 010.
258 2368 312 2395 1v.
333 2369 357 2395 2.
1109 2364 1151 2395 19
