1685 2568
365 104 454 140 LIB.
479 105 524 140 II.
553 105 653 140 CAP.
681 109 829 140 69—72.
857 109 876 147 ἓ
904 109 1098 141 143-148.
1320 106 1405 148 249

68 200 222 256 spiritu
254 201 421 256 aegroti
452 201 685 254 multisque
716 214 766 241 ex
799 199 896 241 aliis
921 199 1068 241 futura
1093 201 1408 255 praesentiunt3

68 259 377 316 gubernatores
414 274 511 302 cum
549 258 806 300 exsultantis
844 258 1063 314 lolligines
1102 259 1301 300 viderunt
1333 263 1408 301 aut

69 317 292 372 delphinos
331 332 375 359 se
412 318 458 359 in
495 321 670 373 portum
708 317 982 371 conicientes,
1019 320 1323 372 tempestatem
1356 318 1408 358 si-

68 376 262 432 gnificari
286 379 454 431 putant.
498 376 616 418 Haec
640 376 807 418 ratione
833 376 1039 430 explicari
1065 379 1108 417 et
1134 376 1188 417 ad
1206 379 1407 417 naturam

33 448 50 474 5
68 435 259 477 revocari
289 435 413 477 facile
444 437 639 490 possunt,
671 449 720 477 ea
744 449 858 489 vero,
891 449 999 489 quae
1025 435 1155 490 paulo
1182 437 1282 476 ante
1309 435 1407 489 dixi,

66 494 185 536 nullo
218 494 356 535 modo.

154 552 216 593 At
247 552 360 594 enim
391 552 636 594 observatio
669 552 870 593 diuturna
897 550 1020 607 (haec
1046 551 1159 593 enim
1184 566 1285 607 pars
1311 567 1397 594 una
1413 528 1477 611 1313}

67 610 222 667 restat)
247 611 448 652 notandis
473 611 601 652 rebus
626 611 728 652 fecit
758 613 908 652 artem.
951 610 1039 652 Ain
1063 610 1265 652 tandem?
1299 625 1408 652 som-

67 670 140 712 nia
189 670 412 711 observari
453 670 664 725 possunt?
716 684 903 724 quonam
946 669 1102 711 modo?
1154 672 1254 710 sunt
1297 670 1410 711 enim

20 741 50 768 ιο
68 729 402 770 innumerabiles
435 729 678 770 varietates.
727 728 849 769 Nihil
882 731 973 770 tam
998 731 1287 783 praepostere,
1319 731 1409 769 tam

68 788 301 842 incondite,
336 790 426 828 tam
458 790 730 829 monstruose
763 787 946 843 cogitari
976 790 1140 842 potest,
1179 787 1292 841 quod
1322 802 1409 828 non

68 847 283 902 possimus
316 846 548 901 somniare3
588 861 670 900 quo
703 846 829 888 modo
862 847 997 901 igitur
1027 846 1134 888 haec
1165 846 1336 887 infinita
1368 849 1410 887 et

69 920 236 961 semper
272 919 385 947 nova
423 908 498 947 aut
534 905 741 947 memoria
778 905 990 960 conplecti
1028 908 1102 946 aut
1141 905 1409 946 observando

68 967 220 1006 notare
251 964 509 1019 possumus?
561 964 787 1019 Astrologi
818 967 960 1006 motus
995 964 1230 1005 errantium
1263 965 1410 1005 stella-

18 1036 51 1062 15
68 1038 164 1065 rum
193 1025 471 1077 notaverunt,
502 1023 701 1064 inventus
734 1025 799 1064 est
831 1023 944 1064 enim
977 1023 1079 1064 ordo
1108 1022 1154 1063 in
1179 1023 1232 1064 iis
1259 1023 1410 1076 stellis,

71 1083 144 1137 qui
179 1097 267 1124 non
302 1082 549 1137 putabatur.
606 1081 719 1123 Cedo
757 1082 949 1135 tandem,
988 1081 1061 1135 qui
1099 1082 1156 1122 sit
1194 1081 1297 1123 ordo
1337 1084 1412 1123 aut

70 1156 178 1196 quae
222 1141 491 1183 concursatio
537 1141 821 1192 somniorum3
874 1154 957 1194 quo
998 1140 1125 1181 modo
1169 1142 1311 1181 autem
1354 1140 1411 1181 di-

70 1201 233 1256 stingui
265 1202 448 1254 possunt
479 1213 581 1241 vera
614 1199 780 1240 somnia
812 1214 837 1240 a
867 1198 1021 1240 falsis?
1061 1214 1157 1240 cum
1190 1199 1336 1240 eadem
1370 1202 1412 1240 et

69 1259 166 1301 aliis
193 1259 319 1300 aliter
344 1258 529 1299 evadant
555 1260 597 1299 et
621 1258 757 1299 isdem
785 1272 871 1299 non
897 1272 1066 1312 semper
1092 1257 1240 1299 eodem
1267 1258 1413 1312 modo3

18 1329 52 1357 ἰο
69 1321 118 1360 ut
149 1318 256 1359 mihi
285 1317 442 1358 mirum
474 1316 682 1371 videatur,
714 1331 808 1358 eum
841 1316 1034 1357 mendaci
1064 1316 1231 1357 homini
1260 1331 1313 1358 ne
1344 1331 1413 1358 ve-

70 1391 166 1419 rum
199 1376 370 1431 quidem
402 1376 559 1417 dicenti
591 1376 760 1417 credere
793 1375 1020 1430 soleamus,
1052 1389 1135 1429 quo
1167 1375 1294 1417 modo
1326 1376 1413 1429 isti,

71 1436 109 1478 si
140 1435 356 1477 somnium
387 1449 537 1476 verum
569 1435 706 1476 evasit
739 1434 924 1488 aliquod,
955 1449 1044 1475 non
1076 1449 1127 1475 ex
1158 1435 1308 1475 multis
1340 1449 1413 1489 po-

71 1495 156 1536 tius
194 1494 268 1535 uni
303 1493 432 1535 fidem
469 1493 678 1549 derogent
717 1508 845 1547 quam
883 1507 935 1534 ex
965 1507 1050 1535 uno
1081 1493 1414 1535 innumerabilia

70 1554 333 1596 con-firment.

159 1611 204 1654 Si
241 1612 377 1668 igitur
413 1626 550 1666 neque
588 1611 691 1653 deus
726 1614 792 1653 est
824 1611 1000 1653 effector
1031 1611 1297 1653 somniorum
1327 1625 1396 1652 ne·
1417 1622 1482 1653 147

72 1686 152 1727 que
188 1674 368 1713 naturae
407 1671 589 1712 societas
627 1671 716 1712 ulla
754 1685 849 1712 cum
888 1669 1065 1711 somniis
1102 1684 1240 1725 neque
1273 1670 1415 1711 obser-

71 1731 244 1773 vatione
275 1730 458 1771 inveniri
488 1729 632 1785 potuit
664 1729 854 1783 scientia,
888 1729 1086 1770 effectum
1117 1732 1195 1784 est,
1225 1731 1275 1770 ut
1304 1729 1414 1770 nihil

71 1804 248 1845 prorsus
286 1789 464 1830 somniis
502 1788 778 1830 tribuendum
815 1788 889 1842 sit,
926 1788 1183 1843 praesertim
1221 1802 1317 1830 cum
1348 1788 1415 1829 illi

71 1849 166 1904 ipsi,
199 1848 273 1903 qui
304 1862 354 1889 ea
384 1847 542 1900 vident,
573 1847 682 1888 nihil
716 1847 920 1901 divinent,
951 1847 994 1900 ii,
1027 1847 1100 1901 qui
1130 1847 1415 1902 interpretan-

36 1918 54 1945 ο
71 1910 153 1963 tur,
184 1907 473 1949 coniecturam
499 1906 745 1960 adhibeant,
768 1921 855 1947 non
879 1908 1093 1960 naturam,
1120 1920 1243 1947 casus
1270 1908 1415 1947 autem

70 1966 457 2008 innumerabilibus
489 1980 626 2020 paene
659 1965 839 2006 saeculis
872 1965 917 2005 in
949 1965 1147 2006 omnibus
1179 1965 1306 2020 plura
1337 1964 1414 2006 mi-

71 2025 228 2067 rabilia
259 2040 388 2080 quam
420 2025 464 2066 in
497 2024 761 2066 somniorum
792 2024 896 2065 visis
927 2023 1124 2078 effecerit,
1155 2038 1293 2078 neque
1319 2038 1415 2066 con-

70 2084 251 2139 iectura,
291 2098 398 2138 quae
435 2083 481 2125 in
512 2083 655 2124 varias
687 2083 824 2138 partis
858 2082 954 2124 duci
984 2082 1141 2138 possit,
1178 2097 1266 2124 non
1294 2097 1415 2124 num-

73 2157 201 2197 quam
244 2143 376 2184 etiam
420 2142 466 2184 in
509 2142 766 2196 contrarias,
817 2142 1046 2196 quicquam
1097 2141 1154 2183 sit
1198 2141 1414 2183 incertius.

38 2201 343 2257 5Explodatur
380 2202 508 2255 iyitur
543 2200 649 2242 haec
688 2215 856 2255 quoque
889 2201 1156 2242 somniorum
1195 2200 1402 2241 divinatio

73 2260 236 2315 pariter
267 2275 362 2302 cum
394 2259 559 2302 ceteris.
614 2259 749 2313 Nam,
785 2261 835 2300 ut
865 2274 964 2301 vere
995 2259 1241 2313 loquamur,
1273 2273 1416 2313 super-

71 2319 192 2363 stitio
230 2319 327 2361 fusa
363 2334 440 2376 per
477 2319 619 2375 gentis
653 2318 869 2374 oppressit
902 2318 1096 2360 omnium
1127 2318 1216 2359 fere
1248 2316 1414 2358 animos

1431 2179 1485 2220 72

1419 2231 1485 2263 148
