1685 2568
410 116 497 152 LIB.
524 116 551 152 I.
578 115 677 151 CAP.
705 119 853 151 32-34.
881 119 900 158 ξ
926 119 1074 151 91-96,
1351 116 1411 159 35

75 211 289 267 ingratus,
321 211 647 267 Nausiphanen,
688 210 945 266 magistrum
977 225 1118 264 suum,
1156 225 1182 252 a
1212 225 1295 265 quo
1326 226 1410 253 non

75 270 182 311 nihil
216 271 432 325 didicerat,
465 273 555 312 tam
581 269 693 311 male
719 270 938 324 acceperit.
990 268 1102 311 Zeno
1130 269 1299 323 quidem
1324 284 1411 311 non
1425 272 1481 313 34

75 343 148 372 eos
180 329 338 384 solum,
370 329 441 384 qui
472 331 564 370 tum
596 330 736 381 erant,
768 327 1092 383 Apollodorum,
1124 325 1272 381 Silum,
1304 330 1411 369 cete-

75 401 159 440 ros,
190 387 353 443 figebat
383 387 634 441 maledictis,
666 387 739 428 sed
768 385 971 428 Socraten
1002 386 1156 441 ipsum,
1186 388 1411 441 parentem

40 445 395 501 5philosophiae,
438 445 592 487 Latino
637 445 768 487 verbo
813 448 936 487 utens
981 459 1170 487 scurram
1214 445 1410 486 Atticum

73 504 206 546 fuisse
233 505 413 559 dicebat,
443 503 731 558 Chrysippum
756 518 989 558 numquam
1013 503 1097 544 nisi
1123 502 1411 558 Chrysippam

74 564 275 617 vocabat3
317 566 365 604 tu
401 563 493 618 ipse
530 563 659 617 paulo
698 565 796 604 ante
833 577 927 604 cum
958 565 1181 616 tamquam
1214 565 1411 603 senatum
1437 572 1482 603 94

74 621 431 677 philosophorum
461 622 677 673 recitareS,
710 636 899 663 summos
930 621 1043 663 viros
1076 621 1279 675 desipere,
1311 620 1412 662 deli-

74 695 181 734 rare,
216 680 424 721 dementis
457 694 549 721 esse
582 680 763 721 dicebas.
819 679 1008 729 Quorum
1039 679 1076 720 si
1107 694 1231 721 nemo
1262 694 1411 721 verum

23 751 56 777 10
75 739 182 780 vidit
221 739 270 780 de
309 741 464 780 natura
502 739 694 792 deorum,
734 739 963 780 verendum
995 741 1077 792 est,
1116 753 1170 779 ne
1201 738 1323 779 nulla
1355 738 1411 779 sit

75 797 259 840 omnino.
321 796 433 839 Nam
464 797 569 851 ista,
609 812 715 851 quae
746 812 822 839 vos
855 797 1012 851 dicitis,
1045 800 1144 838 sunt
1174 799 1269 839 tota
1301 811 1411 838 com-

75 856 287 911 menticia,
312 856 384 898 vix
413 856 543 912 digna
562 856 858 898 lucubratione
879 856 1161 910 anicularum3
1191 870 1279 898 non
1298 856 1412 897 enim

75 915 263 968 sentitis,
304 929 432 969 quam
464 915 602 956 multa
633 915 755 957 vobis
788 915 1056 970 suscipienda
1087 914 1190 968 sint,
1227 915 1264 956 si
1295 915 1412 969 inpe-

74 973 253 1027 traritis,
285 976 333 1014 ut
365 974 644 1015 concedamus
677 974 853 1015 eandem
885 973 1107 1015 hominum
1131 987 1223 1015 esse
1249 976 1292 1015 et
1317 974 1412 1015 deo-

22 1044 54 1070 15
75 1047 167 1074 rum
207 1032 402 1087 figuram.
464 1031 612 1074 Omnis
651 1033 790 1074 cultus
830 1035 872 1073 et
910 1032 1072 1074 curatio
1107 1033 1298 1087 corporis
1330 1033 1412 1074 erit

74 1091 221 1132 eadem
254 1091 494 1132 adhibenda
525 1091 614 1144 deo,
646 1106 754 1145 quae
787 1091 1013 1132 adhibetur
1043 1090 1220 1145 homini,
1250 1091 1411 1147 ingres-

76 1163 165 1203 sus,
197 1164 356 1203 cursus,
389 1149 612 1203 accubitio,
643 1149 881 1202 inclinatio,
913 1149 1059 1203 sessio,
1091 1149 1411 1204 conprehensio,

75 1208 128 1250 ad
166 1210 402 1249 extremum
441 1207 570 1249 etiam
609 1222 748 1249 sermo
788 1210 831 1249 et
875 1207 1032 1261 orati03
1073 1222 1174 1249 nam
1216 1209 1330 1263 quod
1369 1211 1413 1250 et
1438 1213 1481 1244 95

73 1266 205 1308 maris
238 1267 338 1308 deos
371 1268 413 1308 et
443 1265 625 1308 feminas
658 1281 749 1308 esse
782 1266 940 1320 dicitis,
973 1265 1074 1320 quid
1106 1270 1323 1321 sequatur,
1354 1267 1413 1309 vi-

22 1337 56 1363 20
75 1325 195 1367 detis.
263 1325 474 1380 Equidem
511 1325 660 1366 mirari
703 1325 808 1367 satis
851 1340 937 1367 non
974 1339 1169 1380 possum,
1211 1326 1321 1367 unde
1360 1326 1414 1368 ad

73 1385 181 1426 istas
215 1384 436 1439 opiniones
468 1387 610 1425 vester
640 1384 716 1426 ille
747 1384 945 1439 princeps
978 1384 1154 1425 venerit.
1217 1382 1299 1426 Sed
1331 1385 1413 1427 cla-

73 1457 191 1485 mare
215 1457 302 1485 non
328 1442 522 1484 desinitis
548 1443 816 1484 retinendum
836 1443 917 1484 hoc
938 1457 1041 1497 esse,
1070 1443 1171 1484 deus
1192 1445 1240 1485 ut
1258 1444 1412 1486 beatus

73 1502 401 1557 inmortalisque
433 1502 501 1544 sit.
561 1500 671 1550 Quid
703 1504 846 1544 autem
879 1502 1036 1555 obstat,
1069 1516 1151 1556 quo
1184 1502 1323 1544 minus
1356 1503 1414 1544 sit

73 1561 246 1615 beatus,
285 1561 320 1602 si
350 1575 438 1602 non
469 1561 526 1602 sit
556 1561 707 1616 bipes?
745 1563 819 1602 aut
850 1561 952 1615 ista,
985 1561 1073 1602 sive
1105 1561 1291 1603 beatitas
1324 1561 1413 1603 sive

23 1630 56 1656 25
75 1619 297 1661 beatitudo
336 1619 512 1661 dicenda
550 1622 615 1661 est
647 1618 894 1675 (utrumque
927 1619 1099 1661 omnino
1133 1620 1302 1674 durum,
1340 1620 1414 1662 sed

75 1693 155 1720 usu
186 1678 420 1720 mollienda
449 1678 574 1720 nobis
605 1679 738 1720 verba
763 1677 893 1734 sinit),
924 1693 1072 1720 verum
1099 1683 1160 1733 ea,
1192 1694 1413 1733 quaecum-

76 1751 156 1792 que
189 1740 266 1791 est,
297 1751 372 1779 cur
403 1739 477 1778 aut
507 1737 552 1778 in
584 1738 718 1779 solem
750 1737 874 1778 illum
901 1740 975 1779 aut
1000 1737 1045 1778 in
1069 1737 1181 1779 hunc
1208 1738 1413 1780 mundum

76 1798 150 1838 aut
186 1796 232 1837 in
266 1795 454 1850 aliquam
487 1798 674 1837 mentem
706 1798 925 1837 aeternam
954 1796 1095 1851 figura
1126 1797 1413 1851 membrisque

77 1855 268 1909 corporis
298 1869 476 1896 vacuam
510 1855 659 1896 cadere
682 1869 770 1896 non
794 1855 967 1910 potest?
1012 1854 1134 1896 Nihil
1167 1855 1283 1897 aliud
1309 1855 1412 1897 dicis
1439 1864 1482 1896 96

25 1924 58 1950 30
76 1913 176 1954 nisi:
221 1912 488 1968 ‘Numquam
530 1913 618 1955 vidi
667 1914 802 1955 solem
846 1916 921 1955 aut
963 1913 1168 1955 mundum
1210 1914 1413 1956 beatum.>

78 1970 215 2020 Quid?
241 1972 445 2014 mundum
464 1974 636 2027 praeter
653 1972 766 2013 hunc
785 1987 1043 2027 umquamne
1066 1972 1241 2015 vidisti?
1273 1972 1413 2029 Nega-

77 2030 157 2071 bis.
217 2029 303 2072 Cur
337 2031 472 2086 igitur
507 2045 595 2073 non
632 2033 825 2072 sescenta
861 2031 982 2072 milia
1019 2045 1111 2073 esse
1146 2031 1413 2085 mundorum,

79 2088 153 2129 sed
200 2088 529 2131 innumerabilia
578 2104 705 2131 ausus
756 2104 799 2131 es
844 2089 1011 2132 dicere?
1084 2089 1213 2132 Ratio
1259 2090 1412 2132 docuit.

80 2146 198 2202 Ergo
235 2147 317 2189 hoc
353 2149 397 2188 te
426 2148 539 2190 ratio
570 2162 658 2190 non
689 2148 873 2202 docebit,
912 2163 1007 2190 cum
1038 2149 1413 2204 praestantissima

26 2215 60 2242 ⁸5
79 2208 234 2247 natura
271 2208 518 2260 quaeratur,
555 2221 687 2261 eaque
718 2207 847 2248 beata
878 2209 921 2248 et
953 2210 1143 2261 aeterna,
1182 2222 1290 2262 quae
1322 2208 1414 2249 sola

80 2264 223 2306 divina
264 2267 422 2306 natura
459 2267 542 2319 est,
584 2267 633 2306 ut
669 2265 982 2307 inmortalitate
1019 2266 1240 2308 vincamur
1278 2266 1331 2307 ab
1365 2280 1414 2306 ea

78 2325 252 2377 natura,
293 2323 353 2364 sic
391 2322 522 2371 am‘mi
558 2324 825 2378 praestantia
862 2325 989 2379 vinci,
1031 2327 1158 2379 atque
1190 2327 1238 2365 ut
1270 2324 1412 2379 animi,

1083 2394 1130 2428 3*
