1685 2568
428 67 518 104 LIB.
545 68 572 102 1.
605 67 707 103 CAP.
734 73 882 103 11—14.
909 72 929 111 ἓ
957 74 1105 106 17-22,
1319 71 1403 113 281

61 165 191 207 triam
236 164 279 206 di
320 163 458 220 noflbis
502 178 771 206 communem
811 178 954 206 secum
992 164 1216 220 dederunt,
1258 167 1311 218 [p.
1339 178 1406 209 270

61 238 157 266 cum
193 224 470 278 praesertim,
511 223 548 265 si
584 223 690 265 haec
727 223 994 278 ignoremus,
1036 223 1175 265 multa
1204 225 1330 266 nobis
1363 229 1406 267 et

61 296 220 338 magna
259 282 500 338 ignoranda
539 282 639 324 sint.
700 281 765 323 Ac
805 296 874 322 me
915 282 1104 336 quidem,
1144 284 1194 324 ut
1234 283 1405 325 hercule

61 341 192 383 etiam
236 344 279 382 te
323 341 483 395 ipsum,
526 340 665 395 Laeli,
709 340 932 394 omnisque
976 341 1124 382 avidos
1168 342 1405 397 sapientiae

60 399 251 455 cognitio
294 399 391 453 ipsa
434 414 579 441 rerum
622 399 993 454 consideratioque
1038 400 1234 443 delectat.
1297 400 1406 442 Tum

59 458 249 500 Laelius:
287 457 388 499 Non
418 458 590 513 inpedio
598 492 609 512 7
641 458 896 513 praesertim
930 459 1133 513 quoniam
1163 459 1310 500 feriati
1341 474 1407 501 su-

60 532 174 571 mus3
206 517 280 558 sed
310 531 539 572 possumus
573 517 718 558 audire
749 517 912 571 aliquid
938 532 994 559 an
1020 517 1155 559 serius
1181 519 1406 560 venimus?

58 576 155 618 PH.
186 574 309 616 Nihil
342 578 410 617 est
442 576 580 617 adhue
613 576 892 630 disputatum,
924 579 978 630 et,
1012 575 1018 630 Ι
1047 576 1250 631 quoniam
1284 578 1336 629 [p.
1361 588 1405 618 43

59 637 125 677 est
156 634 392 690 integrum,
435 634 620 676 libenter
651 635 750 688 tibi,
787 634 926 689 Laeli,
963 637 1013 677 ut
1044 636 1095 676 de
1127 650 1175 677 eo
1209 636 1407 689 disseras,

60 693 256 749 equidem
289 708 550 735 concessero.
594 693 643 735 L.
675 692 814 735 Immo
846 708 948 736 vero
980 697 1024 735 te
1056 695 1291 749 audiamus,
1322 696 1407 736 nisi

56 752 170 795 forte
209 751 414 794 Manilius
458 752 735 794 interdictum
780 752 955 807 aliquod
997 754 1111 794 inter
1149 754 1254 795 duos
1293 754 1406 796 soles

56 814 185 867 putat
222 825 315 853 esse
355 812 714 866 componendum,
756 814 806 853 ut
842 812 906 853 ita
943 813 1109 854 caelum
1145 813 1407 868 possideant.

56 873 106 913 ut
136 873 318 925 uterque
349 871 602 925 possederit.
658 870 768 912 Tum
800 870 1022 912 Manilius:
1060 870 1268 927 Pergisne
1300 887 1407 926 eam,

56 929 195 983 Laeli,
236 932 375 971 artem
413 929 624 983 inludere,
664 929 711 971 in
747 944 832 984 qua
868 930 1055 984 primum
1094 931 1266 972 excellis
1302 931 1407 986 ipse,

59 988 209 1030 deinde
251 989 342 1030 sine
385 1003 470 1043 qua
511 989 618 1030 scire
658 1003 785 1030 nemo
824 992 986 1044 potest,
1031 989 1133 1044 quid
1174 990 1231 1031 sit
1272 1005 1407 1044 suum,

57 1048 162 1102 quid
201 1048 417 1089 alienum?
453 1049 458 1101 Ι
493 1045 575 1089 Sed
612 1047 700 1089 ista
731 1062 848 1101 mox;
883 1063 996 1089 nunc
1028 1048 1251 1090 audiamus
1285 1050 1337 1101 [p.
1362 1060 1407 1090 44

54 1106 248 1161 Philum,
290 1121 417 1161 quem
454 1107 578 1148 video
620 1106 855 1148 maioribus
893 1107 981 1148 iam
1020 1107 1070 1148 de
1108 1108 1236 1148 rebus
1276 1123 1406 1163 quam

55 1180 123 1207 me
159 1169 234 1207 aut
266 1180 396 1220 quam
426 1165 473 1207 P.
505 1165 694 1206 Mucium
726 1165 905 1207 consuli.

144 1224 253 1266 Tum
280 1223 450 1265 Philus:
478 1223 600 1265 Nihil
625 1224 728 1265 novi
752 1225 876 1265 vobis
897 1224 1101 1280 adferam,
1125 1240 1264 1292 neque
1291 1210 1475 1291 (1110(1124

55 1299 82 1326 a
107 1298 175 1325 me
201 1283 260 1325 sit
285 1283 526 1339 cogitatum
553 1286 627 1324 aut
651 1283 892 1338 inventum,
917 1299 1019 1325 nam
1045 1285 1254 1327 memoria
1279 1288 1404 1328 teneo

56 1341 102 1385 C.
123 1341 361 1397 Sulpicium
382 1341 570 1396 Gallum,
603 1342 912 1397 doctissimum,
938 1346 987 1384 ut
1013 1344 1145 1398 scitis,
1171 1344 1404 1398 hominem,

54 1417 151 1444 cum
182 1401 296 1442 idem
327 1401 410 1443 hoc
439 1401 582 1443 visum
614 1401 827 1443 diceretur
858 1404 902 1443 et
933 1405 1047 1443 esset
1080 1418 1181 1445 casu
1208 1404 1321 1458 apud
1347 1404 1404 1445 M

53 1460 319 1513 Marcellum,
352 1460 425 1516 qui
451 1475 547 1502 011111
563 1475 622 1511 eo
650 1461 798 1514 cqnsul
823 1460 978 1516 fuerat,
1005 1461 1246 1517 sphaeram,
1274 1477 1402 1518 quam

574 1507 621 1516 x<
704 1511 755 1515 ψ,
758 1508 806 1515 κ-
834 1510 939 1519 „W

53 1519 109 1562 Μ.
135 1519 331 1561 Marcelli
363 1534 467 1561 avus
500 1506 662 1574 captis
663 1512 679 1573 Ι
702 1509 926 1574 Syracusis
959 1535 1009 1562 ex
1040 1521 1147 1562 urbe
1173 1521 1233 1563 lo·
1260 1523 1312 1574 [p
1338 1534 1413 1563 103*

53 1578 351 1634 cupletissima
383 1581 513 1633 atque
546 1578 826 1620 ornatissima
857 1579 1125 1634 sustulisset,
1157 1595 1253 1622 cum
1287 1581 1404 1622 aliud

51 1638 163 1680 nihil
195 1652 246 1679 ex
274 1640 399 1679 tanta
423 1638 584 1704 praeda
610 1638 785 1679 domum
810 1652 934 1680 suam
961 1638 1288 1694 deportavisset7
1319 1640 1405 1681 ius-

52 1697 161 1739 sisse
192 1696 395 1752 proferri3
428 1697 546 1739 cuius
580 1711 660 1753 ego
687 1696 897 1752 sphaerae
924 1712 1021 1739 cum
1045 1713 1252 1764 persaepe
1277 1714 1403 1754 prop-

53 1759 120 1797 ter
139 1755 390 1797 Archimedi
417 1732 631 1812 gloriam⁰
626 1770 784 1797 nomen
804 1757 1031 1811 audissem,
1058 1757 1244 1822 speciem
1262 1757 1404 1813 ipsam

52 1829 140 1857 non
171 1829 266 1856 sum
297 1817 421 1856 tanto
455 1829 583 1870 opere
616 1815 873 1870 admiratus;
905 1818 999 1857 erat
1031 1816 1144 1857 enim
1173 1816 1252 1858 illa
1277 1831 1404 1858 venu-

54 1874 164 1916 stior
201 1876 245 1915 et
280 1874 471 1916 nobilior
507 1874 553 1915 in
589 1874 764 1930 volgus,
809 1849 938 1929 qu⁷am
977 1875 1031 1916 ab
1071 1875 1220 1916 eodem
1252 1875 1403 1917 Archi-

53 1933 175 1974 mede
217 1932 379 1974 factam
417 1936 623 1987 posuerat
659 1933 706 1974 in
742 1934 906 1989 templo
943 1933 1133 1975 Virtutis
1170 1933 1401 1976 Marcellus

52 1991 178 2033 idem.
228 1990 311 2033 Sed
341 1995 627 2047 posteaquam
655 1992 660 2047 Ι
689 1992 830 2047 coepit
861 1993 1074 2035 rationem
1105 1993 1232 2035 huius
1260 1995 1313 2046 [p.
1336 2005 1402 2035 104

54 2050 196 2106 operis
235 2050 521 2093 scientissime
554 2050 706 2092 Gallus
746 2066 974 2106 exponere,
1011 2053 1110 2108 plus
1148 2053 1194 2094 in
1231 2052 1308 2094 illo
1341 2051 1403 2094 Si-

55 2110 149 2152 culo
197 2109 378 2165 ingenii,
427 2125 556 2165 quam
599 2110 816 2152 videretur
857 2113 1015 2152 natura
1057 2111 1248 2153 humana
1289 2111 1402 2153 ferre

55 2168 260 2224 potuisse,
290 2169 477 2211 iudicavi
506 2169 652 2210 fuisse.
707 2168 891 2211 Dicebat
923 2171 1037 2211 enim
1069 2169 1220 2212 Gallus
1255 2171 1402 2225 sphae-

54 2242 128 2269 rae
158 2227 277 2269 illius
310 2228 489 2269 alterius
522 2228 685 2270 solidae
717 2230 845 2282 atque
876 2229 1030 2284 plenae
1061 2232 1186 2271 vetus
1218 2243 1310 2270 esse
1341 2229 1401 2269 in-

51 2288 245 2341 ventum,
282 2289 326 2328 et
364 2301 459 2328 eam
497 2302 522 2328 a
554 2287 735 2328 Thalete
767 2286 937 2329 Milesio
968 2289 1157 2343 primum
1190 2302 1282 2329 esse
1315 2290 1398 2329 tor-

1432 412 1477 442 20
1516 412 1530 429 ’-

1429 2003 1471 2032 ‘22
