1685 2568
450 98 537 134 LIB.
559 99 602 136 II.
627 100 724 134 CAP.
754 106 786 142 8,
813 104 846 135 9.
877 104 896 141 ἓ
926 104 1070 134 19—22.
1339 101 1425 141 413

91 195 222 238 ratis
242 197 582 251 temperanto,
606 195 879 248 urbemque
900 197 949 235 et
970 208 1120 249 agros
1136 195 1220 246 [et]
1236 196 1428 250 templa

91 255 319 296 liberata
351 256 400 295 et
432 254 594 295 effata
626 253 856 294 habento.
907 251 1145 306 Quaeque
1172 267 1331 307 augur
1356 254 1427 294 in·

90 313 230 354 iusta
277 312 498 365 nefasta,
554 312 746 353 vitiosa
796 311 905 352 dira
955 310 1214 364 defixerit,
1269 311 1429 352 inrita

91 371 386 426 infectaque
427 373 595 425 sunt03
640 370 823 425 quique
863 384 962 411 non
1001 369 1251 424 paruerit,
1294 370 1428 424 capi-

55 431 166 472 atal
198 432 320 471 esto.

178 487 456 530 Foederum
486 487 646 542 pacis,
677 487 824 540 belli,
855 486 1169 528 indotiarum
1200 489 1429 528 ratorum
1455 487 1480 527 9

89 547 299 589 fetiales
319 546 530 600 iudices,
556 546 723 588 nontii
745 548 912 599 sunto,
937 546 1072 587 bella
1092 545 1429 601 disceptanto.

178 605 438 661 Prodigia,
469 607 713 660 portenta
745 604 804 646 ad
828 604 1076 646 Etruscos
1109 604 1429 659 haruspices,

91 664 133 706 si
171 666 379 706 senatus
411 664 583 717 iussit,
621 663 913 718 deferunto,
950 662 1261 717 Etruriaque
1292 662 1430 718 prin-

41 735 72 760 10
91 724 228 778 cipes
272 722 602 777 disciplinam
647 722 838 763 doceto.
912 720 1106 770 Quibus
1151 720 1283 763 divis
1327 735 1430 763 cre-

89 782 276 836 verint,
307 783 635 836 procuranto,
667 781 899 835 idemque
931 780 1141 836 fulgora
1166 782 1320 834 atque
1346 780 1430 821 ob-

93 841 223 882 stita
253 840 444 896 pianto.

177 898 441 941 Nocturna
463 898 732 940 mulierum
753 897 1019 940 sacrificia
1037 912 1096 939 ne
1116 899 1266 939 sunto
1286 912 1430 953 prae-

90 961 168 1000 ter
194 958 317 1012 olla,
350 972 475 1024 quae
500 971 590 1013 pro
615 957 804 1012 populo
831 956 932 998 rite
956 956 1106 1011 fient3
1136 970 1260 998 neve
1286 971 1430 1011 quem

39 1028 71 1053 15
92 1017 337 1059 initianto
368 1016 487 1070 nisi,
518 1018 573 1057 ut
599 1016 821 1070 adsolet,
853 1014 1028 1057 Cereri
1055 1014 1246 1057 Graeco
1274 1029 1429 1057 sacro.

180 1074 384 1118 Sacrum
440 1075 783 1128 commissum,
840 1074 970 1129 quod
1020 1088 1182 1128 neque
1232 1074 1429 1129 expiari
1457 1081 1500 1111 22

91 1135 302 1190 poterit,
344 1134 500 1189 impie
538 1133 860 1176 commissum
899 1135 1027 1186 esto3
1071 1132 1196 1187 quod
1233 1133 1429 1187 expiari

90 1194 306 1249 poterit,
338 1193 537 1248 publici
568 1192 864 1234 sacerdotes
897 1191 1154 1246 expianto

178 1251 360 1294 Loedis
387 1251 627 1307 publicis,
652 1250 822 1305 †quod
842 1250 952 1291 sine
973 1249 1231 1292 curriculo
1253 1252 1301 1291 et
1322 1250 1430 1291 sine

39 1323 72 1347 2⁰
92 1311 378 1353 certatione
405 1324 673 1364 corporum
697 1309 812 1363 fiat,
844 1309 1143 1364 popularem
1170 1309 1431 1350 laetitiam

90 1371 142 1412 in
172 1372 322 1412 cantu
353 1371 402 1410 et
426 1368 620 1410 fidibus
647 1370 695 1410 et
720 1367 869 1409 tibiis
895 1367 1194 1409 moderanto
1221 1381 1431 1422 eamque

92 1444 200 1471 cum
234 1428 400 1470 divum
432 1427 623 1469 honore
655 1427 920 1482 iungunto.

178 1487 250 1528 Ex
281 1486 469 1542 patriis
502 1486 691 1527 ritibus
724 1488 932 1541 optuma
961 1484 1184 1527 colunto.

178 1545 389 1588 Praeter
419 1544 604 1587 Idaeae
642 1544 824 1586 matris
861 1543 1104 1598 famulos,
1142 1558 1328 1598 eosque
1360 1544 1431 1585 iu-

38 1616 71 1642 25
92 1605 189 1648 stis
221 1604 416 1659 diebus,
446 1618 505 1645 ne
537 1603 651 1658 quis
684 1603 869 1658 stipem
902 1602 1091 1657 cogito.

180 1662 384 1705 Sacrum
425 1677 634 1704 sacrove
672 1662 1081 1704 commendatum
1121 1661 1207 1715 qui
1244 1661 1433 1716 clepsit

90 1723 340 1779 rapsitve,
372 1721 633 1776 parricida
665 1723 786 1762 esto.

177 1781 399 1823 Periuiii
436 1794 596 1835 poena
627 1780 801 1822 divina
832 1779 1063 1833 exitium,
1102 1778 1323 1820 humana
1354 1778 1432 1820 de-

92 1841 253 1883 decus.

38 1911 72 1936 30
177 1899 432 1941 Incestum
463 1897 744 1953 pontifices
772 1911 1007 1952 supremo
1036 1895 1292 1951 supplicio
1320 1909 1432 1936 san·

91 1959 278 2000 ciunto.

178 2016 371 2072 Impius
390 2030 449 2057 ne
470 2015 654 2057 audeto
676 2015 882 2070 placare
903 2013 1080 2056 donis
1068 2028 1196 2055 iram
1215 2013 1431 2055 deorum

180 2075 337 2118 Caute
385 2077 505 2117 vota
552 2074 820 2139 reddunto3
869 2087 1029 2128 poena
1073 2071 1259 2114 violati
1303 2072 1431 2112 iuris

91 2137 214 2177 esto.
293 2132 541 2182 Quocirca
600 2147 659 2174 ne
716 2132 826 2186 quis
883 2146 1059 2187 agrum
1115 2132 1431 2173 consecrato.

38 2203 72 2231 85
91 2193 235 2247 Auri,
267 2192 487 2248 argenti,
520 2191 690 2233 eboris
724 2191 961 2233 sacrandi
993 2190 1168 2232 modus
1201 2191 1323 2231 esto.

180 2250 333 2294 Sacra
363 2251 568 2305 privata
600 2252 847 2305 perpetua
878 2251 1128 2291 manento.

180 2310 404 2353 Deorum
434 2309 655 2350 Manium
687 2309 798 2350 iura
831 2311 1008 2350 sancta
1040 2309 1204 2348 sunto.
1260 2304 1428 2347 Bonos
