1685 2568
443 62 531 100 LIB.
557 62 584 99 I.
612 61 712 98 CAP.
739 67 888 98 20-22.
915 66 934 105 ἓ
960 67 1109 99 54-60.
1385 63 1443 105 23

108 161 296 201 mentem
326 159 471 201 venire
504 159 631 213 solet,
669 172 799 213 quare
830 172 978 200 verum
1010 159 1068 200 sit
1099 159 1278 213 aliquid,
1317 174 1440 213 quam

111 232 240 272 quare
277 217 453 271 falsum3
497 217 623 271 idque
664 231 759 258 cum
798 231 941 272 saepe,
979 219 1089 271 tum,
1129 232 1225 259 cum
1256 220 1299 258 te
1332 219 1445 259 audi-

109 290 210 330 rem,
242 277 371 331 paulo
399 278 497 318 ante
523 275 716 330 contigit.
765 275 909 331 Roges
935 290 1014 330 me,
1047 276 1218 330 qualem
1243 278 1443 317 naturam

111 334 285 376 deorum
318 349 410 377 esse
442 334 610 388 ducam,
642 333 752 375 nihil
776 333 964 376 fortasse
989 335 1289 389 respondeam3
1322 349 1445 389 quae-

73 405 90 430 5
109 408 195 447 ras,
232 396 434 448 putemne
465 393 597 434 talem
630 406 739 446 esse,
772 393 910 447 qualis
943 393 1069 435 modo
1103 408 1127 435 a
1157 396 1200 434 te
1233 393 1290 434 sit
1321 407 1446 448 expo-

110 452 212 504 sita,
243 453 351 494 nihil
384 452 521 494 dicam
554 451 660 493 mihi
691 452 826 493 videri
858 452 1010 494 minus.
1072 450 1154 494 Sed
1186 454 1284 494 ante
1317 466 1446 507 quam

109 511 334 566 adgrediar
366 510 419 552 ad
450 525 511 564 ea,
544 525 650 564 quae
683 525 708 551 a
740 513 782 552 te
815 511 1036 566 disputata
1060 513 1173 564 sunt,
1205 511 1255 551 de
1281 513 1324 552 te
1349 512 1444 565 ipso

109 570 245 612 dicam
289 569 390 624 quid
433 569 627 610 sentiam.
696 568 832 624 Saepe
875 570 988 611 enim
1032 569 1082 611 de
1125 569 1331 611 familiari
1367 570 1444 611 illo
1471 575 1514 606 58

109 631 184 670 tuo
211 628 357 670 videor
383 628 564 682 audisse,
596 642 691 670 cum
717 631 760 669 te
786 629 950 684 togatis
977 628 1175 670 omnibus
1199 629 1290 670 sine
1316 628 1444 670 dubio

56 698 90 723 10
110 686 343 729 anteferret
375 689 418 728 et
449 701 610 742 paucos
641 690 783 729 tecum
807 687 1044 742 Epicureos
1076 702 1097 729 e
1124 686 1304 729 Graecia
1335 702 1445 729 com—

107 748 297 800 pararet,
335 745 425 799 sed,
464 746 575 800 quod
614 746 668 787 ab
707 761 755 787 eo
788 748 831 787 te
863 746 1038 788 mirifice
1071 746 1194 802 diligi
1225 746 1446 801 intellege-

107 805 225 858 bam,
265 804 510 846 arbitrabar
540 804 665 846 illum
696 807 874 860 propter
904 805 1241 847 benivolentiam
1272 805 1445 846 uberius

106 862 150 904 id
189 863 336 905 dicere.
397 862 493 919 Ego
532 866 693 918 autem,
738 864 819 905 etsi
857 878 1005 906 vereor
1042 864 1218 906 laudare
1249 878 1446 919 praesen-

107 925 213 976 tem,
251 922 390 964 iudico
428 925 574 964 tamen
613 923 662 964 de
699 937 744 964 re
777 923 958 965 obscura
990 925 1118 978 atque
1151 922 1316 964 difficili
1347 938 1373 964 a
1402 925 1446 964 te

55 992 88 1017 15
109 981 269 1023 dictum
308 995 399 1022 esse
432 981 630 1035 dilucide,
667 996 804 1036 neque
836 982 1060 1023 sententiis
1094 982 1232 1024 solum
1264 982 1446 1036 copiose,

110 1040 183 1082 sed
214 1040 356 1082 verbis
390 1040 520 1081 etiam
553 1041 757 1095 ornatius,
791 1055 918 1094 quam
952 1041 1092 1082 solent
1122 1041 1267 1082 vestri.
1318 1040 1447 1082 Zeno·
1473 1046 1516 1077 59

106 1113 223 1152 nem,
261 1113 386 1153 quem
424 1098 550 1140 Philo
588 1101 735 1140 noster
772 1099 1060 1154 coryphaeum
1098 1100 1316 1154 appellare
1347 1099 1447 1155 Epi-

109 1172 332 1200 cureorum
364 1157 548 1210 solebat,
581 1172 676 1199 cum
708 1157 892 1198 Athenis
924 1172 1080 1212 essem,
1112 1158 1337 1200 audiebam
1367 1160 1447 1200 fre-

109 1218 305 1271 quenter,
349 1218 392 1257 et
430 1216 601 1271 quidem
638 1216 733 1271 ipso
773 1219 945 1258 auctore
983 1216 1183 1271 Philone,
1220 1217 1362 1271 credo,
1399 1220 1448 1259 ut

55 1286 88 1311 20
107 1275 277 1317 facilius
308 1274 557 1329 iudicarem,
598 1290 726 1329 quam
757 1275 834 1317 illa
865 1275 973 1317 bene
1004 1276 1319 1331 refellerentur,
1351 1291 1447 1318 cum

107 1349 133 1376 a
163 1333 355 1389 principe
386 1333 697 1389 Epicureorum
731 1334 1001 1389 accepissem,
1034 1349 1159 1390 quem
1193 1335 1246 1376 ad
1273 1335 1447 1377 modum

108 1393 360 1435 dicerentur.
400 1391 501 1434 Non
524 1393 660 1449 igitur
686 1393 772 1448 ille,
797 1397 846 1435 ut
871 1393 1077 1448 plerique,
1104 1394 1178 1435 sed
1202 1394 1287 1436 isto
1307 1394 1448 1449 modo,

106 1455 155 1494 ut
191 1454 257 1506 tu,
299 1452 515 1506 distincte,
558 1452 765 1507 graviter,
807 1455 967 1494 ornate.
1029 1451 1111 1494 Sed
1149 1453 1262 1508 quod
1295 1453 1339 1494 in
1369 1454 1446 1496 illo

107 1511 213 1553 mihi
249 1525 330 1552 usu
368 1525 493 1566 saepe
530 1511 665 1566 venit,
703 1511 816 1553 idem
852 1511 998 1566 modo,
1036 1527 1131 1554 eum
1168 1515 1211 1553 te
1244 1512 1447 1567 audirem,

54 1580 88 1606 25
108 1570 346 1623 accidebat,
383 1572 432 1611 ut
463 1570 644 1612 moleste
675 1570 828 1612 ferrem
863 1573 1034 1612 tantum
1064 1571 1284 1627 ingenium
1316 1570 1449 1626 (bona

106 1629 233 1671 venia
269 1643 337 1670 me
369 1628 533 1685 audies)
565 1629 610 1670 in
640 1631 732 1670 tam
764 1629 897 1684 leves,
934 1644 987 1671 ne
1019 1630 1157 1671 dicam
1189 1630 1234 1671 in
1265 1633 1356 1671 tam
1386 1631 1448 1672 in-

107 1690 229 1744 eptas
262 1688 496 1729 sententias
527 1688 738 1730 incidisse.
788 1687 878 1730 Nec
911 1703 990 1744 ego
1022 1703 1134 1730 nunc
1165 1689 1257 1744 ipse
1284 1689 1447 1744 aliquid
1474 1698 1518 1730 60

107 1746 300 1789 adferam
336 1747 502 1788 melius.
562 1746 624 1788 Ut
662 1747 774 1789 enim
812 1747 938 1789 modo
978 1747 1082 1802 dixi,
1122 1748 1320 1789 omnibus
1358 1748 1447 1790 fere

106 1806 152 1847 in
182 1806 323 1860 rebus,
356 1805 429 1847 sed
455 1806 638 1848 maxime
664 1806 709 1847 in
732 1806 935 1861 physicis,
969 1807 1069 1861 quid
1095 1821 1181 1848 non
1207 1807 1276 1861 sit,
1309 1807 1447 1862 citius,

55 1875 90 1901 δῦ
109 1879 236 1919 quam
269 1864 370 1920 quid
396 1865 464 1919 sit,
497 1865 687 1907 dixerim.
729 1864 874 1921 Roges
900 1880 979 1920 me,
1012 1865 1113 1920 quid
1139 1867 1213 1907 aut
1239 1866 1364 1920 quale
1390 1866 1447 1907 sit
1462 1868 1517 1909 22

110 1924 223 1978 deus,
256 1926 428 1966 auctore
459 1926 558 1965 utar
583 1922 811 1979 Simonide,
844 1924 894 1966 de
927 1939 1009 1979 quo
1043 1939 1139 1966 cum
1165 1925 1448 1979 quaesivisset

107 1981 190 2024 hoc
219 1982 332 2024 idem
362 1985 570 2038 tyrannus
595 1982 742 2037 Hiero,
775 1983 1039 2025 deliberandi
1070 1983 1153 2025 sibi
1177 1998 1309 2025 unum
1336 1983 1447 2026 diem

108 2041 363 2096 postulavit3
394 2056 489 2084 cum
509 2042 621 2083 idem
642 2057 692 2084 ex
712 2057 761 2084 eo
781 2042 988 2097 postridie
1010 2045 1243 2097 quaereret,
1269 2042 1446 2085 biduum

109 2099 281 2154 petivit3
317 2115 412 2142 cum
450 2100 619 2156 saepius
658 2101 895 2156 duplicaret
924 2116 1150 2143 numerum
1182 2101 1346 2143 dierum
1378 2102 1447 2144 ad·

56 2170 89 2195 35
110 2158 353 2214 miransque
388 2158 521 2201 Hiero
558 2160 812 2215 requireret,
850 2175 924 2202 cur
959 2160 1023 2202 ita
1058 2160 1236 2216 faceret,
1281 2159 1444 2214 ‘Quia,

110 2220 300 2272 quanto
339 2217 532 2260 diutius
570 2218 872 2272 considero',
908 2219 1068 2274 inquit,
1113 2219 1280 2261 ‘tanto
1320 2219 1445 2260 mihi

109 2291 187 2318 res
231 2275 436 2318 videtur
480 2277 781 2320 obscurior’.
848 2276 929 2319 Sed
967 2277 1215 2320 Simoniden
1258 2277 1445 2320 arbitror
