1685 2568
201 681 228 762 σιω

257 82 341 124 146
711 81 776 116 DE
800 80 1121 116 DIVINATIONE

255 179 401 221 decem
439 178 697 232 interpretes
736 177 922 219 delectos
960 191 983 218 e
1020 177 1195 219 civitate
1227 191 1319 218 esse
1348 177 1589 219 voluerunt.

231 237 320 279 ‘Ex
355 251 438 292 quo
472 251 626 291 genere
658 250 784 290 saepe
815 235 1082 277 hariolorum
1115 235 1245 276 etiam
1277 238 1319 276 et
1349 239 1497 278 vatum
1526 237 1590 277 fu-

254 296 458 338 ribundas
503 294 835 350 praedictiones,
878 297 926 335 ut
970 293 1204 335 Octaviano
1234 294 1363 339 obello
1402 293 1590 336 Cornelii

255 353 451 407 Culleoli,
483 353 712 395 audiendas
744 355 1016 407 putaverunt.
1062 350 1152 393 Nec
1177 366 1277 394 vero
1304 353 1471 394 somnia
1496 368 1590 408 gra-

253 413 392 466 viora,
431 412 467 452 si
505 425 613 466 quae
652 411 705 452 ad
739 425 830 452 rem
860 411 1077 465 publicam
1108 411 1322 465 pertinere
1353 411 1447 452 visa
1479 414 1588 466 sunt,
1608 424 1625 450 5

255 486 280 512 a
312 485 478 512 summo
511 469 690 512 consilio
726 470 925 524 neglecta
956 472 1067 511 sunt.
1129 468 1241 517 Quin
1272 469 1403 511 etiam
1434 485 1590 511 memo-

254 530 319 570 ria
355 531 506 570 nostra
541 529 753 583 templum
789 528 965 569 Iunonis
1003 526 1200 582 Sospitae
1240 527 1286 569 L.
1323 527 1478 583 Iulius,
1518 528 1591 583 qui

254 603 350 630 cum
369 587 415 629 P.
434 587 599 629 Rutilio
631 587 780 628 consul
804 586 898 640 fuit,
930 586 980 628 de
1007 590 1178 628 senatus
1205 587 1418 628 sententia
1442 586 1592 628 refecit

255 661 306 688 ex
338 645 557 700 Caeciliae,
588 644 793 686 Baliarici
823 645 949 697 filiae,
981 646 1159 687 somnio.

342 704 486 759 Atque
518 705 634 758 haec,
665 706 713 744 ut
745 718 824 760 ego
858 703 1055 758 arbitror,
1086 706 1250 745 veteres
1283 718 1426 746 rerum
1452 704 1590 760 magis
1612 717 1645 743 10

255 764 419 805 eventis
451 763 605 804 moniti
638 777 766 816 quam
797 762 964 803 ratione
996 762 1112 803 docti
1142 763 1444 817 probaverunt.
1493 762 1592 804 Phi-

254 822 534 877 losophorum
571 835 672 862 vero
711 821 924 875 exquisita
962 821 1170 875 quaedam
1208 824 1479 877 argumenta,
1518 836 1591 863 cur

255 883 369 922 esset
405 895 506 921 vera
547 879 772 934 divinatio,
810 880 991 921 collecta
1028 882 1145 934 sunt,
1189 894 1210 921 e
1249 880 1420 934 quibus,
1461 883 1509 922 ut
1541 880 1591 922 de

255 938 580 993 antiquissumis
618 939 789 992 loquar,
828 937 1120 993 Colophonius
1151 937 1438 993 Xenophanes
1470 953 1590 993 unus,

255 998 327 1052 qui
364 997 464 1039 deos
497 1012 588 1038 esse
621 997 796 1051 diceret,
833 997 1140 1038 divinationem
1170 996 1363 1038 funditus
1396 997 1590 1052 sustulit,
1611 1009 1644 1035 15

253 1056 409 1111 reliqui
455 1070 555 1098 vero
604 1070 750 1097 omnes
791 1058 963 1110 praeter
1004 1055 1238 1110 Epicurum
1278 1056 1592 1098 balbutientem

254 1115 304 1156 de
335 1117 491 1156 natura
523 1114 699 1156 deorum
730 1114 1037 1156 divinationem
1068 1114 1376 1169 probaverunt,
1409 1115 1482 1156 sed
1505 1130 1593 1156 non

253 1188 337 1215 uno
379 1173 518 1215 modo.
584 1172 699 1214 Nam
739 1188 836 1214 cum
876 1171 1072 1214 Socrates
1114 1188 1345 1228 omnesque
1386 1171 1592 1215 Socratici

253 1232 451 1286 Zenoque
484 1234 527 1273 et
556 1232 601 1285 ii,
633 1232 706 1286 qui
737 1232 790 1273 ab
823 1246 871 1273 eo
906 1234 1048 1273 essent
1072 1232 1266 1287 profecti,
1298 1235 1521 1273 manerent
1546 1233 1592 1273 in

254 1291 530 1345 antiquorum
561 1290 919 1345 philosophorum
952 1291 1164 1332 sententia
1194 1293 1338 1332 vetere
1358 1291 1591 1333 Academia
1609 1303 1645 1327 20

254 1352 297 1392 et
327 1349 628 1404 Peripateticis
661 1349 1039 1403 consentientibus,
1071 1364 1249 1404 cumque
1281 1349 1380 1391 huic
1411 1350 1473 1390 rei
1504 1365 1590 1391 ma-

255 1422 385 1464 gnam
430 1408 734 1450 auctoritatem
772 1407 1045 1463 Pythagoras
1086 1408 1173 1449 iam
1214 1410 1312 1449 ante
1353 1408 1590 1463 tribuisset,

255 1467 328 1521 qui
367 1467 498 1508 etiam
534 1466 627 1521 ipse
666 1480 802 1521 augur
841 1467 972 1508 vellet
1011 1481 1120 1521 esse,
1157 1467 1452 1521 plurumisque
1484 1467 1590 1509 locis

256 1525 400 1581 gravis
443 1528 591 1567 auctor
621 1524 894 1567 Democritus
931 1525 1276 1580 praesensionem
1307 1540 1449 1567 rerum
1478 1526 1590 1567 futu-

254 1599 400 1625 rarum
438 1584 740 1639 conprobaret,
780 1583 1067 1626 Dicaearchus
1098 1583 1409 1639 Peripateticus
1450 1587 1590 1627 cetera
1609 1594 1643 1620 25

255 1643 531 1685 divinationis
564 1657 721 1699 genera
752 1643 939 1696 sustulit,
972 1643 1235 1684 somniorum
1267 1645 1310 1684 et
1339 1643 1497 1685 furoris
1528 1658 1590 1685 re·

253 1701 394 1756 liquit,
426 1700 760 1757 Cratippusque,
791 1701 1017 1742 familiaris
1049 1704 1214 1756 noster,
1248 1716 1373 1757 quem
1405 1716 1484 1757 ego
1516 1717 1588 1756 pa-

254 1775 346 1801 rem
386 1760 564 1802 summis
595 1760 894 1815 Peripateticis
934 1760 1090 1814 iudico,
1131 1760 1266 1802 isdem
1304 1761 1430 1802 rebus
1461 1761 1589 1802 fidem

255 1819 425 1873 tribuit,
463 1819 629 1873 reliqua
667 1819 942 1860 divinationis
975 1833 1132 1874 genera
1162 1819 1318 1860 reiecit.
1380 1817 1462 1860 Sed
1493 1834 1588 1861 cum

256 1877 389 1919 Stoici
431 1878 575 1919 omnia
613 1877 702 1919 fere
738 1877 816 1919 illa
852 1877 1141 1932 defenderent,
1182 1878 1295 1932 quod
1326 1880 1368 1919 et
1400 1878 1512 1920 Zeno
1543 1878 1589 1920 in
1607 1889 1643 1916 30

255 1936 343 1978 suis
376 1936 694 1978 commentariis
722 1936 844 1991 quasi
869 1937 1032 1977 semina
1058 1936 1265 1990 quaedam
1291 1936 1521 1991 sparsisset
1546 1940 1589 1978 et

255 2009 306 2036 ea
325 1994 556 2037 Cleanthes
582 1995 712 2049 paulo
738 1995 938 2037 uberiora
961 1995 1144 2048 fecisset,
1171 1995 1349 2037 accessit
1369 2010 1588 2037 acerrumo

254 2054 320 2095 vir
344 2053 530 2108 ingenio,
556 2052 834 2108 Chrysippus,
866 2053 938 2108 qui
963 2056 1102 2095 totam
1128 2053 1179 2095 de
1204 2054 1465 2096 divinatione
1491 2055 1589 2096 duo-

255 2112 335 2153 bus
361 2112 484 2153 libris
512 2112 741 2167 explicavit
768 2112 1036 2164 sententiam,
1067 2127 1151 2154 uno
1176 2115 1399 2168 praeterea
1422 2113 1471 2155 de
1498 2127 1588 2155 ora-

256 2171 352 2222 clis,
389 2185 473 2212 uno
507 2170 557 2212 de
589 2170 784 2225 somniis3
817 2185 942 2225 quem
975 2172 1236 2226 subsequens
1268 2187 1400 2213 unum
1429 2172 1587 2213 librum
1606 2181 1640 2209 3⁵

254 2229 520 2284 Babylonius
551 2228 767 2285 Diogenes
806 2229 954 2283 edidit,
999 2230 1087 2271 eius
1126 2230 1312 2285 auditor,
1353 2230 1434 2271 duo
1465 2229 1588 2272 Anti-

255 2291 399 2344 pater,
438 2288 622 2343 quinque
658 2290 806 2329 noster
836 2288 1102 2330 Posidonius.
1164 2287 1246 2330 Sed
1277 2304 1302 2331 a
1333 2286 1487 2330 Stoicis
1518 2290 1587 2331 vel
