1685 2568
325 97 680 141 ARGUMENTUM,
707 99 795 134 LIB.
821 99 847 134 I.
875 97 975 133 CAP.
1005 103 1033 134 1.
1061 103 1080 141 ξ
1108 104 1207 134 1-3.
1346 99 1427 141 381

94 196 153 229 ter
184 204 364 229 summam
395 192 678 228 similitudinem
709 192 748 227 et
777 191 1044 236 aequalitatem
1074 203 1253 226 summam
1279 192 1433 227 societa-

95 242 171 275 tem
197 239 584 284 coniunctionemque;
612 250 656 274 ex
681 249 753 283 quo
778 238 935 273 efficitur
954 238 1116 281 tertium,
1143 238 1189 272 ad
1209 239 1434 284 participan-

95 287 183 322 dum
214 287 330 322 alium
361 287 436 322 alio
469 285 886 329 communicandumque
917 285 1016 320 inter
1047 296 1172 320 omnes
1199 285 1255 319 ius
1280 297 1346 320 nos
1373 297 1434 320 na-

94 335 180 369 tura
204 344 284 369 esse
309 333 446 378 factos,
479 334 533 377 et,
566 333 666 377 quod
691 332 911 377 quibusdam
937 332 1155 367 incredibile
1181 331 1346 375 videtur,
1379 336 1437 367 est

94 383 220 416 autem
250 380 517 425 necessarium,
548 380 605 415 uti
634 380 752 415 nihilo
779 390 858 414 sese
883 379 1002 424 magis
1029 379 1224 432 quisquam
1250 390 1361 432 quam
1385 380 1436 413 al-

94 428 217 463 terum
242 427 380 472 diligat
405 430 498 473 (cap.
527 430 595 471 12).
645 426 700 461 Ex
724 426 782 461 his
807 426 925 461 tribus
946 428 1137 471 tamquam
1154 426 1362 479 principi-is
1371 437 1438 460 sua

97 476 231 520 sponte
265 474 484 520 intellegere
515 485 623 509 nemo
648 485 724 509 non
748 475 875 519 potest
898 474 1032 508 natura
1055 473 1128 516 ius,
1160 484 1236 508 non
1261 473 1437 518 opinione

96 524 135 556 et
164 521 304 557 iudicio
330 522 491 556 humano
518 521 702 556 contineri
726 524 819 566 (cap
849 525 937 555 13—
944 523 1010 563 17).
1062 520 1235 565 Sequitur
1259 520 1335 555 alia
1357 520 1439 555 bre-

95 568 153 603 vis
180 568 405 614 disputatio,
432 579 505 613 qua
530 568 690 603 efficitur
714 567 770 602 ius
797 568 836 602 et
861 579 966 602 omne
992 568 1189 603 honestum
1214 579 1281 602 sua
1305 569 1438 613 sponte

96 626 178 651 esse
204 616 452 661 expetendum
478 618 573 661 (cap.
596 619 638 650 18
660 617 738 659 sq..)
779 614 975 650 Conclusio
1000 614 1088 650 libri
1114 616 1171 650 est
1195 615 1241 650 de
1266 614 1439 650 laudibus

95 662 147 744 ἓξ
150 662 370 745 {2235313332
384 661 1439 755 631έῖῗ.0ῒὲἃῖῗῗὲέῗξυὲῃῖῖὲῖῗὲῌῖθᾚῗιῗὲἰὲἑὲῗέᾳὲἓ

96 756 219 792 verbis
245 767 357 802 quam
382 756 428 792 de
452 757 572 792 rebus.

1464 874 1484 916 1

184 900 368 943 Arrtctss.
424 898 564 942 Lucus
610 900 780 955 quidem
821 900 898 941 ille
941 902 985 941 et
1021 900 1127 941 haec
1164 899 1441 955 Arpinatium
1469 927 1486 957 1

97 974 278 1016 quercus
317 959 568 1015 agnoscitur
600 974 726 1014 saepe
759 974 785 1001 a
815 973 883 1000 me
915 959 1052 1000 lectus
1084 958 1128 1000 in
1159 958 1334 1001 Mario.
1396 957 1442 1001 Si

97 1020 244 1061 manet
267 1018 346 1060 illa
372 1032 564 1072 quercus,
595 1018 701 1060 haec
727 1020 794 1059 est
818 1017 1031 1074 profecto3
1063 1018 1221 1059 etenim
1247 1020 1313 1059 est
1339 1032 1442 1060 sane

97 1080 232 1120 vetus.
290 1077 475 1129 QUINTUS.
513 1076 661 1119 Manet
691 1091 805 1131 vero,
837 1076 982 1119 Attice
1013 1079 1173 1131 noster,
1205 1078 1248 1118 et
1274 1091 1442 1132 semper

46 1145 64 1172 5
101 1135 312 1190 manebit3
345 1138 441 1177 sata
472 1138 538 1177 est
570 1136 682 1178 enim
713 1136 899 1191 ingenio.
948 1134 1122 1177 Nullius
1155 1138 1299 1177 autem
1332 1136 1443 1192 agri-

99 1195 218 1238 colae
259 1194 378 1236 cultu
417 1195 550 1250 stirps
587 1197 679 1237 tam
717 1195 922 1236 diuturna
958 1209 1087 1249 quam
1124 1197 1279 1250 poetae
1315 1209 1444 1237 versu

99 1253 303 1296 seminari
332 1255 491 1308 potest.
540 1254 641 1297 Am.
672 1252 764 1302 Quo
796 1253 971 1295 tandem
997 1253 1137 1307 modo,
1169 1252 1337 1308 Quinte,
1369 1257 1444 1295 aut

100 1313 226 1368 quale
257 1314 324 1353 est
354 1312 477 1366 istuc,
509 1313 624 1367 quod
653 1315 806 1368 poetae
839 1312 1015 1354 serunt?
1047 1313 1154 1354 mihi
1187 1313 1300 1354 enim
1331 1313 1444 1354 vide-

100 1372 160 1413 ris
190 1371 372 1413 fratrem
404 1371 618 1413 laudando
652 1371 883 1427 suffragari
913 1371 1007 1413 tibi.
1059 1371 1104 1423 Q.
1136 1370 1202 1413 Sit
1233 1371 1297 1413 ita
1322 1386 1444 1427 sane3

48 1441 81 1466 10
99 1445 249 1472 verum
271 1432 431 1484 tamen,
463 1430 564 1472 dum
583 1430 764 1472 Latinae
789 1431 1020 1484 loquentur
1046 1430 1231 1486 litterae,
1264 1445 1444 1485 quercus

99 1489 198 1532 huic
228 1489 325 1531 1000
355 1503 444 1531 11011
474 1489 622 1544 deerit,
654 1504 762 1544 quae
787 1489 984 1531 Mariana
1009 1489 1188 1544 dicatur,
1220 1504 1366 1545 eaque,
1396 1492 1446 1532 ut

101 1548 163 1590 ait
194 1546 402 1590 Scaevola
432 1547 482 1589 de
512 1548 662 1590 fratris
695 1548 780 1590 mei
809 1548 962 1603 Mario,

161 1617 413 1661 Canescet
445 1618 634 1661 saeclis
666 1618 1156 1674 innumerabilibu83

99 1688 185 1731 nisi
223 1688 336 1731 forte
369 1687 568 1730 Athenae
604 1691 705 1731 tuae
744 1689 1052 1744 sempiternam
1088 1689 1135 1730 in
1172 1704 1267 1732 arce
1306 1690 1446 1733 oleam
1472 1699 1492 1730 2

50 1759 83 1785 15
101 1750 246 1789 tenere
278 1749 524 1802 potuerunt,
556 1750 642 1802 aut,
675 1748 789 1803 quod
820 1748 1074 1790 Homericus
1100 1747 1250 1790 Ulixes
1276 1748 1376 1791 Deli
1402 1764 1446 1792 se

103 1821 326 1862 proceram
352 1809 397 1847 et
422 1809 615 1848 teneram
641 1807 834 1862 palmam
858 1807 1016 1849 vidisse
1037 1807 1157 1862 dixit,
1181 1807 1309 1850 hodie
1329 1823 1447 1851 mon·

103 1867 244 1907 strant
269 1865 467 1919 eandem3
492 1866 714 1920 multaque
741 1866 827 1908 alia
852 1866 1001 1908 multis
1029 1866 1135 1908 locis
1156 1867 1316 1908 diutius
1337 1882 1448 1909 com-

102 1924 413 1966 memoratione
457 1927 633 1965 manent
677 1939 804 1979 quam
847 1927 1006 1967 natura
1049 1927 1165 1967 stare
1201 1928 1447 1981 potuerunt.

103 1982 242 2032 Quare
269 1983 608 2039 ‘glandifera'
635 1983 713 2025 illa
739 1998 930 2038 quercus,
957 1999 1007 2026 ex
1029 1999 1113 2039 qua
1133 1984 1238 2026 olim
1258 1985 1449 2027 evolavit

51 2065 85 2091 20
161 2052 358 2095 Nuntia
388 2053 534 2096 fulva
563 2053 704 2096 Iovis
736 2054 966 2097 miranda
997 2055 1108 2097 visa
1138 2055 1330 2111 figura,

103 2138 215 2166 nunc
255 2123 312 2165 sit
351 2123 468 2166 haec.
531 2122 612 2165 Sed
645 2139 774 2179 quom
806 2139 900 2167 eam
929 2128 1168 2181 tempestas
1199 2128 1448 2168 vetustasve

105 2183 437 2238 consumpserit,
474 2184 622 2224 tamen
653 2183 735 2224 erit
766 2183 834 2225 his
866 2185 912 2226 in
942 2185 1048 2227 10013
1081 2199 1278 2240 quercus,
1318 2200 1447 2239 quam

102 2240 343 2283 Marianam
370 2256 574 2296 quercum
600 2243 827 2284 vocabunt.
870 2244 970 2285 ATT.
1001 2242 1102 2285 Non
1125 2243 1275 2285 dubito
1295 2243 1339 2284 id
1359 2244 1447 2298 qui-
1474 2251 1494 2282 3

104 2299 219 2355 dem3
250 2300 325 2342 sed
355 2300 461 2342 haec
492 2300 580 2342 iam
611 2315 694 2343 non
724 2316 776 2343 ex
806 2303 862 2357 te,
894 2301 1062 2357 Quinte,
1095 2316 1266 2357 quaero,
1298 2316 1446 2344 verum
