<?xml version="1.0" encoding="UTF-8"?>
<!DOCTYPE html PUBLIC "-//W3C//DTD XHTML 1.0 Transitional//EN"
    "http://www.w3.org/TR/xhtml1/DTD/xhtml1-transitional.dtd">
<html xmlns="http://www.w3.org/1999/xhtml" xml:lang="en" lang="en">
 <head>
  <title>
</title>
<meta http-equiv="Content-Type" content="text/html;charset=utf-8" />
  <meta name='ocr-system' content='tesseract 3.04.00' />
  <meta name='ocr-capabilities' content='ocr_page ocr_carea ocr_par ocr_line ocrx_word'/>
</head>
<body>
  <div class='ocr_page' id='page_1' title='image "./p2scriptaquaemanse04ciceuoft_0084.png"; bbox 0 0 1685 2568; ppageno 0'>
   <div class='ocr_carea' id='block_1_1' title="bbox 241 96 1159 141">
    <p class='ocr_par' dir='ltr' id='par_1_1' title="bbox 241 96 1159 141">
     <span class='ocr_line' id='line_1_1' title="bbox 241 96 1159 141; baseline -0.003 -8"><span class='ocrx_word' id='word_1_1' title='bbox 241 100 297 141; x_wconf 81' lang='grc'>32</span> <span class='ocrx_word' id='word_1_2' title='bbox 647 98 710 132; x_wconf 89' lang='lat' dir='ltr'>DE</span> <span class='ocrx_word' id='word_1_3' title='bbox 736 97 935 133; x_wconf 83' lang='lat' dir='ltr'><strong>NATURA</strong></span> <span class='ocrx_word' id='word_1_4' title='bbox 960 96 1159 132; x_wconf 83' lang='lat' dir='ltr'>DEORUM</span> 
     </span>
    </p>
   </div>
   <div class='ocr_carea' id='block_1_2' title="bbox 241 193 1577 542">
    <p class='ocr_par' dir='ltr' id='par_1_2' title="bbox 241 193 1577 542">
     <span class='ocr_line' id='line_1_2' title="bbox 241 193 1574 248; baseline -0.001 -11"><span class='ocrx_word' id='word_1_5' title='bbox 241 196 363 237; x_wconf 84' lang='lat' dir='ltr'>video</span> <span class='ocrx_word' id='word_1_6' title='bbox 400 210 486 237; x_wconf 89' lang='lat' dir='ltr'>non</span> <span class='ocrx_word' id='word_1_7' title='bbox 522 195 652 236; x_wconf 88' lang='lat' dir='ltr'>nullis</span> <span class='ocrx_word' id='word_1_8' title='bbox 684 194 818 235; x_wconf 84' lang='lat' dir='ltr'>videri</span> <span class='ocrx_word' id='word_1_9' title='bbox 848 193 1098 248; x_wconf 78' lang='lat' dir='ltr'>Epicurum,</span> <span class='ocrx_word' id='word_1_10' title='bbox 1139 208 1191 234; x_wconf 87' lang='lat' dir='ltr'>ne</span> <span class='ocrx_word' id='word_1_11' title='bbox 1222 193 1267 234; x_wconf 85' lang='lat' dir='ltr'>in</span> <span class='ocrx_word' id='word_1_12' title='bbox 1299 194 1574 236; x_wconf 87' lang='lat' dir='ltr'>offensionem</span> 
     </span>
     <span class='ocr_line' id='line_1_3' title="bbox 241 252 1575 306; baseline -0.001 -11"><span class='ocrx_word' id='word_1_13' title='bbox 241 254 570 295; x_wconf 87' lang='lat' dir='ltr'>Atheniensium</span> <span class='ocrx_word' id='word_1_14' title='bbox 597 253 776 306; x_wconf 81' lang='lat' dir='ltr'>caderet,</span> <span class='ocrx_word' id='word_1_15' title='bbox 808 253 949 293; x_wconf 83' lang='lat' dir='ltr'>verbis</span> <span class='ocrx_word' id='word_1_16' title='bbox 976 252 1200 306; x_wconf 80' lang='lat' dir='ltr'>reliquisse</span> <span class='ocrx_word' id='word_1_17' title='bbox 1227 253 1339 306; x_wconf 86' lang='lat' dir='ltr'>deos,</span> <span class='ocrx_word' id='word_1_18' title='bbox 1366 267 1411 294; x_wconf 87' lang='lat' dir='ltr'>re</span> <span class='ocrx_word' id='word_1_19' title='bbox 1438 256 1575 294; x_wconf 89' lang='lat' dir='ltr'>sustu-</span> 
     </span>
     <span class='ocr_line' id='line_1_4' title="bbox 241 311 1576 366; baseline -0.001 -12"><span class='ocrx_word' id='word_1_20' title='bbox 241 313 354 354; x_wconf 89' lang='lat' dir='ltr'>lisse.</span> <span class='ocrx_word' id='word_1_21' title='bbox 415 312 566 366; x_wconf 85' lang='lat' dir='ltr'>Itaque</span> <span class='ocrx_word' id='word_1_22' title='bbox 606 312 651 351; x_wconf 89' lang='lat' dir='ltr'>in</span> <span class='ocrx_word' id='word_1_23' title='bbox 692 311 779 352; x_wconf 89' lang='lat' dir='ltr'>illis</span> <span class='ocrx_word' id='word_1_24' title='bbox 821 311 988 352; x_wconf 86' lang='lat' dir='ltr'>selectis</span> <span class='ocrx_word' id='word_1_25' title='bbox 1031 311 1119 351; x_wconf 86' lang='lat' dir='ltr'>eius</span> <span class='ocrx_word' id='word_1_26' title='bbox 1161 311 1446 365; x_wconf 87' lang='lat' dir='ltr'>brevibusque</span> <span class='ocrx_word' id='word_1_27' title='bbox 1487 326 1576 352; x_wconf 88' lang='lat' dir='ltr'>sen-</span> 
     </span>
     <span class='ocr_line' id='line_1_5' title="bbox 241 367 1577 425; baseline -0.002 -12"><span class='ocrx_word' id='word_1_28' title='bbox 241 371 401 423; x_wconf 90' lang='lat' dir='ltr'>tentiis,</span> <span class='ocrx_word' id='word_1_29' title='bbox 433 384 537 425; x_wconf 89' lang='lat' dir='ltr'>quas</span> <span class='ocrx_word' id='word_1_30' title='bbox 571 369 799 424; x_wconf 87' lang='lat' dir='ltr'>appellatis</span> <span class='ocrx_word' id='word_1_31' title='bbox 831 372 983 423; x_wconf 68' lang='grc' dir='ltr'><strong><em>κυρίας</em></strong></span> <span class='ocrx_word' id='word_1_32' title='bbox 1015 367 1158 421; x_wconf 75' lang='grc' dir='ltr'><em>δόξας,</em></span> <span class='ocrx_word' id='word_1_33' title='bbox 1191 369 1306 422; x_wconf 87' lang='lat' dir='ltr'>haec,</span> <span class='ocrx_word' id='word_1_34' title='bbox 1339 372 1387 410; x_wconf 89' lang='lat' dir='ltr'>ut</span> <span class='ocrx_word' id='word_1_35' title='bbox 1412 370 1577 424; x_wconf 78' lang='lat' dir='ltr'>opinor,</span> 
     </span>
     <span class='ocr_line' id='line_1_6' title="bbox 241 426 1575 485; baseline -0.002 -14"><span class='ocrx_word' id='word_1_36' title='bbox 241 430 382 485; x_wconf 86' lang='lat' dir='ltr'>prima</span> <span class='ocrx_word' id='word_1_37' title='bbox 420 429 632 470; x_wconf 86' lang='lat' dir='ltr'>sententia</span> <span class='ocrx_word' id='word_1_38' title='bbox 670 430 751 468; x_wconf 84' lang='lat' dir='ltr'>est:</span> <span class='ocrx_word' id='word_1_39' title='bbox 792 426 952 476; x_wconf 66' lang='lat' dir='ltr'>‘Quod</span> <span class='ocrx_word' id='word_1_40' title='bbox 983 428 1186 468; x_wconf 87' lang='lat' dir='ltr'>beatum</span> <span class='ocrx_word' id='word_1_41' title='bbox 1219 430 1268 468; x_wconf 90' lang='lat' dir='ltr'>et</span> <span class='ocrx_word' id='word_1_42' title='bbox 1299 428 1575 469; x_wconf 70' lang='lat' dir='ltr'>inmortale</span> 
     </span>
     <span class='ocr_line' id='line_1_7' title="bbox 243 486 1576 542; baseline -0.002 -13"><span class='ocrx_word' id='word_1_43' title='bbox 243 491 335 542; x_wconf 87' lang='lat' dir='ltr'>est,</span> <span class='ocrx_word' id='word_1_44' title='bbox 376 488 425 528; x_wconf 86' lang='lat' dir='ltr'>id</span> <span class='ocrx_word' id='word_1_45' title='bbox 463 502 551 528; x_wconf 89' lang='lat' dir='ltr'>nec</span> <span class='ocrx_word' id='word_1_46' title='bbox 591 487 746 527; x_wconf 88' lang='lat' dir='ltr'>habet</span> <span class='ocrx_word' id='word_1_47' title='bbox 785 500 873 527; x_wconf 92' lang='lat' dir='ltr'>nec</span> <span class='ocrx_word' id='word_1_48' title='bbox 912 486 1119 527; x_wconf 78' lang='lat' dir='ltr'>exhibet</span> <span class='ocrx_word' id='word_1_49' title='bbox 1157 486 1389 540; x_wconf 79' lang='lat' dir='ltr'>cuiquam</span> <span class='ocrx_word' id='word_1_50' title='bbox 1426 501 1576 541; x_wconf 82' lang='lat' dir='ltr'>nego-</span> 
     </span>
    </p>
   </div>
   <div class='ocr_carea' id='block_1_3' title="bbox 173 544 1576 599">
    <p class='ocr_par' dir='ltr' id='par_1_3' title="bbox 173 544 1576 599">
     <span class='ocr_line' id='line_1_8' title="bbox 173 544 1576 599; baseline -0.003 -10"><span class='ocrx_word' id='word_1_51' title='bbox 173 549 225 590; x_wconf 86' lang='lat'>31</span> <span class='ocrx_word' id='word_1_52' title='bbox 243 546 394 588; x_wconf 81' lang='lat' dir='ltr'>tium.’</span> <span class='ocrx_word' id='word_1_53' title='bbox 445 545 496 586; x_wconf 89' lang='lat' dir='ltr'>In</span> <span class='ocrx_word' id='word_1_54' title='bbox 526 545 606 586; x_wconf 82' lang='lat' dir='ltr'>hac</span> <span class='ocrx_word' id='word_1_55' title='bbox 637 545 700 586; x_wconf 87' lang='lat' dir='ltr'>ita</span> <span class='ocrx_word' id='word_1_56' title='bbox 732 544 927 599; x_wconf 78' lang='lat' dir='ltr'>exposita</span> <span class='ocrx_word' id='word_1_57' title='bbox 958 545 1171 586; x_wconf 89' lang='lat' dir='ltr'>sententia</span> <span class='ocrx_word' id='word_1_58' title='bbox 1203 547 1303 585; x_wconf 85' lang='lat' dir='ltr'>sunt</span> <span class='ocrx_word' id='word_1_59' title='bbox 1335 544 1406 598; x_wconf 88' lang='lat' dir='ltr'>qui</span> <span class='ocrx_word' id='word_1_60' title='bbox 1436 545 1576 585; x_wconf 75' lang='lat' dir='ltr'>existi-</span> 
     </span>
    </p>
   </div>
   <div class='ocr_carea' id='block_1_4' title="bbox 173 733 216 764">
    <p class='ocr_par' dir='ltr' id='par_1_4' title="bbox 173 733 216 764">
     <span class='ocr_line' id='line_1_9' title="bbox 173 733 216 764; baseline 0 0"><span class='ocrx_word' id='word_1_61' title='bbox 173 733 216 764; x_wconf 87' lang='grc'>86</span> 
     </span>
    </p>
   </div>
   <div class='ocr_carea' id='block_1_5' title="bbox 176 1375 220 1408">
    <p class='ocr_par' dir='ltr' id='par_1_5' title="bbox 176 1375 220 1408">
     <span class='ocr_line' id='line_1_10' title="bbox 176 1375 220 1408; baseline 0.023 -1"><span class='ocrx_word' id='word_1_62' title='bbox 176 1375 220 1408; x_wconf 84' lang='grc'>87</span> 
     </span>
    </p>
   </div>
   <div class='ocr_carea' id='block_1_6' title="bbox 180 2137 222 2168">
    <p class='ocr_par' dir='ltr' id='par_1_6' title="bbox 180 2137 222 2168">
     <span class='ocr_line' id='line_1_11' title="bbox 180 2137 222 2168; baseline 0 0"><span class='ocrx_word' id='word_1_63' title='bbox 180 2137 222 2168; x_wconf 86' lang='grc'>88</span> 
     </span>
    </p>
   </div>
   <div class='ocr_carea' id='block_1_7' title="bbox 242 603 1583 2360">
    <p class='ocr_par' dir='ltr' id='par_1_7' title="bbox 242 603 1580 1361">
     <span class='ocr_line' id='line_1_12' title="bbox 242 603 1577 659; baseline -0.001 -13"><span class='ocrx_word' id='word_1_64' title='bbox 242 608 371 659; x_wconf 89' lang='lat' dir='ltr'>ment,</span> <span class='ocrx_word' id='word_1_65' title='bbox 404 605 516 659; x_wconf 88' lang='lat' dir='ltr'>quod</span> <span class='ocrx_word' id='word_1_66' title='bbox 547 604 620 644; x_wconf 90' lang='lat' dir='ltr'>ille</span> <span class='ocrx_word' id='word_1_67' title='bbox 651 603 822 644; x_wconf 73' lang='lat' dir='ltr'>inscitia</span> <span class='ocrx_word' id='word_1_68' title='bbox 847 603 973 657; x_wconf 86' lang='lat' dir='ltr'>plane</span> <span class='ocrx_word' id='word_1_69' title='bbox 999 603 1199 657; x_wconf 88' lang='lat' dir='ltr'>loquendi</span> <span class='ocrx_word' id='word_1_70' title='bbox 1225 603 1396 656; x_wconf 87' lang='lat' dir='ltr'>fecerat,</span> <span class='ocrx_word' id='word_1_71' title='bbox 1427 603 1577 644; x_wconf 86' lang='lat' dir='ltr'>fecisse</span> 
     </span>
     <span class='ocr_line' id='line_1_13' title="bbox 244 661 1577 717; baseline -0.002 -12"><span class='ocrx_word' id='word_1_72' title='bbox 244 664 457 717; x_wconf 80' lang='lat' dir='ltr'>consult03</span> <span class='ocrx_word' id='word_1_73' title='bbox 499 663 548 704; x_wconf 86' lang='lat' dir='ltr'>de</span> <span class='ocrx_word' id='word_1_74' title='bbox 586 662 758 703; x_wconf 89' lang='lat' dir='ltr'>homine</span> <span class='ocrx_word' id='word_1_75' title='bbox 796 661 969 702; x_wconf 90' lang='lat' dir='ltr'>minime</span> <span class='ocrx_word' id='word_1_76' title='bbox 1008 662 1128 702; x_wconf 82' lang='lat' dir='ltr'>vafro</span> <span class='ocrx_word' id='word_1_77' title='bbox 1167 662 1279 702; x_wconf 84' lang='lat' dir='ltr'>male</span> <span class='ocrx_word' id='word_1_78' title='bbox 1318 662 1577 702; x_wconf 78' lang='lat' dir='ltr'>existimant.</span> 
     </span>
     <span class='ocr_line' id='line_1_14' title="bbox 243 720 1578 774; baseline -0.002 -10"><span class='ocrx_word' id='word_1_79' title='bbox 243 723 432 764; x_wconf 89' lang='lat' dir='ltr'>Dubium</span> <span class='ocrx_word' id='word_1_80' title='bbox 464 724 530 763; x_wconf 91' lang='lat' dir='ltr'>est</span> <span class='ocrx_word' id='word_1_81' title='bbox 561 721 685 774; x_wconf 89' lang='lat' dir='ltr'>enim,</span> <span class='ocrx_word' id='word_1_82' title='bbox 716 723 859 761; x_wconf 87' lang='lat' dir='ltr'>utrum</span> <span class='ocrx_word' id='word_1_83' title='bbox 892 720 1004 761; x_wconf 79' lang='lat' dir='ltr'>dicat</span> <span class='ocrx_word' id='word_1_84' title='bbox 1030 720 1191 774; x_wconf 86' lang='lat' dir='ltr'>aliquid</span> <span class='ocrx_word' id='word_1_85' title='bbox 1217 721 1391 761; x_wconf 86' lang='lat' dir='ltr'>beatum</span> <span class='ocrx_word' id='word_1_86' title='bbox 1417 735 1509 761; x_wconf 85' lang='lat' dir='ltr'>esse</span> <span class='ocrx_word' id='word_1_87' title='bbox 1536 723 1578 761; x_wconf 87' lang='lat' dir='ltr'>et</span> 
     </span>
     <span class='ocr_line' id='line_1_15' title="bbox 243 777 1575 833; baseline -0.002 -10"><span class='ocrx_word' id='word_1_88' title='bbox 243 781 470 823; x_wconf 75' lang='lat' dir='ltr'>inmortale</span> <span class='ocrx_word' id='word_1_89' title='bbox 497 795 563 833; x_wconf 83' lang='lat' dir='ltr'>an,</span> <span class='ocrx_word' id='word_1_90' title='bbox 591 780 626 820; x_wconf 91' lang='lat' dir='ltr'>si</span> <span class='ocrx_word' id='word_1_91' title='bbox 653 779 753 833; x_wconf 84' lang='lat' dir='ltr'>quid</span> <span class='ocrx_word' id='word_1_92' title='bbox 779 779 846 819; x_wconf 84' lang='lat' dir='ltr'>sit.</span> <span class='ocrx_word' id='word_1_93' title='bbox 891 777 989 819; x_wconf 89' lang='lat' dir='ltr'>Non</span> <span class='ocrx_word' id='word_1_94' title='bbox 1016 779 1363 819; x_wconf 83' lang='lat' dir='ltr'>animadvertunt</span> <span class='ocrx_word' id='word_1_95' title='bbox 1388 779 1456 820; x_wconf 88' lang='lat' dir='ltr'>hic</span> <span class='ocrx_word' id='word_1_96' title='bbox 1484 794 1575 820; x_wconf 91' lang='lat' dir='ltr'>eum</span> 
     </span>
     <span class='ocr_line' id='line_1_16' title="bbox 245 837 1578 894; baseline -0.003 -12"><span class='ocrx_word' id='word_1_97' title='bbox 245 840 445 894; x_wconf 74' lang='lat' dir='ltr'>ambigue</span> <span class='ocrx_word' id='word_1_98' title='bbox 477 839 667 880; x_wconf 88' lang='lat' dir='ltr'>locutum</span> <span class='ocrx_word' id='word_1_99' title='bbox 700 852 803 891; x_wconf 85' lang='lat' dir='ltr'>esse,</span> <span class='ocrx_word' id='word_1_100' title='bbox 836 837 907 878; x_wconf 76' lang='lat' dir='ltr'>secl</span> <span class='ocrx_word' id='word_1_101' title='bbox 940 837 1088 878; x_wconf 88' lang='lat' dir='ltr'>multis</span> <span class='ocrx_word' id='word_1_102' title='bbox 1121 838 1218 878; x_wconf 83' lang='lat' dir='ltr'>aliis</span> <span class='ocrx_word' id='word_1_103' title='bbox 1251 838 1354 878; x_wconf 87' lang='lat' dir='ltr'>locis</span> <span class='ocrx_word' id='word_1_104' title='bbox 1389 840 1430 878; x_wconf 92' lang='lat' dir='ltr'>et</span> <span class='ocrx_word' id='word_1_105' title='bbox 1455 838 1578 878; x_wconf 88' lang='lat' dir='ltr'>illum</span> 
     </span>
     <span class='ocr_line' id='line_1_17' title="bbox 245 896 1578 951; baseline -0.003 -11"><span class='ocrx_word' id='word_1_106' title='bbox 245 902 287 941; x_wconf 88' lang='lat' dir='ltr'>et</span> <span class='ocrx_word' id='word_1_107' title='bbox 318 898 610 940; x_wconf 85' lang='lat' dir='ltr'>Metrodorum</span> <span class='ocrx_word' id='word_1_108' title='bbox 641 899 731 937; x_wconf 89' lang='lat' dir='ltr'>tam</span> <span class='ocrx_word' id='word_1_109' title='bbox 764 898 909 951; x_wconf 88' lang='lat' dir='ltr'>aperte</span> <span class='ocrx_word' id='word_1_110' title='bbox 943 911 1070 949; x_wconf 80' lang='lat' dir='ltr'>quam</span> <span class='ocrx_word' id='word_1_111' title='bbox 1103 896 1231 949; x_wconf 84' lang='lat' dir='ltr'>paulo</span> <span class='ocrx_word' id='word_1_112' title='bbox 1265 899 1362 936; x_wconf 82' lang='lat' dir='ltr'>ante</span> <span class='ocrx_word' id='word_1_113' title='bbox 1394 898 1449 937; x_wconf 85' lang='lat' dir='ltr'>te.</span> <span class='ocrx_word' id='word_1_114' title='bbox 1499 896 1578 937; x_wconf 86' lang='lat' dir='ltr'>llle</span> 
     </span>
     <span class='ocr_line' id='line_1_18' title="bbox 244 954 1578 1010; baseline -0.004 -10"><span class='ocrx_word' id='word_1_115' title='bbox 244 972 345 1000; x_wconf 86' lang='lat' dir='ltr'>vero</span> <span class='ocrx_word' id='word_1_116' title='bbox 380 957 478 998; x_wconf 85' lang='lat' dir='ltr'>deos</span> <span class='ocrx_word' id='word_1_117' title='bbox 512 970 602 996; x_wconf 86' lang='lat' dir='ltr'>esse</span> <span class='ocrx_word' id='word_1_118' title='bbox 634 957 777 1010; x_wconf 78' lang='lat' dir='ltr'>putat,</span> <span class='ocrx_word' id='word_1_119' title='bbox 808 969 884 995; x_wconf 88' lang='lat' dir='ltr'>nec</span> <span class='ocrx_word' id='word_1_120' title='bbox 916 969 1172 1008; x_wconf 80' lang='lat' dir='ltr'>quemquam</span> <span class='ocrx_word' id='word_1_121' title='bbox 1205 954 1303 1007; x_wconf 86' lang='lat' dir='ltr'>vidi,</span> <span class='ocrx_word' id='word_1_122' title='bbox 1337 954 1408 1008; x_wconf 92' lang='lat' dir='ltr'>qui</span> <span class='ocrx_word' id='word_1_123' title='bbox 1439 955 1578 1010; x_wconf 79' lang='lat' dir='ltr'>magis</span> 
     </span>
     <span class='ocr_line' id='line_1_19' title="bbox 246 1013 1578 1071; baseline -0.004 -13"><span class='ocrx_word' id='word_1_124' title='bbox 246 1032 311 1071; x_wconf 88' lang='lat' dir='ltr'>ea,</span> <span class='ocrx_word' id='word_1_125' title='bbox 344 1030 451 1070; x_wconf 85' lang='lat' dir='ltr'>quae</span> <span class='ocrx_word' id='word_1_126' title='bbox 482 1014 672 1056; x_wconf 86' lang='lat' dir='ltr'>timenda</span> <span class='ocrx_word' id='word_1_127' title='bbox 705 1028 795 1054; x_wconf 84' lang='lat' dir='ltr'>esse</span> <span class='ocrx_word' id='word_1_128' title='bbox 826 1016 1022 1068; x_wconf 79' lang='lat' dir='ltr'>negaret,</span> <span class='ocrx_word' id='word_1_129' title='bbox 1054 1013 1239 1067; x_wconf 70' lang='lat' dir='ltr'>timeret,</span> <span class='ocrx_word' id='word_1_130' title='bbox 1271 1016 1453 1054; x_wconf 88' lang='lat' dir='ltr'>mortem</span> <span class='ocrx_word' id='word_1_131' title='bbox 1487 1013 1578 1054; x_wconf 71' lang='lat' dir='ltr'>(lico</span> 
     </span>
     <span class='ocr_line' id='line_1_20' title="bbox 245 1072 1579 1121; baseline -0.001 -7"><span class='ocrx_word' id='word_1_132' title='bbox 245 1078 288 1115; x_wconf 79' lang='lat' dir='ltr'>et</span> <span class='ocrx_word' id='word_1_133' title='bbox 331 1075 442 1116; x_wconf 85' lang='lat' dir='ltr'>deos.</span> <span class='ocrx_word' id='word_1_134' title='bbox 510 1072 671 1121; x_wconf 82' lang='lat' dir='ltr'>Quibus</span> <span class='ocrx_word' id='word_1_135' title='bbox 716 1072 947 1113; x_wconf 82' lang='lat' dir='ltr'>mediocres</span> <span class='ocrx_word' id='word_1_136' title='bbox 991 1072 1185 1113; x_wconf 82' lang='lat' dir='ltr'>homines</span> <span class='ocrx_word' id='word_1_137' title='bbox 1228 1086 1314 1112; x_wconf 88' lang='lat' dir='ltr'>non</span> <span class='ocrx_word' id='word_1_138' title='bbox 1358 1072 1420 1112; x_wconf 87' lang='lat' dir='ltr'>ita</span> <span class='ocrx_word' id='word_1_139' title='bbox 1456 1072 1579 1113; x_wconf 84' lang='lat' dir='ltr'>valde</span> 
     </span>
     <span class='ocr_line' id='line_1_21' title="bbox 245 1131 1578 1186; baseline -0.003 -11"><span class='ocrx_word' id='word_1_140' title='bbox 245 1135 486 1186; x_wconf 86' lang='lat' dir='ltr'>moventur,</span> <span class='ocrx_word' id='word_1_141' title='bbox 518 1132 585 1172; x_wconf 83' lang='lat' dir='ltr'>his</span> <span class='ocrx_word' id='word_1_142' title='bbox 617 1132 690 1172; x_wconf 89' lang='lat' dir='ltr'>ille</span> <span class='ocrx_word' id='word_1_143' title='bbox 724 1131 882 1172; x_wconf 87' lang='lat' dir='ltr'>clamat</span> <span class='ocrx_word' id='word_1_144' title='bbox 915 1131 1103 1171; x_wconf 92' lang='lat' dir='ltr'>omnium</span> <span class='ocrx_word' id='word_1_145' title='bbox 1135 1131 1383 1171; x_wconf 74' lang='lat' dir='ltr'>mortalium</span> <span class='ocrx_word' id='word_1_146' title='bbox 1415 1133 1578 1172; x_wconf 82' lang='lat' dir='ltr'>mentes</span> 
     </span>
     <span class='ocr_line' id='line_1_22' title="bbox 246 1189 1580 1246; baseline -0.004 -12"><span class='ocrx_word' id='word_1_147' title='bbox 246 1207 336 1234; x_wconf 83' lang='lat' dir='ltr'>esse</span> <span class='ocrx_word' id='word_1_148' title='bbox 373 1190 634 1246; x_wconf 82' lang='lat' dir='ltr'>perterritas.</span> <span class='ocrx_word' id='word_1_149' title='bbox 696 1189 779 1231; x_wconf 88' lang='lat' dir='ltr'>Tot</span> <span class='ocrx_word' id='word_1_150' title='bbox 816 1189 934 1230; x_wconf 82' lang='lat' dir='ltr'>milia</span> <span class='ocrx_word' id='word_1_151' title='bbox 970 1189 1281 1230; x_wconf 79' lang='lat' dir='ltr'>latrocinantur</span> <span class='ocrx_word' id='word_1_152' title='bbox 1312 1191 1449 1230; x_wconf 88' lang='lat' dir='ltr'>morte</span> <span class='ocrx_word' id='word_1_153' title='bbox 1486 1204 1580 1243; x_wconf 87' lang='lat' dir='ltr'>pro-</span> 
     </span>
     <span class='ocr_line' id='line_1_23' title="bbox 244 1247 1580 1307; baseline -0.003 -15"><span class='ocrx_word' id='word_1_154' title='bbox 244 1251 398 1307; x_wconf 83' lang='lat' dir='ltr'>posita,</span> <span class='ocrx_word' id='word_1_155' title='bbox 425 1249 497 1290; x_wconf 83' lang='lat' dir='ltr'>alii</span> <span class='ocrx_word' id='word_1_156' title='bbox 523 1249 676 1301; x_wconf 86' lang='lat' dir='ltr'>omnia,</span> <span class='ocrx_word' id='word_1_157' title='bbox 703 1263 810 1302; x_wconf 89' lang='lat' dir='ltr'>quae</span> <span class='ocrx_word' id='word_1_158' title='bbox 831 1250 1022 1302; x_wconf 79' lang='lat' dir='ltr'>possunt,</span> <span class='ocrx_word' id='word_1_159' title='bbox 1048 1248 1149 1288; x_wconf 87' lang='lat' dir='ltr'>fana</span> <span class='ocrx_word' id='word_1_160' title='bbox 1169 1248 1398 1301; x_wconf 85' lang='lat' dir='ltr'>conpilant.</span> <span class='ocrx_word' id='word_1_161' title='bbox 1432 1247 1580 1302; x_wconf 84' lang='lat' dir='ltr'>Credo,</span> 
     </span>
     <span class='ocr_line' id='line_1_24' title="bbox 247 1306 1444 1361; baseline -0.004 -10"><span class='ocrx_word' id='word_1_162' title='bbox 247 1316 321 1352; x_wconf 84' lang='lat' dir='ltr'>aut</span> <span class='ocrx_word' id='word_1_163' title='bbox 351 1309 451 1351; x_wconf 88' lang='lat' dir='ltr'>illos</span> <span class='ocrx_word' id='word_1_164' title='bbox 484 1308 634 1348; x_wconf 89' lang='lat' dir='ltr'>mortis</span> <span class='ocrx_word' id='word_1_165' title='bbox 667 1307 797 1347; x_wconf 90' lang='lat' dir='ltr'>timor</span> <span class='ocrx_word' id='word_1_166' title='bbox 829 1310 962 1347; x_wconf 83' lang='lat' dir='ltr'>terret</span> <span class='ocrx_word' id='word_1_167' title='bbox 994 1309 1068 1347; x_wconf 87' lang='lat' dir='ltr'>aut</span> <span class='ocrx_word' id='word_1_168' title='bbox 1099 1306 1178 1347; x_wconf 90' lang='lat' dir='ltr'>hos</span> <span class='ocrx_word' id='word_1_169' title='bbox 1211 1306 1444 1361; x_wconf 79' lang='lat' dir='ltr'>religionis.</span> 
     </span>
    </p>

    <p class='ocr_par' dir='ltr' id='par_1_8' title="bbox 247 1364 1583 2360">
     <span class='ocr_line' id='line_1_25' title="bbox 335 1364 1580 1420; baseline -0.002 -12"><span class='ocrx_word' id='word_1_170' title='bbox 335 1366 416 1408; x_wconf 82' lang='lat' dir='ltr'>Sed</span> <span class='ocrx_word' id='word_1_171' title='bbox 448 1366 648 1420; x_wconf 83' lang='lat' dir='ltr'>quoniam</span> <span class='ocrx_word' id='word_1_172' title='bbox 680 1379 767 1407; x_wconf 91' lang='lat' dir='ltr'>non</span> <span class='ocrx_word' id='word_1_173' title='bbox 799 1365 926 1406; x_wconf 82' lang='lat' dir='ltr'>audes</span> <span class='ocrx_word' id='word_1_174' title='bbox 959 1364 1063 1419; x_wconf 80' lang='lat' dir='ltr'>(iam</span> <span class='ocrx_word' id='word_1_175' title='bbox 1096 1365 1207 1405; x_wconf 90' lang='lat' dir='ltr'>enim</span> <span class='ocrx_word' id='word_1_176' title='bbox 1240 1380 1334 1405; x_wconf 90' lang='lat' dir='ltr'>cum</span> <span class='ocrx_word' id='word_1_177' title='bbox 1361 1365 1454 1419; x_wconf 89' lang='lat' dir='ltr'>ipso</span> <span class='ocrx_word' id='word_1_178' title='bbox 1481 1364 1580 1420; x_wconf 87' lang='lat' dir='ltr'>Epi-</span> 
     </span>
     <span class='ocr_line' id='line_1_26' title="bbox 247 1423 1580 1480; baseline -0.004 -12"><span class='ocrx_word' id='word_1_179' title='bbox 247 1441 347 1469; x_wconf 86' lang='lat' dir='ltr'>curo</span> <span class='ocrx_word' id='word_1_180' title='bbox 379 1423 550 1480; x_wconf 81' lang='lat' dir='ltr'>loquar)</span> <span class='ocrx_word' id='word_1_181' title='bbox 581 1438 738 1480; x_wconf 79' lang='lat' dir='ltr'>negare</span> <span class='ocrx_word' id='word_1_182' title='bbox 770 1438 861 1464; x_wconf 84' lang='lat' dir='ltr'>esse</span> <span class='ocrx_word' id='word_1_183' title='bbox 894 1424 1011 1477; x_wconf 72' lang='lat' dir='ltr'>cleos,</span> <span class='ocrx_word' id='word_1_184' title='bbox 1051 1424 1150 1478; x_wconf 86' lang='lat' dir='ltr'>quid</span> <span class='ocrx_word' id='word_1_185' title='bbox 1183 1425 1264 1477; x_wconf 86' lang='lat' dir='ltr'>est,</span> <span class='ocrx_word' id='word_1_186' title='bbox 1304 1424 1415 1477; x_wconf 82' lang='lat' dir='ltr'>quod</span> <span class='ocrx_word' id='word_1_187' title='bbox 1446 1426 1488 1464; x_wconf 91' lang='lat' dir='ltr'>te</span> <span class='ocrx_word' id='word_1_188' title='bbox 1520 1424 1580 1464; x_wconf 89' lang='lat' dir='ltr'>in-</span> 
     </span>
     <span class='ocr_line' id='line_1_27' title="bbox 248 1482 1579 1541; baseline -0.003 -15"><span class='ocrx_word' id='word_1_189' title='bbox 248 1485 392 1541; x_wconf 83' lang='lat' dir='ltr'>pediat</span> <span class='ocrx_word' id='word_1_190' title='bbox 430 1486 504 1525; x_wconf 91' lang='lat' dir='ltr'>aut</span> <span class='ocrx_word' id='word_1_191' title='bbox 543 1483 675 1524; x_wconf 89' lang='lat' dir='ltr'>solem</span> <span class='ocrx_word' id='word_1_192' title='bbox 715 1485 789 1523; x_wconf 87' lang='lat' dir='ltr'>aut</span> <span class='ocrx_word' id='word_1_193' title='bbox 826 1482 1028 1523; x_wconf 85' lang='lat' dir='ltr'>mundum</span> <span class='ocrx_word' id='word_1_194' title='bbox 1067 1485 1141 1522; x_wconf 85' lang='lat' dir='ltr'>aut</span> <span class='ocrx_word' id='word_1_195' title='bbox 1172 1484 1358 1523; x_wconf 86' lang='lat' dir='ltr'>mentem</span> <span class='ocrx_word' id='word_1_196' title='bbox 1391 1482 1579 1536; x_wconf 81' lang='lat' dir='ltr'>aliquam</span> 
     </span>
     <span class='ocr_line' id='line_1_28' title="bbox 248 1540 1579 1598; baseline -0.003 -13"><span class='ocrx_word' id='word_1_197' title='bbox 248 1543 552 1598; x_wconf 84' lang='lat' dir='ltr'>sempiternam</span> <span class='ocrx_word' id='word_1_198' title='bbox 584 1542 628 1582; x_wconf 92' lang='lat' dir='ltr'>in</span> <span class='ocrx_word' id='word_1_199' title='bbox 660 1541 833 1582; x_wconf 83' lang='lat' dir='ltr'>deorum</span> <span class='ocrx_word' id='word_1_200' title='bbox 864 1555 1040 1582; x_wconf 85' lang='lat' dir='ltr'>numero</span> <span class='ocrx_word' id='word_1_201' title='bbox 1072 1541 1259 1595; x_wconf 79' lang='lat' dir='ltr'>ponere?</span> <span class='ocrx_word' id='word_1_202' title='bbox 1320 1540 1579 1595; x_wconf 62' lang='lat' dir='ltr'>‘Numquam</span> 
     </span>
     <span class='ocr_line' id='line_1_29' title="bbox 247 1599 1578 1655; baseline -0.003 -12"><span class='ocrx_word' id='word_1_203' title='bbox 247 1603 361 1655; x_wconf 81' lang='lat' dir='ltr'>vidi&#39;,</span> <span class='ocrx_word' id='word_1_204' title='bbox 398 1601 555 1655; x_wconf 87' lang='lat' dir='ltr'>inquit,</span> <span class='ocrx_word' id='word_1_205' title='bbox 593 1600 794 1641; x_wconf 73' lang='lat' dir='ltr'>‘animam</span> <span class='ocrx_word' id='word_1_206' title='bbox 832 1599 1013 1640; x_wconf 84' lang='lat' dir='ltr'>rationis</span> <span class='ocrx_word' id='word_1_207' title='bbox 1045 1599 1295 1653; x_wconf 86' lang='lat' dir='ltr'>consiliique</span> <span class='ocrx_word' id='word_1_208' title='bbox 1326 1600 1578 1654; x_wconf 85' lang='lat' dir='ltr'>participem</span> 
     </span>
     <span class='ocr_line' id='line_1_30' title="bbox 247 1657 1580 1713; baseline -0.003 -11"><span class='ocrx_word' id='word_1_209' title='bbox 247 1661 292 1703; x_wconf 91' lang='lat' dir='ltr'>in</span> <span class='ocrx_word' id='word_1_210' title='bbox 329 1660 418 1701; x_wconf 85' lang='lat' dir='ltr'>ulla</span> <span class='ocrx_word' id='word_1_211' title='bbox 450 1660 535 1700; x_wconf 83' lang='lat' dir='ltr'>alia</span> <span class='ocrx_word' id='word_1_212' title='bbox 565 1659 648 1700; x_wconf 88' lang='lat' dir='ltr'>nisi</span> <span class='ocrx_word' id='word_1_213' title='bbox 680 1659 867 1699; x_wconf 85' lang='lat' dir='ltr'>humana</span> <span class='ocrx_word' id='word_1_214' title='bbox 897 1657 1065 1713; x_wconf 75' lang='lat' dir='ltr'>figura’.</span> <span class='ocrx_word' id='word_1_215' title='bbox 1129 1657 1265 1706; x_wconf 76' lang='lat' dir='ltr'>Quid?</span> <span class='ocrx_word' id='word_1_216' title='bbox 1328 1658 1430 1699; x_wconf 88' lang='lat' dir='ltr'>solis</span> <span class='ocrx_word' id='word_1_217' title='bbox 1462 1673 1580 1698; x_wconf 88' lang='lat' dir='ltr'>num·</span> 
     </span>
     <span class='ocr_line' id='line_1_31' title="bbox 249 1717 1579 1774; baseline -0.003 -14"><span class='ocrx_word' id='word_1_218' title='bbox 249 1720 450 1774; x_wconf 80' lang='lat' dir='ltr'>quidnam</span> <span class='ocrx_word' id='word_1_219' title='bbox 495 1720 569 1759; x_wconf 87' lang='lat' dir='ltr'>aut</span> <span class='ocrx_word' id='word_1_220' title='bbox 612 1718 737 1758; x_wconf 87' lang='lat' dir='ltr'>lunae</span> <span class='ocrx_word' id='word_1_221' title='bbox 781 1719 856 1758; x_wconf 86' lang='lat' dir='ltr'>aut</span> <span class='ocrx_word' id='word_1_222' title='bbox 899 1717 1083 1771; x_wconf 86' lang='lat' dir='ltr'>quinque</span> <span class='ocrx_word' id='word_1_223' title='bbox 1123 1717 1357 1757; x_wconf 84' lang='lat' dir='ltr'>errantium</span> <span class='ocrx_word' id='word_1_224' title='bbox 1395 1717 1579 1757; x_wconf 83' lang='lat' dir='ltr'>siderum</span> 
     </span>
     <span class='ocr_line' id='line_1_32' title="bbox 248 1775 1581 1829; baseline -0.003 -10"><span class='ocrx_word' id='word_1_225' title='bbox 248 1778 387 1820; x_wconf 88' lang='lat' dir='ltr'>simile</span> <span class='ocrx_word' id='word_1_226' title='bbox 424 1776 600 1818; x_wconf 79' lang='lat' dir='ltr'>vidisti?</span> <span class='ocrx_word' id='word_1_227' title='bbox 663 1775 735 1817; x_wconf 82' lang='lat' dir='ltr'>Sol</span> <span class='ocrx_word' id='word_1_228' title='bbox 775 1775 937 1816; x_wconf 78' lang='lat' dir='ltr'>duabus</span> <span class='ocrx_word' id='word_1_229' title='bbox 975 1776 1098 1816; x_wconf 88' lang='lat' dir='ltr'>unius</span> <span class='ocrx_word' id='word_1_230' title='bbox 1135 1775 1250 1816; x_wconf 90' lang='lat' dir='ltr'>orbis</span> <span class='ocrx_word' id='word_1_231' title='bbox 1289 1775 1454 1815; x_wconf 88' lang='lat' dir='ltr'>ultimis</span> <span class='ocrx_word' id='word_1_232' title='bbox 1486 1790 1581 1829; x_wconf 83' lang='lat' dir='ltr'>par-</span> 
     </span>
     <span class='ocr_line' id='line_1_33' title="bbox 247 1833 1578 1887; baseline -0.003 -10"><span class='ocrx_word' id='word_1_233' title='bbox 247 1837 364 1877; x_wconf 86' lang='lat' dir='ltr'>tibus</span> <span class='ocrx_word' id='word_1_234' title='bbox 403 1835 604 1876; x_wconf 81' lang='lat' dir='ltr'>definiens</span> <span class='ocrx_word' id='word_1_235' title='bbox 643 1837 807 1876; x_wconf 91' lang='lat' dir='ltr'>motum</span> <span class='ocrx_word' id='word_1_236' title='bbox 845 1849 991 1875; x_wconf 87' lang='lat' dir='ltr'>cursus</span> <span class='ocrx_word' id='word_1_237' title='bbox 1030 1849 1192 1875; x_wconf 82' lang='lat' dir='ltr'>annuos</span> <span class='ocrx_word' id='word_1_238' title='bbox 1231 1834 1416 1887; x_wconf 80' lang='lat' dir='ltr'>conficit3</span> <span class='ocrx_word' id='word_1_239' title='bbox 1454 1833 1578 1873; x_wconf 89' lang='lat' dir='ltr'>huius</span> 
     </span>
     <span class='ocr_line' id='line_1_34' title="bbox 247 1892 1578 1937; baseline -0.003 0"><span class='ocrx_word' id='word_1_240' title='bbox 247 1896 358 1937; x_wconf 87' lang='lat' dir='ltr'>hanc</span> <span class='ocrx_word' id='word_1_241' title='bbox 400 1894 701 1935; x_wconf 87' lang='lat' dir='ltr'>lustrationem</span> <span class='ocrx_word' id='word_1_242' title='bbox 745 1893 931 1934; x_wconf 79' lang='lat' dir='ltr'>eiusdem</span> <span class='ocrx_word' id='word_1_243' title='bbox 974 1893 1146 1934; x_wconf 78' lang='lat' dir='ltr'>incensa</span> <span class='ocrx_word' id='word_1_244' title='bbox 1188 1892 1318 1933; x_wconf 78' lang='lat' dir='ltr'>radiis</span> <span class='ocrx_word' id='word_1_245' title='bbox 1360 1895 1578 1933; x_wconf 87' lang='lat' dir='ltr'>menstruo</span> 
     </span>
     <span class='ocr_line' id='line_1_35' title="bbox 249 1951 1580 2008; baseline -0.002 -15"><span class='ocrx_word' id='word_1_246' title='bbox 249 1953 388 2008; x_wconf 83' lang='lat' dir='ltr'>spatio</span> <span class='ocrx_word' id='word_1_247' title='bbox 427 1953 528 1993; x_wconf 85' lang='lat' dir='ltr'>luna</span> <span class='ocrx_word' id='word_1_248' title='bbox 566 1952 769 2007; x_wconf 82' lang='lat' dir='ltr'>complet3</span> <span class='ocrx_word' id='word_1_249' title='bbox 812 1952 996 2006; x_wconf 87' lang='lat' dir='ltr'>quinque</span> <span class='ocrx_word' id='word_1_250' title='bbox 1035 1953 1177 1992; x_wconf 87' lang='lat' dir='ltr'>autem</span> <span class='ocrx_word' id='word_1_251' title='bbox 1217 1951 1363 1991; x_wconf 79' lang='lat' dir='ltr'>stellae</span> <span class='ocrx_word' id='word_1_252' title='bbox 1403 1951 1580 1991; x_wconf 83' lang='lat' dir='ltr'>eundem</span> 
     </span>
     <span class='ocr_line' id='line_1_36' title="bbox 249 2009 1581 2065; baseline -0.003 -12"><span class='ocrx_word' id='word_1_253' title='bbox 249 2013 395 2054; x_wconf 88' lang='lat' dir='ltr'>orbem</span> <span class='ocrx_word' id='word_1_254' title='bbox 428 2013 632 2064; x_wconf 84' lang='lat' dir='ltr'>tenentes,</span> <span class='ocrx_word' id='word_1_255' title='bbox 665 2011 774 2051; x_wconf 80' lang='lat' dir='ltr'>aliae</span> <span class='ocrx_word' id='word_1_256' title='bbox 806 2011 980 2065; x_wconf 87' lang='lat' dir='ltr'>propius</span> <span class='ocrx_word' id='word_1_257' title='bbox 1007 2025 1032 2050; x_wconf 84' lang='lat' dir='ltr'>a</span> <span class='ocrx_word' id='word_1_258' title='bbox 1057 2009 1196 2062; x_wconf 80' lang='lat' dir='ltr'>terriS,</span> <span class='ocrx_word' id='word_1_259' title='bbox 1229 2009 1337 2049; x_wconf 79' lang='lat' dir='ltr'>aliae</span> <span class='ocrx_word' id='word_1_260' title='bbox 1363 2009 1581 2063; x_wconf 88' lang='lat' dir='ltr'>remotius,</span> 
     </span>
     <span class='ocr_line' id='line_1_37' title="bbox 250 2068 1582 2124; baseline -0.002 -13"><span class='ocrx_word' id='word_1_261' title='bbox 250 2071 302 2112; x_wconf 86' lang='lat' dir='ltr'>ab</span> <span class='ocrx_word' id='word_1_262' title='bbox 329 2070 462 2110; x_wconf 84' lang='lat' dir='ltr'>isdem</span> <span class='ocrx_word' id='word_1_263' title='bbox 486 2069 706 2124; x_wconf 87' lang='lat' dir='ltr'>principiis</span> <span class='ocrx_word' id='word_1_264' title='bbox 727 2069 968 2123; x_wconf 77' lang='lat' dir='ltr'>disparibus</span> <span class='ocrx_word' id='word_1_265' title='bbox 989 2068 1253 2122; x_wconf 88' lang='lat' dir='ltr'>temporibus</span> <span class='ocrx_word' id='word_1_266' title='bbox 1275 2068 1419 2108; x_wconf 76' lang='lat' dir='ltr'>eadem</span> <span class='ocrx_word' id='word_1_267' title='bbox 1442 2068 1582 2122; x_wconf 81' lang='lat' dir='ltr'>spatia</span> 
     </span>
     <span class='ocr_line' id='line_1_38' title="bbox 250 2125 1582 2181; baseline -0.002 -12"><span class='ocrx_word' id='word_1_268' title='bbox 250 2128 488 2171; x_wconf 88' lang='lat' dir='ltr'>conficiunt.</span> <span class='ocrx_word' id='word_1_269' title='bbox 549 2127 663 2169; x_wconf 90' lang='lat' dir='ltr'>Num</span> <span class='ocrx_word' id='word_1_270' title='bbox 697 2127 796 2181; x_wconf 87' lang='lat' dir='ltr'>quid</span> <span class='ocrx_word' id='word_1_271' title='bbox 828 2128 932 2178; x_wconf 83' lang='lat' dir='ltr'>tale,</span> <span class='ocrx_word' id='word_1_272' title='bbox 967 2126 1160 2181; x_wconf 86' lang='lat' dir='ltr'>Epicure,</span> <span class='ocrx_word' id='word_1_273' title='bbox 1192 2126 1366 2167; x_wconf 79' lang='lat' dir='ltr'>vidisti?</span> <span class='ocrx_word' id='word_1_274' title='bbox 1427 2125 1492 2167; x_wconf 86' lang='lat' dir='ltr'>Ne</span> <span class='ocrx_word' id='word_1_275' title='bbox 1525 2127 1582 2167; x_wconf 82' lang='lat' dir='ltr'>sit</span> 
     </span>
     <span class='ocr_line' id='line_1_39' title="bbox 248 2185 1581 2243; baseline -0.002 -15"><span class='ocrx_word' id='word_1_276' title='bbox 248 2188 382 2243; x_wconf 80' lang='lat' dir='ltr'>igitur</span> <span class='ocrx_word' id='word_1_277' title='bbox 414 2187 491 2240; x_wconf 91' lang='lat' dir='ltr'>sol,</span> <span class='ocrx_word' id='word_1_278' title='bbox 522 2201 573 2227; x_wconf 87' lang='lat' dir='ltr'>ne</span> <span class='ocrx_word' id='word_1_279' title='bbox 606 2188 716 2236; x_wconf 81' lang='lat' dir='ltr'>luna,</span> <span class='ocrx_word' id='word_1_280' title='bbox 748 2200 800 2226; x_wconf 90' lang='lat' dir='ltr'>ne</span> <span class='ocrx_word' id='word_1_281' title='bbox 833 2186 995 2238; x_wconf 78' lang='lat' dir='ltr'>stellae,</span> <span class='ocrx_word' id='word_1_282' title='bbox 1028 2185 1228 2239; x_wconf 83' lang='lat' dir='ltr'>quoniam</span> <span class='ocrx_word' id='word_1_283' title='bbox 1260 2185 1366 2225; x_wconf 86' lang='lat' dir='ltr'>nihil</span> <span class='ocrx_word' id='word_1_284' title='bbox 1394 2200 1484 2226; x_wconf 88' lang='lat' dir='ltr'>esse</span> <span class='ocrx_word' id='word_1_285' title='bbox 1510 2200 1581 2240; x_wconf 88' lang='lat' dir='ltr'>po-</span> 
     </span>
     <span class='ocr_line' id='line_1_40' title="bbox 249 2243 1581 2299; baseline -0.002 -13"><span class='ocrx_word' id='word_1_286' title='bbox 249 2248 352 2298; x_wconf 89' lang='lat' dir='ltr'>test,</span> <span class='ocrx_word' id='word_1_287' title='bbox 394 2245 474 2286; x_wconf 83' lang='lat' dir='ltr'>nisi</span> <span class='ocrx_word' id='word_1_288' title='bbox 516 2245 627 2298; x_wconf 85' lang='lat' dir='ltr'>quod</span> <span class='ocrx_word' id='word_1_289' title='bbox 665 2244 888 2299; x_wconf 72' lang='lat' dir='ltr'>attigimus</span> <span class='ocrx_word' id='word_1_290' title='bbox 927 2246 1000 2284; x_wconf 83' lang='lat' dir='ltr'>aut</span> <span class='ocrx_word' id='word_1_291' title='bbox 1037 2244 1238 2297; x_wconf 82' lang='lat' dir='ltr'>vidimus;</span> <span class='ocrx_word' id='word_1_292' title='bbox 1283 2243 1412 2298; x_wconf 79' lang='lat' dir='ltr'>quid?</span> <span class='ocrx_word' id='word_1_293' title='bbox 1459 2244 1581 2285; x_wconf 88' lang='lat' dir='ltr'>deum</span> 
     </span>
     <span class='ocr_line' id='line_1_41' title="bbox 248 2302 1583 2360; baseline -0.001 -15"><span class='ocrx_word' id='word_1_294' title='bbox 248 2304 388 2360; x_wconf 88' lang='lat' dir='ltr'>ipsum</span> <span class='ocrx_word' id='word_1_295' title='bbox 418 2318 574 2345; x_wconf 90' lang='lat' dir='ltr'>numne</span> <span class='ocrx_word' id='word_1_296' title='bbox 606 2303 780 2344; x_wconf 76' lang='lat' dir='ltr'>vidisti?</span> <span class='ocrx_word' id='word_1_297' title='bbox 831 2302 915 2344; x_wconf 87' lang='lat' dir='ltr'>Cur</span> <span class='ocrx_word' id='word_1_298' title='bbox 940 2303 1073 2358; x_wconf 77' lang='lat' dir='ltr'>igitur</span> <span class='ocrx_word' id='word_1_299' title='bbox 1098 2302 1233 2344; x_wconf 84' lang='lat' dir='ltr'>credis</span> <span class='ocrx_word' id='word_1_300' title='bbox 1259 2302 1379 2344; x_wconf 79' lang='lat' dir='ltr'>esse?</span> <span class='ocrx_word' id='word_1_301' title='bbox 1430 2302 1583 2344; x_wconf 82' lang='lat' dir='ltr'>Omnia</span> 
     </span>
    </p>
   </div>
   <div class='ocr_carea' id='block_1_8' title="bbox 1599 733 1630 757">
    <p class='ocr_par' dir='ltr' id='par_1_9' title="bbox 1599 733 1630 757">
     <span class='ocr_line' id='line_1_42' title="bbox 1599 733 1630 757; baseline 0.032 -1"><span class='ocrx_word' id='word_1_302' title='bbox 1599 733 1630 757; x_wconf 82' lang='lat'>10</span> 
     </span>
    </p>
   </div>
   <div class='ocr_carea' id='block_1_9' title="bbox 1600 1021 1642 1049">
    <p class='ocr_par' dir='ltr' id='par_1_10' title="bbox 1600 1021 1642 1049">
     <span class='ocr_line' id='line_1_43' title="bbox 1600 1021 1642 1049; baseline -0.024 0"><span class='ocrx_word' id='word_1_303' title='bbox 1600 1021 1642 1049; x_wconf 51' lang='lat'>15*</span> 
     </span>
    </p>
   </div>
   <div class='ocr_carea' id='block_1_10' title="bbox 1601 1318 1633 1342">
    <p class='ocr_par' dir='ltr' id='par_1_11' title="bbox 1601 1318 1633 1342">
     <span class='ocr_line' id='line_1_44' title="bbox 1601 1318 1633 1342; baseline 0 0"><span class='ocrx_word' id='word_1_304' title='bbox 1601 1318 1633 1342; x_wconf 81' lang='lat'>20</span> 
     </span>
    </p>
   </div>
   <div class='ocr_carea' id='block_1_11' title="bbox 1599 1609 1681 1646">
    <p class='ocr_par' dir='ltr' id='par_1_12' title="bbox 1599 1609 1681 1646">
     <span class='ocr_line' id='line_1_45' title="bbox 1599 1609 1681 1646; baseline 0 -11"><span class='ocrx_word' id='word_1_305' title='bbox 1599 1609 1681 1646; x_wconf 67' lang='lat'>25!</span> 
     </span>
    </p>
   </div>
   <div class='ocr_carea' id='block_1_12' title="bbox 1601 1903 1681 1938">
    <p class='ocr_par' dir='ltr' id='par_1_13' title="bbox 1601 1903 1681 1938">
     <span class='ocr_line' id='line_1_46' title="bbox 1601 1903 1681 1938; baseline 0 -11"><span class='ocrx_word' id='word_1_306' title='bbox 1601 1903 1681 1938; x_wconf 69' lang='lat'>303</span> 
     </span>
    </p>
   </div>
   <div class='ocr_carea' id='block_1_13' title="bbox 1600 2195 1683 2220">
    <p class='ocr_par' dir='ltr' id='par_1_14' title="bbox 1600 2195 1683 2220">
     <span class='ocr_line' id='line_1_47' title="bbox 1600 2195 1683 2220; baseline -0.036 0"><span class='ocrx_word' id='word_1_307' title='bbox 1600 2195 1683 2220; x_wconf 72' lang='lat'>35;</span> 
     </span>
    </p>
   </div>
   <div class='ocr_carea' id='block_1_14' title="bbox 1668 1414 1674 2494">
    <p class='ocr_par' dir='ltr' id='par_1_15' title="bbox 1668 1414 1674 2494">
     <span class='ocr_line' id='line_1_48' title="bbox 1668 1414 1674 2494; baseline 0 0"><span class='ocrx_word' id='word_1_308' title='bbox 1668 1414 1674 2494; x_wconf 95' lang='lat' dir='ltr'> </span> 
     </span>
    </p>
   </div>
  </div>
 </body>
</html>
