1685 2568
238 65 323 107 136
643 65 708 100 DE
735 65 940 101 NATURA
963 65 1167 101 DEORUM

233 162 354 203 nium
380 162 700 204 crudelissimus
725 164 817 203 tam
843 161 915 203 diu
939 160 1077 203 Cinna
1102 162 1326 217 regnavit?
1370 162 1430 204 At
1456 162 1572 205 dedit

164 222 219 264 33
234 235 408 276 poenas.
479 220 706 263 Prohiberi
749 220 901 262 melius
943 219 1027 261 fuit
1068 220 1368 275 impedirique,
1409 235 1462 263 ne
1505 223 1572 262 tot

235 294 427 321 summos
455 279 571 321 viros
595 278 869 332 interficeret,
901 293 1029 333 quam
1054 279 1196 333 ipsum
1222 279 1450 333 aliquando
1475 294 1571 334 poe-

234 352 313 380 nas
355 338 466 380 dare.
535 336 711 378 Summo
752 312 943 379 cruciatu
983 337 1277 392 supplicioque
1318 336 1365 387 Q.
1403 337 1572 392 Varius,

234 397 365 438 homo
397 395 818 451 importunissumus,
849 395 996 450 periit3
1028 396 1076 449 si,
1109 396 1208 450 quia
1232 395 1422 437 Drusum
1444 396 1571 450 ferro,
1608 407 1624 433 5

234 455 459 497 Metellum
502 469 664 497 veneno
709 454 961 507 sustulerat,
1004 454 1104 496 illos
1139 455 1383 496 conservari
1419 455 1571 496 melius

233 514 318 555 fuit
356 528 485 568 quam
522 527 683 570 poenas
721 512 893 554 sceleris
931 512 1111 555 Varium
1147 513 1342 568 pendere.
1407 513 1573 555 Duode-

237 572 526 629 quadraginta
558 586 692 613 annos
722 571 956 626 Dionysius
987 574 1195 626 tyrannus
1226 571 1309 613 fuit
1341 572 1573 627 opulentis-

164 641 209 672 82
236 646 382 673 sumae
427 633 470 673 et
512 631 802 672 beatissumae
849 630 1055 685 civitatis3
1100 645 1227 685 quam
1271 631 1431 672 multos
1475 632 1574 672 ante

234 691 348 732 hunc
390 690 436 731 in
474 689 570 745 ipso
610 689 813 730 Graeciae
849 689 954 730 flore
990 688 1263 731 Pisistratus!
1325 689 1386 731 At
1421 688 1574 730 Phala-
1594 701 1628 726 ιο

235 749 313 803 ris,
351 751 396 790 at
433 747 726 803 Apollodorus
764 761 924 802 poenas
962 748 1150 789 sustulit.
1215 747 1365 789 Multis
1404 748 1575 803 quidem

236 810 335 850 ante
373 807 573 849 cruciatis
612 809 655 848 et
690 806 866 848 necatis.
924 805 983 848 Et
1020 807 1255 861 praedones
1287 807 1414 848 multi
1448 821 1575 861 saepe

235 880 396 922 poenas
440 866 562 920 dant,
605 879 682 907 nec
725 867 872 906 tamen
912 879 1144 920 possumus
1188 865 1325 906 dicere
1361 880 1448 907 non
1484 866 1575 920 plu-

235 925 294 967 ris
339 924 533 980 captivos
574 924 724 966 acerbe
765 938 894 978 quain
936 924 1172 979 praedones
1215 926 1402 966 necatos.
1462 924 1574 965 Ana-

234 984 442 1026 xarchum
472 983 794 1025 Democriteum
833 997 858 1024 a
889 981 1047 1037 Cyprio
1085 985 1268 1037 tyranno
1308 982 1574 1024 excarnifica-
1596 993 1629 1019 15

234 1045 328 1084 tum
360 1042 612 1097 accepimus,
645 1041 858 1083 Zenonem
876 1041 1007 1082 Eleae
1038 1041 1084 1082 in
1113 1041 1342 1083 tormentis
1367 1044 1576 1083 necatum.

236 1100 347 1150 Quid
379 1101 517 1142 dicam
550 1101 600 1142 de
632 1099 818 1154 Socrate,
851 1100 968 1142 cuius
1000 1100 1131 1141 morti
1161 1100 1427 1141 inlacrimari
1458 1100 1576 1141 soleo

235 1160 465 1202 Platonem
520 1159 698 1215 legens?
765 1158 952 1200 Videsne
1001 1159 1135 1214 igitur
1185 1158 1359 1200 deorum
1408 1158 1577 1212 iudicio,

237 1219 274 1260 si
322 1219 470 1261 vident
518 1233 586 1260 res
636 1218 865 1271 humanas,
914 1217 1142 1259 discrimen
1191 1231 1283 1259 esse
1327 1217 1576 1259 sublatum?

166 1252 453 1344 343D19genes
499 1277 669 1332 quidem
711 1275 894 1331 Cynicus
939 1276 1076 1318 dicere
1115 1276 1282 1318 solebat
1322 1275 1575 1331 Harpalum,
1595 1287 1629 1312 20

236 1336 310 1392 qui
352 1336 621 1391 temporibus
664 1335 752 1376 illis
790 1334 949 1390 praedo
985 1335 1090 1376 felix
1126 1334 1386 1389 habebatur,
1428 1337 1578 1377 eontra

236 1396 337 1437 deos
380 1394 680 1437 testimonium
724 1393 884 1448 dicere,
929 1393 1042 1448 quod
1078 1393 1122 1435 in
1159 1394 1237 1435 illa
1272 1393 1448 1436 fortuna
1485 1396 1576 1435 tam

236 1454 308 1496 diu
338 1453 514 1495 viveret.
563 1452 809 1507 Dionysius,
841 1452 891 1493 de
924 1466 1006 1506 quo
1040 1455 1139 1494 ante
1172 1451 1270 1506 dixi,
1302 1466 1398 1494 cum
1428 1452 1576 1494 fanum

236 1512 520 1568 Proserpinae
551 1511 700 1554 Locris
732 1510 1026 1566 expilavisset,
1057 1511 1295 1566 navigabat
1326 1509 1576 1566 Syracusas3

235 1572 357 1626 isque
389 1586 484 1613 cum
517 1570 836 1613 secundissumo
868 1572 996 1611 vento
1029 1584 1200 1611 cursum
1224 1572 1402 1625 teneret,
1432 1570 1574 1612 ridens
1595 1579 1627 1606 2⁵

236 1629 562 1684 ‘Videtisne',
592 1629 746 1684 inquit,
778 1628 966 1683 ς01111101,
998 1643 1146 1683 quam
1177 1629 1309 1670 bona
1340 1643 1366 1670 a
1397 1628 1473 1670 dis
1504 1628 1576 1670 in-

235 1688 548 1730 mortalibus
578 1688 848 1743 navigatio
881 1687 1156 1743 sacrilegis
1190 1686 1388 1729 detur?'
1443 1686 1576 1742 quue

235 1748 365 1789 homo
393 1750 542 1789 acutus
569 1762 666 1789 cum
691 1747 798 1788 bene
823 1747 1035 1802 planeque
1060 1746 1333 1801 percepisset,
1358 1745 1404 1787 in
1429 1746 1576 1787 eadem

236 1806 450 1848 sententia
493 1805 808 1861 perseverabat.
876 1804 957 1853 Qui
1000 1820 1096 1847 cum
1140 1805 1193 1846 ad
1231 1804 1575 1859 Peloponnesum

236 1865 420 1907 classem
452 1865 691 1920 appulisset
717 1866 759 1906 et
783 1863 829 1905 in
853 1863 1001 1905 fanum
1026 1863 1213 1905 venisset
1238 1862 1354 1905 Iovis
1375 1863 1574 1918 Olympii,
1594 1873 1627 1899 30

236 1938 414 1965 aureum
458 1923 496 1964 ei
541 1923 727 1965 detraxit
771 1922 1001 1964 amiculum
1046 1922 1197 1978 grandi
1239 1922 1443 1977 pondere,
1490 1936 1574 1977 quo

235 1982 383 2024 Iovem
415 1985 591 2023 ornarat
623 1997 645 2023 e
671 1981 885 2023 manubiis
912 1980 1342 2036 Karthaginiensium
1367 1983 1575 2035 tyrannus

236 2040 363 2095 Gelo,
405 2043 532 2094 atque
569 2041 614 2081 in
646 2055 694 2082 eo
728 2040 860 2081 etiam
891 2040 1117 2082 cavillatus
1151 2042 1217 2081 est
1248 2042 1411 2081 aestate
1444 2053 1575 2095 grave

236 2113 329 2141 esse
361 2114 538 2141 aureum
571 2099 813 2151 amiculum,
844 2098 983 2140 hieme
1008 2098 1226 2153 frigidum,
1259 2098 1380 2153 eique
1405 2098 1575 2140 laneum

234 2158 418 2213 pallium
460 2157 624 2212 iniecit,
668 2172 765 2200 cum
807 2157 851 2199 id
894 2171 986 2199 esse
1029 2160 1179 2212 aptum
1223 2157 1276 2198 ad
1313 2171 1438 2198 omne
1475 2156 1575 2198 anni
1594 2165 1626 2192 35
1663 2204 1667 2213 ι

235 2219 407 2272 tempus
440 2216 609 2258 diceret.
658 2215 862 2271 Idemque
890 2215 1139 2271 Aesculapii
1163 2214 1371 2270 Epidauri
1395 2215 1574 2256 barbam

235 2290 411 2318 auream
449 2274 561 2316 demi
597 2275 741 2329 iussit3
778 2289 915 2329 neque
948 2274 1060 2315 enim
1091 2274 1315 2316 convenire
1346 2274 1575 2315 barbatum
