1685 2568
461 111 550 147 LIB.
577 112 603 147 I.
639 111 738 147 CAP.
765 115 868 147 2—5.
901 116 920 154 ξ
947 117 1049 147 4-9.
1338 115 1420 155 147

87 207 284 264 princeps
317 207 405 249 eius
439 207 706 263 disciplinae,
741 206 961 249 Posidonii
993 207 1159 261 doctor,
1191 208 1422 264 discipulus

88 265 323 321 Antipatri,
350 266 635 322 degeneravit,
660 265 904 320 Panaetius,
931 280 1008 307 nec
1032 268 1178 307 tamen
1203 281 1330 308 ausus
1359 272 1424 309 est

85 339 244 380 negare
269 325 357 367 vim
383 339 475 367 esse
501 325 729 378 divinandi,
755 325 829 366 sed
855 324 1050 366 dubitare
1071 339 1115 366 se
1135 325 1254 367 dixit.
1303 324 1425 374 Quod

87 383 154 425 illi
190 383 236 425 in
274 384 418 439 aliqua
448 397 493 425 re
524 383 808 425 invitissumis
840 381 995 425 Stoicis
1028 381 1172 425 Stoico
1203 383 1343 426 facere
1375 385 1424 425 li-

51 453 68 479 5
87 442 192 497 cuit,
229 442 273 483 id
309 457 387 484 nos
425 444 474 484 ut
504 442 549 483 in
580 442 758 496 reliquis
789 442 915 484 rebus
946 441 1172 497 faciamus,
1210 457 1236 484 a
1268 441 1423 484 Stoicis

85 516 172 543 non
204 501 486 543 concedetur?
516 501 771 556 praesertim
803 515 898 542 cum
930 500 984 554 id,
1017 500 1067 542 de
1099 516 1182 555 quo
1213 501 1422 543 Panaetio

85 574 172 602 non
203 560 356 614 liquet,
388 559 565 614 reliquis
598 560 787 601 eiusdem
820 559 1069 614 disciplinae
1102 559 1207 601 solis
1239 560 1332 602 luce
1364 560 1423 601 vi-

87 619 236 660 deatur
285 618 452 660 clarius.
525 616 607 660 Sed
656 619 760 660 haec
812 618 982 673 quidem
1026 618 1120 660 laus
1165 618 1422 661 Academiae
1449 626 1468 658 ‘1

83 677 458 733 praestantissumi
498 677 747 733 philosophi
783 677 938 719 iudicio
972 680 1014 718 et
1044 677 1295 720 testimonio
1328 692 1423 720 con-

34 749 66 774 10
83 736 268 791 probata
317 738 394 777 est.
460 735 634 777 Etenim
681 736 898 777 nobismet
946 736 1052 791 ipsis
1103 736 1422 791 quaerentibus,
1447 736 1477 777 4

85 794 186 849 quid
217 795 274 836 sit
304 795 355 836 de
388 794 650 836 divinatione
681 795 967 848 iudicandum,
1000 794 1113 850 quod
1145 810 1170 837 a
1202 794 1422 837 Carneade

84 854 222 895 multa
255 856 379 895 acute
411 856 454 894 et
485 854 656 908 copiose
688 857 838 896 contra
869 851 1035 895 Stoicos
1071 854 1291 908 disputata
1322 855 1422 909 sint,

83 912 430 967 verentibusque,
460 926 513 954 ne
544 915 704 954 temere
735 913 804 954 vel
834 912 971 954 falsae
1003 912 1065 954 rei
1095 913 1164 954 vel
1194 928 1282 955 non
1314 914 1420 955 satis

85 971 281 1027 cognitae
308 971 612 1026 adsentiamur,
641 971 882 1013 faciendum
907 971 1088 1026 videtur,
1116 974 1166 1013 ut
1191 972 1422 1028 diligenter

32 1043 65 1069 15
85 1031 215 1072 etiam
254 1032 382 1085 atque
421 1030 550 1072 etiam
590 1033 846 1086 argumenta
883 1045 978 1072 cum
1013 1031 1279 1085 argumentis
1312 1045 1423 1073 com-

83 1103 302 1145 paremus,
333 1091 382 1130 ut
411 1088 590 1131 fecimus
621 1090 666 1131 in
696 1089 749 1130 iis
781 1089 921 1130 tribus
954 1089 1096 1143 libris,
1130 1104 1236 1143 quos
1269 1090 1319 1131 de
1349 1104 1422 1131 na-

83 1151 182 1190 tura
213 1148 387 1189 deorum
419 1148 679 1203 scripsimus.
735 1146 849 1189 Nam
874 1162 971 1189 cum
997 1148 1197 1189 omnibus
1223 1148 1269 1189 in
1293 1149 1422 1190 rebus

83 1207 304 1248 temeritas
335 1207 382 1247 in
413 1206 689 1248 adsentiendo
723 1221 926 1260 errorque
956 1206 1097 1261 turpis
1131 1209 1213 1260 est,
1253 1209 1347 1248 tum
1378 1207 1424 1248 in

84 1280 132 1308 eo
175 1266 270 1307 loco
314 1265 516 1320 maxime,
558 1265 603 1306 in
649 1279 732 1319 quo
776 1265 1048 1307 iudicandum
1087 1267 1170 1319 est,
1214 1268 1422 1319 quantum

31 1338 65 1364 20
84 1324 283 1380 auspiciis
314 1324 526 1379 rebusque
559 1323 713 1365 divinis
745 1324 1030 1390 religionique
1062 1323 1325 1378 tribuamus,
1356 1326 1423 1366 est

84 1383 196 1425 enim
226 1383 474 1439 periculum,
504 1397 558 1424 ne
590 1385 666 1424 aut
694 1383 904 1439 neglectis
934 1383 988 1424 iis
1013 1382 1148 1438 impia
1171 1357 1325 1425 'fraude’
1347 1386 1422 1425 aut

84 1442 290 1498 susceptis
323 1442 428 1484 anili
460 1441 764 1497 superstitione
797 1441 1050 1497 obligemur.

171 1500 334 1550 Quibus
366 1501 416 1542 de
447 1501 574 1543 rebus
602 1503 644 1542 et
671 1501 777 1542 alias
803 1515 929 1555 saepe
956 1503 999 1542 et
1023 1500 1154 1556 paulo
1180 1501 1421 1543 accuratius
1447 1524 1468 1554 g

82 1575 228 1616 nuper,
255 1575 350 1602 cum
377 1574 513 1602 essem
540 1575 635 1602 cum
656 1558 702 1608 Q.
727 1559 863 1601 fratre
887 1560 933 1600 in
951 1559 1207 1614 Tusculano,
1233 1559 1423 1615 disputa-

32 1630 65 1658 25
83 1623 175 1661 tum
197 1622 273 1661 est.
304 1618 419 1661 Nam
438 1634 534 1662 cum
554 1618 803 1661 ambulandi
822 1632 951 1660 causa
969 1618 1015 1659 in
1033 1617 1219 1672 Lyceum
1239 1619 1422 1661 venisse-

82 1693 176 1721 mus
209 1677 271 1735 (id
303 1678 416 1720 enim
442 1678 652 1733 superiori
679 1677 903 1734 gymnasio
928 1691 1086 1719 nomen
1112 1675 1207 1733 est),
1237 1676 1421 1733 Perlegi,

84 1737 192 1790 [ille]
224 1737 377 1792 inquit,
408 1739 530 1779 tuum
560 1737 691 1792 paulo
725 1740 823 1778 ante
854 1736 1031 1778 teitium
1064 1735 1114 1777 de
1144 1738 1301 1778 natura
1327 1736 1421 1778 deo-

82 1811 190 1850 rum,
220 1796 266 1837 in
298 1810 381 1851 quo
415 1795 650 1851 disputatio
671 1794 826 1837 Cottae
856 1809 1116 1850 quamquam
1141 1794 1422 1837 labefactavit

85 1855 343 1897 sententiam
363 1869 515 1909 meam,
534 1869 622 1897 non
638 1854 832 1896 funditus
852 1857 998 1896 tamen
1018 1853 1206 1895 sustulit.
1248 1853 1422 1909 Optime

0 1925 66 1952 1³0
84 1928 204 1968 vero,
252 1913 446 1969 inquam3
496 1913 655 1955 etenim
702 1913 795 1968 ipse
839 1911 968 1955 Cotta
1016 1912 1076 1954 sic
1120 1912 1329 1968 disputat,
1372 1916 1421 1955 ut

87 1971 329 2014 Stoicorum
359 1973 497 2028 magis
531 1974 786 2028 argumenta
816 1971 1008 2014 confutet
1038 1986 1167 2026 quam
1197 1971 1420 2014 hominum

88 2031 229 2073 deleat
252 2031 514 2087 religionem.
557 2031 667 2073 Tum
687 2030 886 2080 Quintus:
913 2030 1082 2072 Dicitur
1107 2029 1278 2085 quidem
1297 2030 1419 2085 istuc,

38 2097 44 2103 '
86 2089 244 2145 inquit,
277 2104 302 2131 a
333 2089 474 2144 Cotta,
506 2092 548 2132 et
578 2105 680 2132 vero
713 2089 894 2145 saepius,
927 2089 1063 2144 credo,
1092 2103 1146 2130 ne
1178 2089 1420 2131 communia

87 2148 181 2190 iura
212 2148 398 2205 migrare
429 2149 643 2203 videatur,
681 2149 754 2191 sed
785 2148 926 2190 studio
958 2150 1108 2190 contra
1139 2146 1306 2190 Stoicos
1339 2148 1419 2189 dis-

0 2216 7 2244 9
34 2217 67 2245 35
89 2208 255 2249 serendi
293 2207 392 2249 deos
430 2208 537 2249 mihi
572 2208 740 2250 videtur
769 2208 962 2249 funditus
993 2207 1157 2249 tollere.
1218 2206 1323 2249 Eius
1355 2221 1418 2248 ra·
1444 2215 1463 2245 9

85 2266 194 2308 tioni
224 2281 311 2308 non
343 2281 443 2308 sane
475 2266 666 2308 desidero
699 2266 799 2322 quid
829 2266 1128 2321 respondeam3
1165 2266 1271 2307 satis
1305 2265 1418 2306 enim

88 2324 260 2367 defensa
296 2325 449 2381 religio
488 2327 554 2366 est
589 2325 636 2366 in
666 2325 847 2367 secundo
879 2325 989 2367 libro
1022 2340 1048 2367 a
1077 2323 1259 2379 Lucilio,
1300 2323 1416 2366 cuius

1065 2392 1135 2427 10*
