1685 2568
398 45 487 81 LIB.
514 45 541 81 I.
570 44 669 81 CAP.
697 49 846 80 36—39.
880 49 900 87 ξ
928 49 1121 81 102-109.
1372 46 1428 87 39

93 141 130 183 si
165 144 338 183 tantum
370 141 497 183 modo
537 141 590 182 ad
626 140 935 195 cogitationem
972 140 1118 181 valent
1154 155 1231 182 nec
1267 141 1429 182 habent

91 201 226 242 ullam
254 200 518 242 soliditatem
535 213 612 240 nec
633 198 920 252 eminentiam,
947 198 1048 252 quid
1067 199 1258 253 interest,
1284 202 1428 241 utrum

93 259 143 300 de
168 258 519 314 Hippocentauro
551 272 606 299 an
637 256 687 298 de
716 257 792 298 deo
819 257 1087 312 cogitemus?
1121 271 1290 298 omnem
1316 258 1428 298 enim

91 318 224 360 talem
257 317 639 360 conformationem
671 315 803 357 animi
834 315 964 357 ceteri
989 315 1238 370 philosophi
1264 318 1429 357 motum

59 377 262 418 5inanem
294 378 459 430 vocant,
490 388 567 416 vos
599 376 742 416 autem
774 373 1005 416 adventum
1035 374 1081 415 111
1109 376 1274 416 animos
1301 377 1345 416 et
1369 374 1429 415 in-

91 435 272 477 troitum
303 434 540 490 imaginum
572 433 724 475 dicitis.
780 432 840 474 Ut
866 433 928 474 Ti.
956 432 1198 475 Gracchum
1229 448 1324 475 cum
1350 433 1409 474 vi·
1432 445 1498 475 106

95 494 194 535 deor
228 494 548 535 contionantem
581 492 626 533 in
659 491 873 547 Capitolio
906 491 1049 533 videre
1081 492 1131 533 de
1162 492 1218 533 M.
1251 491 1429 533 Octavio

95 552 353 594 deferentem
386 551 584 605 sitellam,
616 553 708 591 tum
741 565 838 592 eum
866 553 1032 592 motum
1059 551 1191 592 animi
1217 550 1310 592 dico
1338 564 1429 591 esse

93 611 274 665 inanem,
305 613 353 652 tu
386 612 529 651 autem
562 611 605 650 et
637 608 819 651 Gracchi
851 612 893 651 et
925 609 1093 651 Octavii
1124 610 1336 665 imagines
1368 623 1430 650 re-

14 682 15 685 ’
42 681 76 706 10
95 683 277 723 manere,
310 683 430 723 quae,
460 669 505 709 in
525 667 789 723 Capitolium
821 683 915 710 cum
947 669 1226 723 pervenerim,
1258 671 1351 709 tum
1377 667 1430 709 ad

94 728 281 769 animum
308 742 449 768 meum
474 727 732 781 referantur,
763 727 845 769 hoc
869 727 982 768 idem
1006 727 1101 768 fieri
1124 727 1170 768 in
1195 727 1285 781 deo,
1310 726 1429 768 cuius

93 787 242 829 crebra
271 786 379 828 facie
411 786 628 841 pellantur
660 786 803 840 animi,
836 800 886 827 ex
917 800 1000 840 quo
1034 800 1125 827 esse
1156 786 1275 827 beati
1300 788 1429 839 atque

93 845 254 887 aeterni
285 845 606 900 intellegantur.
657 844 742 886 Fac
766 845 976 900 imagines
1003 859 1108 899 esse,
1141 845 1294 899 quibus
1320 844 1412 899 pul·
1434 854 1499 885 107

94 907 239 945 sentur
289 904 438 958 animi3
488 904 649 959 species
700 904 925 945 dumtaxat
974 903 1157 945 obicitur
1204 904 1431 958 quaedam3

11 964 13 967 ’
41 974 73 1000 15
91 977 195 1004 num
221 963 364 1017 etiam,
390 977 463 1004 cur
489 977 539 1004 ea
564 963 692 1004 beata
712 962 780 1017 sit,
806 977 880 1004 cur
900 962 1103 1004 aeterna?
1145 961 1260 1011 Quae
1287 965 1429 1004 autem

11 1030 13 1040 ⁴
92 1022 202 1063 istae
239 1021 449 1077 imagines
486 1025 654 1063 vestrae
692 1024 767 1063 aut
797 1021 937 1063 unde‘?
992 1021 1033 1063 A
1064 1021 1311 1063 Democrito
1344 1036 1431 1063 om-

91 1080 193 1122 nino
219 1080 324 1122 haec
350 1080 542 1133 licentia,
575 1080 649 1121 sed
674 1083 717 1121 et
741 1080 816 1121 ille
836 1080 1118 1134 reprehensus
1140 1096 1165 1122 a
1183 1080 1332 1121 multis
1354 1082 1431 1134 est,

91 1153 169 1181 nec
198 1153 275 1180 vos
308 1138 469 1180 exitum
501 1139 712 1193 reperitis,
743 1140 921 1192 totaque
952 1153 1020 1180 res
1047 1139 1224 1180 vacillat
1251 1142 1293 1179 et
1319 1139 1431 1180 clau-

93 1197 218 1239 dicat.
287 1196 402 1238 Nam
447 1197 548 1251 quid
593 1200 678 1251 est,
723 1197 836 1251 quod
879 1197 1020 1238 minus
1062 1197 1239 1252 probari
1280 1197 1431 1252 possit,

39 1269 74 1294 20
91 1270 215 1309 quam
246 1256 437 1297 omnium
467 1256 513 1296 in
544 1271 611 1297 me
642 1256 826 1297 incidere
856 1255 1087 1311 imagines,
1124 1255 1321 1311 Homeri,
1352 1255 1432 1297 Ar-

93 1314 295 1368 chilochi,
332 1314 526 1368 Romuli,
563 1314 748 1369 Numae,
786 1315 1078 1371 Pythagorae,
1109 1314 1323 1369 Platonis,
1354 1329 1431 1356 nec

93 1388 143 1416 ea
172 1373 330 1428 forma,
368 1388 453 1428 qua
482 1373 549 1414 illi
578 1373 781 1415 suerunt?
843 1372 934 1422 Quo
966 1374 1092 1416 modo
1124 1374 1191 1415 illi
1223 1374 1356 1429 ergo?
1389 1376 1431 1415 et

94 1447 275 1487 quorum
299 1432 539 1488 imagines?
587 1432 804 1487 Orpheum
829 1435 1003 1487 poetam
1030 1433 1152 1475 docet
1172 1432 1431 1474 Aristoteles

8 1543 10 1551 ,
91 1506 327 1546 numquam
356 1491 503 1546 fuisse,
534 1493 577 1533 et
607 1491 690 1533 1100
709 1491 942 1546 Orphicum
975 1507 1145 1534 carmen
1164 1491 1431 1547 Pythagorei

8 1555 9 1559 ’
42 1562 75 1588 25
95 1550 240 1592 ferunt
271 1550 490 1592 cuiusdam
521 1550 653 1592 fuisse
685 1549 898 1605 Cercopis.
960 1550 1021 1592 At
1053 1550 1259 1606 Orpheus,
1290 1551 1334 1592 id
1366 1553 1432 1592 est

92 1609 237 1664 imago
277 1609 384 1663 eius,
429 1612 478 1651 ut
514 1624 591 1651 vos
629 1609 780 1664 vultis,
819 1610 864 1650 in
901 1610 1092 1651 animum
1130 1624 1272 1651 meum
1304 1625 1430 1665 saepe

92 1667 284 1710 incurrit.
334 1667 455 1722 Quid,
488 1668 601 1723 quod
627 1668 816 1710 eiusdem
839 1668 1027 1710 hominis
1053 1669 1098 1710 in
1123 1683 1264 1710 meum
1292 1669 1413 1723 aliae,
1436 1682 1502 1713 108

94 1727 204 1769 aliae
234 1726 281 1768 in
311 1728 462 1769 tuum?
501 1727 619 1782 quid,
659 1727 772 1782 quod
804 1742 950 1769 earum
981 1742 1141 1781 rerum,
1174 1743 1281 1782 quae
1312 1743 1432 1770 num-

94 1800 223 1840 quam
249 1786 421 1828 omnino
446 1785 621 1827 fuerunt
645 1801 782 1841 neque
803 1801 894 1828 esse
914 1788 1158 1842 potuerunt,
1184 1788 1233 1828 ut
1253 1785 1432 1841 Scyllae,

42 1855 75 1881 30
93 1847 142 1886 ut
167 1843 448 1886 Chimaerae?
481 1845 594 1900 quid,
627 1845 740 1900 quod
764 1845 999 1899 hominum,
1031 1846 1234 1900 locorum,
1260 1846 1432 1888 urbium

95 1917 253 1959 earum,
285 1919 390 1958 quas
422 1919 656 1959 numquam
681 1904 894 1946 vidimus?
928 1904 1041 1959 quid,
1073 1904 1197 1959 quod,
1230 1905 1358 1946 simul
1384 1920 1433 1947 ac

94 1962 201 2003 mihi
237 1963 479 2004 collibitum
517 1965 599 2017 est,
636 1965 810 2018 praesto
843 1965 909 2004 est
940 1964 1114 2019 imago?
1159 1963 1281 2018 quid,
1320 1964 1433 2018 quod

96 2020 225 2062 etiam
266 2022 320 2063 ad
356 2022 639 2064 dormientem
675 2022 853 2063 veniunt
889 2022 1141 2064 invocatae?
1203 2022 1315 2065 Tota
1351 2037 1432 2077 res,

94 2078 252 2134 Vellei,
294 2081 525 2136 nugatoria
563 2083 639 2122 est.
700 2080 790 2122 Vos
829 2083 972 2122 autem
1008 2096 1096 2123 non
1132 2081 1259 2124 modo
1298 2082 1431 2124 oculis

42 2148 76 2174 35
95 2137 323 2193 imagines,
361 2139 434 2181 sed
465 2140 594 2181 etiam
627 2139 780 2182 animis
812 2140 1048 2182 inculcatis.
1104 2140 1245 2182 Tanta
1277 2143 1342 2182 est
1372 2140 1433 2181 in·
1476 2172 1501 2213 9

94 2197 267 2252 punitas
301 2198 527 2252 garriendi.
576 2198 637 2240 At
664 2213 792 2253 quam
818 2199 1013 2241 licenter!
1061 2199 1309 2241 Fluentium
1334 2199 1414 2240 fre·
1436 2224 1501 2255 109

97 2258 274 2310 quenter
299 2256 498 2299 transitio
523 2257 574 2298 fit
592 2257 817 2312 visionum,
842 2259 892 2300 ut
911 2273 933 2300 e
953 2258 1102 2300 multis
1122 2273 1206 2300 una
1225 2258 1431 2299 videatur.
