1685 2568
236 24 322 65 232
703 23 766 58 DE
792 22 1111 58 DIVINATIONE

236 135 332 162 cum
364 122 475 161 esset
506 120 619 174 luna,
649 122 797 160 natam
830 134 922 161 esse
954 119 1121 160 dicebat
1152 133 1229 160 nec
1260 119 1349 160 eius
1379 118 1472 160 fata
1502 134 1567 161 ca-

165 187 209 218 99
235 193 335 220 nere
374 178 610 220 dubitabat.
667 177 701 219 Ο
739 178 826 219 vim
863 192 1107 219 maxumam
1145 177 1318 219 erroris!
1367 177 1566 219 Etiamne

235 237 354 278 urbis
384 237 543 278 natalis
576 237 664 277 dies
697 236 750 277 ad
781 237 869 277 vim
900 236 1125 278 stellarum
1157 238 1200 276 et
1231 236 1357 277 lunae
1384 237 1567 290 pertine-

234 296 339 337 bat?
388 295 474 337 Fac
512 295 557 336 in
593 310 724 350 puero
762 294 940 348 referre,
981 309 1031 335 ex
1069 309 1153 348 qua
1191 294 1429 335 adfectione
1461 294 1567 336 caeli

234 354 420 410 primum
459 354 658 409 spiritum
697 353 880 407 duxerit,
917 367 1020 393 num
1058 352 1138 394 hoc
1176 352 1220 394 in
1251 353 1385 394 latere
1418 356 1492 394 aut
1522 353 1567 394 in
1602 366 1619 393 5
1640 380 1641 384 =
1684 384 1685 387 η

236 415 474 466 caemento,
512 427 562 453 ex
601 411 753 466 quibus
784 411 886 452 urbs
920 411 1070 452 effecta
1101 413 1183 464 est,
1221 411 1362 466 potuit
1393 411 1566 453 valere?
1653 407 1657 415 '

236 470 318 512 Sed
350 471 450 526 quid
480 471 634 526 plura?
667 470 820 511 cotidie
847 469 1112 510 refelluntur.
1160 469 1297 518 Quam
1323 470 1461 511 multa
1486 483 1566 525 ego

234 529 458 584 Pompeio,
489 543 618 584 quam
649 529 787 569 multa
818 526 992 581 Crasso,
1030 543 1157 582 quam
1189 529 1326 569 multa
1356 528 1454 570 huic
1484 528 1569 583 ipsi

236 587 410 630 Caesari
454 602 478 628 a
516 586 743 628 Chaldaeis
788 586 902 628 dicta
938 586 1128 640 memini,
1171 587 1383 628 neminem
1421 601 1568 629 eorum
1650 633 1652 639 ,

232 647 317 688 11151
366 648 600 699 senectute,
652 645 735 686 nisi
784 645 916 699 domi,
968 645 1052 686 nisi
1096 660 1191 686 cum
1235 645 1431 687 claritate
1476 660 1567 687 esse
1588 659 1621 685 10
1679 669 1685 682 „1

235 705 508 747 moriturum!
536 706 585 745 ut
610 703 716 745 mihi
740 703 974 758 permirum
999 704 1193 745 videatur
1219 719 1476 758 quemquam
1502 718 1569 745 ex-

198 792 204 797 ·
236 766 368 817 stare,
410 763 482 817 qui
523 763 653 804 etiam
690 777 801 803 nunc
837 762 982 804 credat
1017 762 1088 815 iis,
1130 777 1310 817 quorum
1349 762 1569 818 praedicta

236 822 390 864 cotidie
421 821 564 863 videat
595 836 640 862 re
672 823 714 862 et
745 820 908 862 eventis
939 820 1089 861 refelli.

164 861 233 943 {1080
324 880 506 921 Restant
532 880 614 921 duo
641 879 859 920 divinandi
885 893 1054 934 genera,
1081 894 1188 933 quae
1210 879 1369 920 habere
1390 879 1570 921 dicimur

236 955 261 981 a
291 941 463 991 natura,
503 953 590 980 non
622 938 675 980 ab
708 940 817 991 arte,
855 938 1116 979 vaticinandi
1148 940 1190 979 et
1222 938 1479 992 somniandi3
1517 938 1567 980 de
1587 950 1622 977 15
1678 954 1683 978 2

236 998 406 1052 quibus,
439 996 611 1049 Quinte,
642 997 835 1050 inquam,
867 996 903 1037 si
939 997 1098 1051 placet,
1131 996 1400 1038 disseramus.
1460 996 1570 1038 Mihi
1651 1004 1652 1007 ’

235 1071 355 1109 vero,
386 1056 537 1110 inquit,
569 1056 728 1110 placet3
760 1055 828 1096 his
860 1055 983 1109 enim,
1016 1070 1123 1109 quae
1157 1055 1293 1096 adhuc
1326 1055 1569 1110 disputasti,

234 1129 409 1170 prorsus
443 1114 676 1167 adsentior,
709 1116 769 1167 et,
800 1128 897 1155 vere
929 1116 977 1155 ut
1007 1114 1171 1168 loquar,
1204 1128 1463 1168 quamquam
1494 1117 1569 1155 tua

235 1188 302 1214 me
335 1173 472 1214 oratio
506 1172 786 1226 confirmavit,
817 1174 962 1213 tamen
987 1173 1117 1213 etiam
1143 1187 1238 1213 mea
1264 1175 1415 1227 sponte
1440 1172 1568 1213 nimis
1653 1220 1655 1230 Α

235 1231 580 1286 superstitiosam
624 1231 674 1273 de
717 1230 980 1272 divinatione
1024 1229 1264 1273 Stoicorum
1309 1231 1621 1272 5611161111611120
1679 1255 1681 1271 ;

233 1290 493 1344 iudicabam3
524 1289 629 1331 haec
661 1304 727 1330 me
752 1289 1136 1344 Peripateticorum
1167 1290 1278 1331 ratio
1311 1289 1450 1345 magis
1482 1304 1569 1331 mo·
1654 1287 1655 1292 ’

234 1349 362 1390 vebat
399 1351 442 1390 et
477 1349 634 1389 veteris
666 1348 917 1389 Dicaearchi
956 1351 999 1390 61
1035 1349 1143 1402 61115,
1182 1348 1254 1402 qui
1290 1362 1402 1390 nunc
1432 1348 1569 1402 floret,

234 1406 442 1462 Cratippi,
475 1407 547 1461 qui
578 1409 751 1448 censent
783 1421 874 1448 esse
905 1407 949 1448 in
975 1407 1187 1448 mentibus
1214 1407 1436 1448 hominum
1462 1409 1569 1448 tam-

235 1481 363 1520 quam
395 1466 585 1507 oraclum
618 1465 803 1519 aliquod,
835 1480 885 1506 ex
917 1480 1000 1520 quo
1025 1465 1171 1507 futura
1196 1465 1501 1520 praesentiant,
1532 1465 1570 1506 si

234 1527 309 1566 aut
338 1524 482 1566 furore
515 1524 657 1566 divino
689 1524 891 1565 incitatus
924 1524 1090 1565 animus
1123 1527 1197 1566 aut
1229 1538 1378 1566 somno
1404 1525 1567 1566 relaxa·
1586 1536 1620 1562 25
1654 1527 1665 1543 ·’

233 1586 303 1625 1115
336 1584 475 1625 5611116
508 1585 731 1624 moveatur
763 1597 811 1624 ac
836 1583 980 1624 libere.
1029 1582 1110 1624 His
1137 1583 1186 1623 de
1214 1582 1440 1638 generibus
1467 1582 1569 1637 quid

234 1642 393 1684 sentias
431 1644 474 1684 et
506 1641 659 1696 quibus
692 1656 742 1683 ea
771 1641 1010 1682 rationibus
1042 1641 1250 1696 infirmes,
1288 1641 1433 1682 audire
1466 1655 1568 1682 sane

234 1701 375 1742 velim.

166 1740 226 1822 ΗΞ),
323 1759 439 1808 Quae
477 1774 572 1801 cum
603 1759 678 1800 1116
710 1758 903 1812 dixisset,
943 1760 1036 1800 tum
1069 1773 1148 1814 ego
1180 1774 1328 1800 rursus
1360 1758 1482 1813 quasi
1513 1758 1567 1800 ab
1655 1799 1658 1805 ,

235 1818 320 1859 6116
346 1818 556 1872 principio
577 1832 671 1859 sum
692 1832 866 1859 exorsus
887 1817 1041 1859 dicere:
1074 1817 1173 1859 Non
1192 1818 1356 1872 ignoro,
1381 1818 1568 1871 inquam,
1587 1829 1621 1855 30
1665 1862 1667 1866 Α

234 1876 401 1929 Quinte,
433 1879 476 1917 te
507 1891 676 1931 semper
706 1876 770 1917 ita
797 1876 992 1931 sensisse,
1023 1879 1071 1917 ut
1096 1876 1146 1917 de
1172 1876 1324 1918 6616115
1351 1876 1569 1917 divinandi

235 1935 462 1990 generibus
495 1935 726 1989 dubitares,
757 1934 842 1975 ista
873 1935 967 1988 duo,
998 1934 1155 1976 furoris
1187 1937 1230 1976 et
1263 1934 1429 1988 somnii,
1461 1949 1569 1989 quae

234 2009 259 2035 a
283 1993 420 2035 libera
444 1996 586 2035 mente
612 1994 741 2034 fluere
766 1993 1265 2048 videientur,p10bares.
1314 1993 1466 2034 Dicam
1492 1993 1568 2048 igi-

232 2054 320 2106 1111,
358 2052 407 2093 (16
439 2052 534 2093 istis
567 2052 672 2107 ipsis
706 2052 869 2093 duobus
902 2052 1127 2108 generibus
1160 2051 1266 2092 mihi
1298 2051 1400 2105 quid
1430 2051 1568 2092 videa-

233 2114 320 2165 tur,
352 2110 389 2151 si
419 2111 556 2165 prius,
589 2113 631 2151 et
663 2086 928 2152 Stoicorumo
935 2111 1149 2152 conclusio
1182 2110 1361 2151 rationis
1395 2112 1438 2151 61
1469 2109 1568 2152 Cra-
1586 2119 1619 2146 35
1658 2133 1664 2166 ῃ

233 2169 342 2223 tippi
390 2169 529 2210 nostri
579 2169 678 2223 quid
729 2169 892 2223 valeat,
942 2169 1098 2210 videro.
1166 2168 1327 2210 Dixisti
1370 2168 1481 2209 enim
1525 2170 1568 2209 et

234 2226 521 2283 Chrysippum
564 2230 607 2268 et
644 2226 878 2283 Diogenem
921 2230 963 2269 et
1000 2227 1280 2282 Antipatrum
1319 2227 1567 2268 concludere
