1685 2568
399 62 488 98 ΜΒ.
514 62 559 98 ΙΙ.
596 61 696 98 CAP.
724 66 873 97 22—25.
907 65 926 104 ἓ
951 66 1102 97 49-54,
1337 62 1424 104 215

84 159 222 202 cisse?
267 157 349 200 Sed
391 172 470 213 ego
508 157 781 213 insipientior
819 171 948 211 quam
984 156 1051 197 illi
1087 156 1187 211 ipsi,
1226 158 1299 212 qui
1338 158 1424 200 ista

84 217 274 271 credunt,
306 216 379 271 qui
411 216 582 271 quidem
613 218 764 258 contra
795 229 867 256 eos
899 218 989 256 tam
1024 215 1095 255 diu
1127 215 1352 269 disputem.

171 275 307 317 Vetus
346 278 490 317 autem
528 274 636 316 illud
667 273 845 316 Catonis
885 273 1113 315 admodum
1152 274 1308 315 scitum
1347 277 1424 328 est,
1439 276 1495 316 24

84 334 157 390 qui
188 334 337 376 mirari
369 348 414 375 se
445 333 605 387 aiebat,
638 333 750 387 quod
781 347 868 374 non
899 332 1058 373 rideret
1088 331 1321 387 haruspex,
1352 332 1423 374 ha-

47 405 64 432 5
83 393 295 448 ruspicem
327 407 423 434 cum
453 392 644 433 vidisset.
694 390 834 440 Quota
866 391 978 432 enim
1011 405 1202 445 quaeque
1233 405 1301 432 res
1334 405 1424 432 eve-

81 452 147 493 nit
178 451 398 506 praedicta
430 451 483 492 ab
515 451 644 492 istis?
677 453 769 504 aut,
808 450 845 491 si
877 449 1019 491 evenit
1051 449 1291 504 quippiam,
1324 449 1424 504 quid

83 509 241 552 adferri
273 512 429 565 potest,
461 524 535 551 cur
560 523 647 550 non
673 523 774 550 casu
800 509 844 550 id
870 508 1087 550 evenerit?
1124 507 1216 550 Rex
1237 508 1424 562 Prusias,

83 583 179 611 cum
210 567 447 610 Hannibali
485 568 599 623 apud
636 582 732 609 eum
771 567 985 608 exsulanti
1018 567 1256 622 depugnari
1286 567 1424 622 place-

82 630 168 682 ret,
197 627 388 682 negabat
420 641 464 668 se
497 626 662 680 audere,
695 626 808 681 quod
840 629 939 668 exta
968 625 1259 681 prohiberent.
1311 626 1425 667 ‘Ain

32 699 64 724 ιο
83 685 187 728 tu?'
225 686 383 740 inquit,
429 685 756 728 ‘carunculae
793 685 1047 726 vitulinae
1085 685 1244 726 mavis
1278 700 1424 739 quam

82 744 386 800 imperatori
428 744 594 785 veteri
637 743 894 785 credere?'
947 742 1086 792 Quid?
1129 743 1221 798 ipse
1266 742 1425 786 Caesar

83 818 179 846 cum
220 818 246 845 a
286 818 454 844 summo
495 802 721 857 haruspice
759 805 1022 856 moneretur,
1058 816 1111 844 ne
1148 803 1194 843 in
1231 802 1424 844 Africam

82 865 182 904 ante
218 862 417 903 brumam
448 862 784 916 transmitteret,
823 876 965 903 nonne
997 861 1270 903 transmisit?
1312 861 1426 916 quod

81 921 127 962 ni
162 921 352 975 fecisset,
390 935 474 962 uno
512 921 557 962 in
593 921 688 962 loco
721 935 868 962 omnes
901 920 1246 962 adversariorum
1278 920 1425 975 copiae

31 991 62 1018 1⁵
83 980 394 1022 convenissent.
445 979 554 1028 Quid
587 993 666 1034 ego
698 979 976 1034 haruspicum
1007 994 1214 1034 responsa
1246 994 1426 1021 comme-

82 1053 246 1081 morem
273 1037 469 1093 (possum
497 1039 693 1092 equidem
718 1037 1079 1092 innumerabilia),
1106 1053 1214 1092 quae
1241 1041 1316 1079 aut
1334 1038 1426 1079 nul-

82 1098 148 1139 los
179 1097 411 1138 habuerint
443 1097 581 1138 exitus
615 1099 690 1138 aut
721 1097 990 1138 contrarios?
1034 1096 1129 1138 Hoc
1155 1097 1271 1138 civili
1296 1097 1425 1151 bello,

82 1156 124 1197 di
160 1156 430 1197 inmortales!
471 1170 600 1209 quam
638 1155 776 1196 multa
813 1155 1026 1196 luserunt!
1072 1170 1179 1209 quae
1216 1156 1343 1197 nobis
1380 1156 1425 1197 in

83 1214 307 1256 Graeciam
351 1214 491 1256 Roma
540 1228 748 1269 responsa
796 1213 1073 1268 haruspicum
1123 1214 1257 1255 missa
1306 1216 1424 1256 sunt!

29 1285 63 1311 2⁰
84 1287 189 1328 quae
234 1273 348 1315 dicta
384 1272 608 1327 Pompeio!
654 1272 809 1314 etenim
851 1273 926 1314 ille
968 1272 1197 1314 admodum
1235 1273 1344 1314 extis
1383 1276 1426 1315 et

81 1332 266 1374 ostentis
310 1332 576 1373 movebatur.
642 1330 744 1373 Non
786 1332 905 1373 lubet
949 1346 1302 1387 commemorare,
1347 1347 1425 1374 nec

80 1406 181 1432 vero
211 1405 383 1432 necesse
410 1393 488 1445 est,
518 1390 600 1432 tibi
624 1390 891 1445 praesertim,
924 1390 997 1445 qui
1020 1390 1274 1446 interfuisti,
1305 1391 1424 1432 vides

80 1451 227 1491 tamen
258 1449 403 1491 omnia
433 1449 523 1491 fere
555 1452 716 1503 contra,
750 1464 798 1491 ac
824 1449 938 1491 dicta
963 1450 1063 1504 sint,
1095 1450 1298 1491 evenisse.
1343 1448 1426 1491 Sed

80 1509 186 1550 haec
216 1508 443 1562 hactenus3
474 1522 586 1550 nunc
617 1508 672 1550 ad
703 1511 875 1550 ostenta
906 1508 1140 1550 veniamus.

81 1629 180 1668 ante
224 1626 454 1668 Marsicum
497 1626 660 1668 bellum
705 1641 730 1667 a
773 1624 953 1667 Sisenna
997 1626 1179 1668 collecta
1223 1627 1425 1681 attulisti,

80 1686 219 1726 multa
251 1688 350 1726 ante
368 1685 803 1727 Lacedaemoniorum
829 1685 989 1726 malam
1015 1699 1207 1740 pugnam
1232 1686 1277 1726 in
1296 1685 1425 1728 Leuc-

80 1744 200 1786 tricis
237 1759 262 1785 a
301 1743 565 1785 Callisthene
603 1747 938 1786 commemorata
977 1744 1141 1798 dixisti3
1180 1744 1230 1786 de
1270 1745 1424 1799 quibus

81 1803 218 1844 dicam
257 1803 453 1857 equidem
490 1803 693 1858 singulis,
732 1803 872 1857 quoad
903 1802 1137 1857 videbitur,
1181 1803 1255 1844 sed
1287 1803 1424 1845 dicen-

47 1861 182 1903 odum
220 1862 351 1903 etiam
389 1864 455 1903 est
493 1862 542 1903 de
580 1862 803 1903 universis.
867 1860 983 1910 Quae
1022 1865 1088 1903 est
1126 1862 1239 1903 enim
1275 1862 1363 1904 ista
1399 1878 1424 1904 a

82 1920 169 1962 deis
202 1920 395 1975 profecta
428 1920 687 1976 significatio
720 1923 762 1962 et
795 1921 919 1975 quasi
951 1921 1219 1963 denuntiatio
1253 1922 1424 1963 calami-

81 1980 250 2021 tatum?
289 1980 390 2034 quid
427 1982 570 2021 autem
607 1980 759 2020 volunt
797 1980 838 2021 di
870 1980 1123 2021 inmortales
1155 1980 1343 2035 primum
1375 1995 1425 2022 ea

42 2058 48 2064 ·
82 2038 392 2093 significantes,
438 2053 545 2093 quae
590 2038 681 2079 sine
724 2038 1034 2093 interpretibus
1078 2053 1165 2080 non
1207 2040 1423 2094 possimus

80 2096 351 2152 intellegere,
391 2097 540 2139 deinde
579 2111 645 2151 ea,
684 2112 792 2152 quae
830 2112 979 2139 cavere
1016 2099 1307 2153 nequeamus?
1363 2097 1424 2139 At

47 2154 162 2197 5hoc
199 2170 251 2196 ne
288 2156 482 2197 homines
522 2156 693 2210 quidem
725 2156 851 2210 probi
880 2156 1063 2211 faciunt,
1102 2159 1151 2198 ut
1183 2157 1331 2198 amicis
1363 2157 1423 2197 in-

80 2214 304 2268 pendentis
350 2214 620 2256 calamitates
664 2215 933 2269 praedicant,
978 2230 1084 2270 quas
1127 2216 1193 2256 illi
1237 2216 1422 2270 effugere

79 2273 200 2315 nullo
233 2273 359 2315 modo
391 2274 573 2328 possint,
604 2275 653 2315 ut
679 2273 843 2328 medici,
876 2289 1136 2328 quamquam
1162 2273 1422 2329 intellegunt

1451 400 1494 430 52

1452 1104 1495 1135 53

29 1579 62 1605 25
168 1567 309 1608 Multa
334 1582 402 1608 me
427 1567 600 1609 consule
627 1582 653 1608 a
671 1582 739 1608 me
758 1567 854 1621 ipso
875 1567 1036 1622 scripta
1056 1567 1260 1621 recitasti,
1287 1568 1425 1609 multa
1441 1542 1496 1624 ἐξ
