1685 2568
460 112 548 148 LIB.
576 113 638 149 111.
667 112 766 150 CAP.
794 118 921 151 9—11
947 118 966 157 ξ
992 119 1141 151 21-26.
1377 118 1460 157 441

135 209 240 251 ditio
267 212 344 263 est,
374 210 596 252 inventum
621 212 687 251 est
712 212 1110 276 temperamentum,
1141 225 1225 276 quo
1250 212 1466 254 tenuiores

135 282 230 310 cum
273 243 536 323 principibus
581 269 755 323 aequari
804 283 849 310 se
896 271 1119 324 putarent3
1166 269 1211 310 in
1255 283 1337 323 quo
1381 285 1465 311 uno

133 326 217 368 fuit
247 327 434 369 civitatis
467 327 596 369 salus.
623 350 677 356 -
703 328 764 369 At
795 327 878 369 duo
905 327 1086 369 Gracchi
1115 326 1299 369 fuerunt.
1325 352 1379 357 —
1407 328 1467 369 Et

133 388 305 440 praeter
348 400 419 428 eos
466 386 660 441 quamvis
704 400 924 428 enumeres
968 386 1129 428 multos
1172 386 1291 440 licet,
1337 401 1466 441 quom

99 457 115 482 5
135 444 232 486 deni
269 447 482 498 creentur,
517 459 602 487 ozon
637 445 780 487 nullos
817 445 862 486 in
896 445 1013 487 omni
1043 445 1250 486 memoria
1281 445 1467 499 reperies

133 503 395 557 perniciosos
426 503 635 557 tribunos,
667 504 782 546 leves
814 504 961 558 etiam,
997 518 1085 545 non
1115 504 1250 545 bonos
1281 503 1467 545 fortasse

133 562 296 616 plures3
344 562 505 603 invidia
548 562 719 616 quidem
762 577 952 604 summus
997 562 1100 604 ordo
1142 564 1275 615 caret,
1318 562 1466 617 plebes

135 620 185 662 de
239 634 316 662 suo
365 620 456 662 iure
504 621 766 675 periculosas
817 622 1110 663 contentiones
1159 621 1301 662 nullas
1350 620 1470 662 facit.-

134 678 271 728 Quam
315 679 369 721 ob
413 693 503 721 rem
541 682 616 720 aut
656 679 852 735 exigendi
891 694 1014 736 reges
1053 694 1141 722 non
1179 679 1352 721 fuerunt
1393 682 1467 721 aut
1493 691 1536 721 25

82 750 114 775 10
132 738 250 793 plebi
286 752 350 792 re,
385 752 472 780 non
507 738 637 780 verbo
676 738 815 780 danda
851 739 1048 793 libertas3
1086 753 1194 793 quae
1230 741 1377 780 tamen
1408 739 1467 780 sic

134 797 235 839 data
267 799 344 851 est,
375 800 423 838 ut
454 797 600 838 multis
632 798 830 839 institutis
859 797 1214 852 praeclarissimis
1246 797 1467 840 adducere-

133 859 221 910 tur,
258 858 308 897 1113
339 855 588 898 auctoritati
619 856 859 911 principum
891 856 1068 898 cederet.
1129 855 1293 898 Nostra
1324 858 1467 897 autem
1485 860 1535 901 ll

133 929 280 969 causa,
318 929 442 969 quae,
481 917 655 970 optume
693 918 736 956 et
767 915 1024 957 dulcissume
1052 914 1207 969 frater,
1244 915 1393 957 incidit
1424 915 1469 956 in

133 973 406 1016 tribuniciam
438 976 710 1028 potestatem,
741 974 850 1015 nihil
881 974 1033 1015 habuit
1061 974 1346 1016 contentionis
1373 989 1469 1016 611111

81 1044 114 1069 15
133 1033 375 1086 tribunatu3
405 1047 492 1074 non
524 1033 637 1074 enim
667 1033 815 1087 plebes
848 1033 1027 1075 incitata
1057 1033 1218 1074 nostris
1249 1033 1376 1074 rebus
1407 1033 1468 1074 in-

131 1092 257 1146 vidit,
302 1092 375 1133 sed
418 1092 589 1133 vincula
632 1091 776 1133 soluta
816 1094 915 1133 sunt
959 1094 1001 1133 et
1039 1091 1215 1133 servitia
1255 1092 1469 1134 concitata

133 1151 332 1193 adiuncto
377 1153 541 1192 terrore
584 1150 715 1192 etiam
759 1150 949 1192 militari.
1010 1149 1160 1205 Neque
1203 1151 1328 1192 nobis
1372 1165 1468 1192 611111

131 1210 210 1252 illa
252 1212 345 1251 tum
388 1212 509 1264 peste
552 1212 769 1252 certamen
810 1209 911 1264 fuit,
955 1210 1029 1251 sed
1073 1224 1169 1251 cum
1212 1209 1468 1265 gravissimo

132 1269 195 1310 rei
224 1268 422 1324 publicae
453 1271 663 1323 tempore,
701 1268 768 1310 cui
797 1269 882 1310 nisi
913 1268 1156 1322 cessissem,
1190 1282 1278 1310 non
1309 1268 1468 1310 diutur-

81 1337 114 1362 20
132 1343 235 1369 1111111
284 1327 479 1369 beneficii
532 1327 616 1369 mei
658 1327 801 1382 patria
842 1327 1030 1369 fructum
1071 1327 1257 1369 tulisset.
1324 1327 1469 1382 Atque

132 1387 237 1429 haec
268 1401 411 1427 rerum
443 1386 582 1427 exitus
614 1386 835 1440 indicavit3
873 1386 967 1440 quis
1001 1386 1114 1428 enim
1144 1401 1231 1428 non
1262 1386 1387 1428 modo
1420 1386 1468 1427 li-

132 1446 221 1500 ber,
251 1446 320 1488 sed
349 1459 495 1486 servus
527 1445 728 1486 libertate
761 1445 914 1501 dignus
945 1445 1042 1499 fuit,
1072 1445 1140 1487 6111
1170 1447 1321 1487 nostra
1351 1446 1467 1487 salus

133 1519 232 1547 cara
261 1519 348 1546 non
385 1504 526 1545 esset?
577 1503 737 1552 Quodsi
768 1504 804 1545 18
838 1518 960 1546 casus
991 1504 1145 1546 fuisset
1175 1518 1329 1559 rerum,
1362 1519 1468 1559 quas

132 1578 211 1619 pro
256 1563 394 1605 salute
437 1563 498 1604 rei
542 1563 739 1618 publicae
783 1564 1012 1619 gessimus,
1055 1566 1104 1604 ut
1143 1578 1231 1604 11011
1271 1564 1469 1605 omnibus

81 1631 115 1657 25
134 1625 284 1678 gratus
323 1625 453 1676 esset,
491 1624 533 1663 et
571 1622 608 1663 si
644 1636 722 1664 nos
760 1622 1051 1664 multitudinis
1087 1622 1269 1664 furentis
1306 1623 1469 1664 infiam-

133 1684 253 1723 mata
282 1681 442 1722 invidia
473 1681 710 1747 pepulisset
741 1681 1055 1736 tribuniciaque
1085 1681 1151 1723 vis
1176 1681 1222 1722 in
1246 1696 1313 1723 me
1338 1696 1470 1736 popu-

133 1740 242 1794 lum,
274 1740 385 1782 sicut
417 1739 634 1782 Gracchus
665 1740 709 1781 in
740 1739 991 1794 Laenatem,
1023 1738 1279 1782 Saturninus
1310 1741 1355 1781 in
1384 1739 1470 1782 Me·

133 1774 306 1854 telhim,
337 1799 571 1853 incitasset,
602 1799 824 1853 ferremus,
855 1814 879 1841 o
903 1774 1068 1865 Quinte
1099 1799 1245 1853 frater,
1277 1800 1469 1841 consola-

134 1861 366 1913 renturque
390 1872 469 1900 nos
487 1873 575 1899 non
593 1860 684 1899 tam
702 1858 964 1914 philosophi,
990 1858 1062 1913 qui
1081 1858 1264 1900 Athenis
1283 1858 1469 1912 fuerunt,

82 1927 115 1953 30
136 1917 209 1972 qui
238 1917 320 1959 hoc
350 1917 489 1959 facere
522 1917 696 1971 debent,
734 1932 863 1972 quam
895 1917 1125 1959 clarissimi
1155 1917 1254 1971 viri,
1287 1918 1360 1972 qui
1390 1918 1469 1959 illa

133 1976 238 2018 urbe
270 1976 385 2031 pulsi
416 1991 558 2018 carere
588 1976 762 2031 ingrata
787 1976 961 2018 civitate
987 1991 1115 2031 quam
1142 1991 1313 2017 manere
1338 1977 1384 2018 in
1408 1977 1468 2017 in-

133 2035 271 2090 proba
308 2035 564 2077 maluerunt.
625 2034 877 2090 Pompeium
915 2050 1016 2077 vero
1049 2035 1162 2090 quod
1193 2050 1278 2077 una
1308 2035 1393 2076 ista
1423 2035 1469 2076 in

133 2108 179 2135 re
214 2108 303 2136 non
331 2094 394 2135 ita
424 2094 549 2136 valde
580 2094 756 2149 probas,
794 2094 865 2135 vix
897 2094 1004 2137 satis
1035 2093 1143 2135 mihi
1173 2094 1281 2135 illud
1311 2094 1467 2135 videris

136 2153 373 2206 attendere,
410 2167 498 2195 non
530 2154 670 2195 solum
703 2153 758 2207 ei,
790 2153 892 2207 quid
924 2157 1037 2195 esset
1068 2153 1296 2208 optimum,
1327 2152 1470 2194 viden·

82 2221 116 2247 35
136 2211 236 2252 dum
266 2211 412 2266 fuisse,
444 2212 517 2253 sed
549 2212 680 2253 etiam
713 2211 814 2266 quid
838 2211 1137 2254 necessarium.
1188 2209 1330 2253 Sensit
1356 2211 1468 2252 enim

136 2270 281 2311 deberi
304 2284 392 2311 non
416 2285 543 2326 posse
562 2271 661 2312 huic
681 2271 847 2313 civitati
866 2272 988 2313 illam
1007 2273 1286 2326 potestatem3
1312 2270 1468 2324 quippe

133 2343 264 2384 quam
295 2332 419 2371 tanto
452 2344 578 2385 opere
609 2330 794 2385 populus
825 2333 973 2372 noster
1003 2331 1199 2385 ignotam
1226 2329 1470 2384 expetisset,

1494 1514 1538 1545 26
