1685 2568
392 65 480 101 Llss.
507 65 552 101 Π.
586 65 687 100 CAP.
715 67 864 99 28-30.
898 68 917 106 ς
943 68 1093 100 60—64.
1326 63 1412 105 219

75 160 353 204 Calchantem
386 161 529 203 dixisti
564 175 615 202 ex
645 174 868 215 passerum
899 173 1076 200 numero
1109 158 1212 199 belli
1238 157 1413 199 Troiani

61 233 209 283 ⁸annos
247 222 524 275 auguratum3
565 219 616 261 de
652 218 771 260 cuius
809 217 1053 259 coniectura
1091 217 1151 258 sic
1184 216 1296 270 apud
1328 216 1413 258 Ho-

75 293 257 331 merum,
306 280 355 320 ut
402 292 482 320 nos
531 277 660 319 otiosi
709 276 1015 329 convertimus,
1065 274 1257 330 loquitur
1300 275 1415 329 Aga·

75 351 291 378 memnon:

133 395 300 448 Ferte,
330 395 448 448 viri,
480 398 530 436 et
562 395 715 436 duros
748 394 913 435 animo
939 393 1165 434 tolerate
1191 391 1414 444 labores,

134 454 361 509 Auguris
399 456 454 495 ut
489 453 660 495 nostri
693 451 994 494 Calchantis
1032 450 1142 492 fata
1174 464 1414 505 queamus

134 510 285 554 Scire
342 515 550 554 ratosne
600 512 823 553 habeant
873 525 934 553 an
981 524 1138 551 vanos
1187 508 1415 564 pectoris

1141 582 1297 609 orsus.

133 628 360 684 Namque
416 644 588 671 omnes
644 628 857 670 memori
906 630 1200 683 portentum
1250 628 1416 667 mente

1011 688 1299 738 retentant,

136 746 230 796 Qui
260 762 359 788 non
388 746 617 788 funestis
649 747 918 801 liquerunt
949 745 1143 786 lumina
1172 744 1310 785 fatis.

135 805 402 862 Argolicis
446 805 666 860 primum
709 808 764 846 ut
806 804 1003 846 vestita
1043 806 1120 845 est
1158 802 1416 845 classibus

1131 861 1299 904 Aulis.

136 922 271 972 Quae
308 923 514 965 Priamo
559 923 757 965 cladem
802 925 851 964 et
893 921 1077 963 Troiae
1120 923 1417 976 pestemque

1040 980 1300 1033 ferebant,

137 1040 241 1083 Nos
281 1041 470 1083 circum
502 1041 693 1082 latices
726 1040 931 1096 gelidos
961 1039 1282 1080 fumantibus
1315 1038 1418 1079 aris

140 1100 413 1156 Aurigeris
446 1099 614 1141 divom
646 1100 917 1154 placantes
948 1098 1157 1139 numina
1187 1097 1353 1138 tauris

137 1157 236 1200 Sub
279 1159 497 1213 platano
541 1158 845 1211 umbrifera,
888 1157 1005 1198 fons
1049 1156 1176 1197 unde
1218 1158 1420 1197 emanat

1129 1217 1302 1269 aquaL

136 1276 373 1317 Vidimus
405 1276 600 1317 inmani
633 1275 803 1330 specie
833 1277 1079 1328 tortuque
1112 1273 1381 1315 draconem

137 1334 463 1388 Terribilem,
488 1334 629 1376 Iovis
656 1337 711 1376 ut
735 1334 888 1389 pulsu
912 1335 1214 1388 penetraret
1235 1332 1294 1374 ab
1315 1346 1421 1385 ara3

138 1393 230 1442 Qui
249 1394 521 1448 plataniin
540 1408 679 1435 ramo
698 1393 945 1435 foliorum
964 1391 1191 1447 tegmine
1212 1393 1420 1446 saeptos

138 1451 405 1508 Corripuit
431 1452 624 1508 pullos3
656 1466 781 1506 quos
808 1467 916 1493 cum
943 1452 1266 1493 consumeret
1287 1452 1422 1504 octo,

136 1510 283 1553 Nona
324 1526 475 1567 super
514 1511 737 1552 tremulo
777 1510 1016 1566 genetrix
1055 1510 1299 1564 clangore
1338 1523 1422 1550 vo-

1138 1568 1302 1621 labat,

140 1629 230 1671 Cui
260 1629 403 1671 ferus
435 1629 630 1670 inmani
662 1628 885 1670 laniavit
915 1628 1115 1669 viscera
1145 1641 1326 1668 morsu.

138 1688 300 1743 Hunc,
337 1688 424 1729 ubi
461 1691 564 1729 tam
602 1692 808 1729 teneros
845 1687 1075 1729 volucris
1107 1688 1421 1739 matremque

1068 1745 1302 1800 peremit,

139 1805 234 1855 Qui
264 1806 369 1848 luci
401 1805 649 1859 ediderat,
683 1806 888 1861 genitor
921 1804 1194 1846 Saturnius
1226 1804 1356 1845 idem

140 1865 359 1906 Abdidit
392 1867 440 1906 et
473 1865 595 1906 duro
627 1865 876 1906 formavit
907 1863 1133 1920 tegmine
1165 1863 1286 1904 saxi.

139 1923 244 1966 Nos
271 1926 439 1965 autem
465 1924 636 1964 timidi
657 1926 856 1965 stantes
877 1922 1116 1964 mirabile
1137 1923 1423 1963 monstrum

139 1982 372 2024 Vidimus
404 1983 455 2023 in
486 1982 667 2024 mediis
701 1982 868 2024 divom
899 1981 1158 2023 versarier
1189 1981 1304 2022 aris.

141 2041 263 2083 Tum
296 2041 514 2083 Calchas
550 2041 675 2084 haec
712 2044 791 2082 est
827 2040 1016 2082 fidenti
1045 2054 1167 2082 voce
1197 2041 1421 2081 locutus:

141 2099 428 2149 ‘Quidnam
483 2102 775 2156 torpentes
833 2099 1006 2142 subito
1063 2098 1422 2153 obstipuistis,

1090 2157 1304 2199 Achivi?

140 2217 304 2259 Nobis
329 2217 454 2259 haec
479 2220 723 2272 portenta
750 2218 893 2259 deum
920 2217 1060 2258 dedit
1085 2217 1194 2271 ipse
1221 2217 1423 2256 creator

141 2276 307 2319 Tarda
327 2276 949 2330 etseranimis,sedfama
966 2275 1184 2317 aclaude
1201 2272 1423 2329 perenni.

40 407 57 434 5
