1685 2568
142 592 185 623 65

143 943 185 975 ‘36

141 1748 194 1789 27

142 1800 184 1831 67

143 2298 185 2330 68

211 78 300 119 430
731 77 793 112 DE
818 75 1024 112 LEGfflUS

210 174 342 229 plius,
370 188 492 224 quam
523 189 581 215 ne
611 174 721 224 quis
752 187 808 214 ea
833 172 1002 214 deleat
1044 187 1168 214 neve
1208 172 1431 214 alienum
1473 171 1547 214 in-

210 234 364 287 ferat,
408 247 629 287 poenaque
673 235 756 285 est,
807 232 855 273 si
898 231 1028 285 quis
1069 231 1303 272 bustum
1349 229 1467 286 (nam
1501 230 1547 271 id

211 294 318 347 puto
362 291 571 346 appellari
613 288 802 346 τύμβου)
847 293 932 330 aut
976 289 1358 343 monimentum,
1393 289 1546 344 inquit,

212 353 299 392 aut
330 351 614 392 columnam
644 348 876 402 violarit,
913 348 1148 402 laeserit,
1184 347 1420 403 fregerit.
1464 346 1546 389 Sed

211 411 312 464 post
337 408 559 462 aliquanto
584 410 761 462 propter
785 407 864 448 has
886 406 1190 461 amplitudines
1211 406 1545 462 sepulchrorum,
1564 419 1582 446 5

213 482 318 523 quas
343 468 389 508 in
414 466 632 508 Ceramico
657 466 862 520 videmus,
894 466 990 521 lege
1016 467 1211 507 sanctum
1237 468 1313 520 est,
1344 480 1402 506 ne
1435 465 1547 520 quis

213 525 538 581 sepulchrum
574 524 770 566 faceret
807 524 1092 579 operosius,
1130 538 1276 579 quam
1309 523 1439 578 quod
1470 523 1547 565 de-

212 600 315 627 cem
359 584 589 625 homines
627 582 900 625 effecerint
936 583 1126 637 tridu03
1167 597 1304 637 neque
1341 583 1384 623 id
1421 596 1547 637 opere

210 643 392 686 tectorio
425 642 622 684 exornari
651 656 728 683 nec
758 642 943 696 hermas,
975 656 1081 696 quos
1106 644 1274 695 vocant,
1304 641 1463 683 licebat
1486 640 1548 682 in-

211 703 331 758 poni,
367 716 445 743 nec
479 701 529 742 de
561 701 721 742 mortui
751 700 876 741 laude
906 700 991 742 nisi
1021 700 1067 741 in
1096 700 1281 755 publicis
1313 699 1546 755 sepulturis
1567 715 1600 739 10

210 776 288 803 nec
320 761 373 802 ab
406 760 504 813 alio,
534 760 619 800 nisi
651 759 724 814 qui
754 759 925 814 publice
958 759 1011 800 ad
1043 773 1137 800 eam
1168 774 1259 800 rem
1288 759 1547 800 constitutus

212 822 343 874 esset,
382 819 465 861 dici
502 819 671 860 licebat.
732 816 914 859 Sublata
945 818 1076 859 etiam
1108 820 1202 859 erat
1233 817 1458 860 celebritas
1488 817 1548 858 vi-

211 894 358 921 rorum
384 892 433 920 ac
459 877 698 931 mulierum,
730 892 813 931 quo
840 877 1093 918 lamentatio
1120 877 1401 928 minueretur3
1430 878 1550 929 auyet

212 938 324 979 enim
362 937 525 979 luctum
563 950 792 978 concursus
823 936 1057 977 hominum.
1118 934 1324 984 Quocirca
1353 934 1547 976 Pittacus

212 996 387 1038 omnino
426 995 623 1037 accedere
661 1009 917 1049 quemquam
955 996 1076 1036 vetat
1110 994 1156 1035 in
1191 994 1320 1035 funus
1352 993 1546 1035 aliorum.
1566 1007 1600 1033 25

212 1054 294 1097 Sed
331 1055 393 1096 ait
429 1068 576 1095 rursus
613 1053 725 1095 idem
757 1053 1002 1095 Demetrius
1038 1053 1323 1095 increbruisse
1361 1067 1455 1093 eam
1484 1051 1547 1093 fu-

210 1129 360 1155 nerum
380 1114 788 1168 sepulchrorumque
807 1112 1183 1167 magnificentiam,
1203 1126 1310 1166 quae
1329 1126 1440 1153 nunc
1457 1110 1547 1152 fere

211 1173 373 1214 Romae
417 1175 500 1226 est3
544 1187 671 1227 quam
716 1171 1065 1213 consuetudinem
1108 1171 1203 1226 lege
1247 1170 1402 1211 minuit
1437 1170 1547 1225 ipse3

211 1232 294 1272 fuit
326 1231 439 1273 enim
469 1231 539 1272 hic
569 1230 653 1285 vir,
684 1233 732 1271 ut
764 1230 901 1284 scitis,
930 1244 1018 1271 non
1049 1230 1189 1271 solum
1222 1229 1545 1282 eruditissimus,

213 1291 286 1332 sed
317 1290 449 1332 etiam
480 1289 584 1331 civis
616 1303 638 1330 e
669 1304 714 1330 re
745 1289 918 1344 publica
948 1289 1132 1330 maxime
1158 1288 1422 1342 tuendaeque
1448 1287 1546 1329 civi·
1565 1301 1600 1326 20

211 1349 317 1391 tatis
348 1348 648 1404 peritissimus.
696 1347 740 1389 Is
771 1348 905 1403 igitur
937 1350 1155 1402 sumptum
1185 1347 1340 1388 minuit
1369 1361 1457 1388 non
1483 1360 1547 1387 so-

212 1409 301 1450 lum
327 1422 476 1463 poena,
503 1407 576 1448 sed
602 1407 733 1448 etiam
757 1409 970 1461 tempore3
996 1409 1095 1447 ante
1120 1406 1258 1447 lucem
1284 1405 1397 1447 enim
1421 1405 1547 1446 iussit

212 1467 364 1509 efferri.
425 1465 672 1521 Sepulchris
710 1468 853 1507 autem
883 1465 1007 1507 novis
1037 1465 1178 1505 finivit
1210 1464 1401 1518 modum3
1443 1478 1547 1505 nam

212 1540 339 1581 super
369 1527 511 1567 terrae
542 1525 757 1566 tumulum
787 1524 927 1566 noluit
958 1523 1185 1578 quicquam
1214 1523 1348 1564 statui
1372 1523 1456 1564 nisi
1481 1537 1546 1564 co-

210 1585 433 1627 lumellam
469 1584 609 1625 tribus
641 1583 797 1625 cubitis
827 1597 880 1624 ne
913 1582 1111 1624 altiorem
1143 1584 1218 1623 aut
1247 1596 1439 1623 mensam
1472 1583 1546 1622 aut
1564 1594 1598 1620 25

210 1643 418 1685 labellum
467 1645 510 1684 et
558 1642 656 1684 huic
702 1641 994 1697 procurationi
1036 1643 1199 1683 certum
1243 1640 1546 1695 magistratum

210 1702 487 1758 praefecerat.

299 1760 418 1802 Haec
454 1761 590 1816 igitur
623 1759 908 1801 Athenienses
945 1759 1020 1800 tui.
1082 1757 1164 1800 Sed
1201 1758 1419 1800 videamus
1450 1757 1546 1800 Pla-

210 1822 369 1873 tonem,
402 1820 475 1874 qui
505 1820 620 1861 iusta
644 1819 842 1860 funerum
867 1818 990 1860 reicit
1016 1817 1069 1859 ad
1093 1818 1350 1872 interpretes
1375 1817 1545 1872 religio-

209 1894 330 1932 num3
357 1893 483 1932 quem
507 1892 586 1920 nos
613 1892 775 1920 morem
799 1880 1006 1918 tenemus.
1049 1876 1113 1918 De
1139 1876 1376 1931 sepulchris
1402 1879 1545 1917 autem
1564 1888 1599 1913 3ο

213 1938 316 1979 dicit
346 1937 469 1979 haec:
506 1939 627 1978 vetat
659 1951 708 1978 ex
740 1950 845 1992 agro
878 1936 993 1977 culto
1025 1949 1146 1989 eove,
1178 1935 1250 1989 qui
1282 1934 1365 1977 coli
1395 1935 1545 1989 possit,

210 1997 346 2037 ullam
382 1998 552 2051 partem
591 1995 701 2037 sumi
739 1995 984 2049 sepulchro3
1022 1994 1096 2035 sed
1127 2008 1234 2048 quae
1264 1996 1420 2034 natura
1451 1993 1546 2049 agri

211 2057 382 2096 tantum
419 2054 544 2096 modo
584 2054 750 2096 efficere
787 2054 942 2108 possit,
982 2055 1031 2094 ut
1067 2055 1334 2094 mortuorum
1366 2066 1545 2107 corpora

212 2114 302 2155 sine
341 2113 597 2154 detrimento
634 2112 830 2154 vivorum
867 2112 1064 2166 recipiat,
1101 2125 1152 2153 ea
1188 2111 1461 2166 potissimum
1497 2113 1546 2151 ut

212 2173 481 2227 conpleatur3
520 2186 626 2226 quae
666 2174 809 2212 autem
840 2173 957 2212 terra
985 2170 1132 2226 fruges
1163 2169 1275 2211 ferre
1307 2172 1349 2210 et
1380 2171 1428 2210 ut
1459 2184 1544 2210 ma·
1564 2181 1598 2207 35

212 2234 277 2273 ter
315 2231 431 2273 cibos
471 2230 744 2286 suppeditare
781 2230 937 2285 possit,
975 2243 1068 2270 eam
1105 2243 1158 2269 ne
1190 2228 1284 2282 quis
1314 2228 1439 2269 nobis
1471 2227 1545 2268 mi-

211 2293 316 2331 nuat
352 2304 458 2332 neve
495 2289 617 2331 vivos
653 2303 759 2330 neve
797 2290 1001 2330 mortuos.
1061 2287 1215 2329 Extrui
1252 2289 1396 2328 autem
1426 2289 1546 2327 vetat
