1685 2568
222 1514 261 1544 16

288 113 375 155 386
810 114 875 149 DE
900 115 1104 150 Lneissus

288 210 454 252 muneri
490 210 785 266 praefuerunt,
822 211 1011 252 universi
1042 210 1146 251 iuris
1177 210 1310 251 fuisse
1341 211 1527 265 expertis
1560 226 1627 252 ex·
1680 236 1681 240 =

287 268 454 324 istimo,
486 270 560 311 sed
590 270 672 312 hoc
703 269 846 323 civile,
879 269 993 323 quod
1022 271 1196 323 vocant,
1229 271 1404 310 eatenus
1435 284 1626 312 exercue-

287 331 400 381 runt,
433 328 572 382 quoad
603 328 763 383 populo
795 330 1017 383 praestare
1047 327 1288 369 voluerunt.
1337 327 1387 369 Id
1413 330 1556 370 autem
1581 328 1627 370 in
1680 342 1682 368 ι

288 387 533 442 cognitione
570 389 698 428 tenue
735 389 819 440 est,
855 387 901 427 in
938 401 1018 427 usu
1048 386 1347 427 necessarium.
1403 385 1540 435 Quam
1571 387 1626 429 ob
1680 416 1682 436 ³

286 460 377 486 rem
410 460 493 500 quo
525 460 593 487 me
623 459 752 487 vocas
787 447 862 486 aut
887 444 988 499 quid
1013 445 1232 486 hortaris?
1260 447 1310 486 ut
1334 445 1506 487 libellos
1532 459 1626 487 con·
1645 457 1663 484 ⁵

286 504 428 546 ficiam
466 504 517 545 cle
555 504 873 545 stillicidiorum
911 518 960 545 ac
998 503 1048 544 de
1086 504 1299 558 parietum
1335 503 1455 545 iure?
1494 519 1549 545 an
1578 507 1627 545 ut
1680 526 1681 534 κ

290 563 620 617 stipulationum
647 565 690 604 et
714 562 970 604 iudiciorum
994 562 1203 604 formulas
1224 562 1492 617 conponam?
1519 577 1627 617 quae
1680 595 1681 600 ,

289 624 332 663 et
357 622 600 676 conscripta
630 636 655 663 a
674 621 823 662 multis
844 623 944 662 sunt
964 620 1194 676 diligenter
1213 623 1257 663 et
1276 624 1378 663 sunt
1396 621 1628 663 humiliora
1678 633 1681 678 ζ

289 695 417 735 quam
449 681 537 734 illa,
571 694 679 734 quae
711 695 737 721 a
766 680 891 722 nobis
924 680 1140 735 expectari
1169 682 1287 735 puto.
1347 681 1447 722 ATT.
1479 680 1627 735 Atqui,
1678 679 1680 710 ³

289 740 326 781 si
359 740 546 793 quaeris,
579 752 659 793 ego
694 739 794 793 quid
826 742 1056 793 expectem,
1089 739 1291 793 quoniam
1324 739 1530 794 scriptum
1562 742 1628 780 est
1647 752 1680 777 ιι

291 813 317 840 a
356 801 399 839 te
441 798 490 839 de
529 798 692 853 optimo
731 798 793 839 rei
830 798 1027 853 publicae
1065 800 1200 850 statu,
1241 812 1502 853 consequens
1535 812 1627 840 esse
1678 789 1680 840 ἶ

288 857 473 909 videtur,
511 859 560 898 ut
600 857 763 898 scribas
801 858 848 898 tu
885 856 997 898 idem
1030 856 1079 898 de
1111 857 1298 912 legibus3
1335 857 1395 899 sie
1427 857 1540 898 enim
1570 856 1628 899 fe-

289 917 396 958 cisse
433 915 556 957 video
592 915 820 957 Platonem
855 916 980 956 illum
1016 918 1155 969 tuum,
1200 930 1326 970 quem
1361 918 1410 957 tu
1447 915 1628 957 admira·
1678 911 1679 917 ¹

288 976 368 1028 ris,
410 989 536 1029 quem
574 975 772 1016 omnibus
812 974 1055 1030 anteponis,
1096 988 1222 1029 quem
1254 975 1436 1016 maxime
1469 975 1627 1030 diligis.

288 1035 350 1076 M.
381 1033 515 1075 Visne
557 1033 709 1089 igitur,
752 1036 802 1075 ut
837 1033 912 1075 ille
949 1032 1102 1075 Cretae
1140 1048 1236 1075 cum
1274 1032 1415 1075 Clinia
1452 1036 1496 1075 et
1532 1047 1628 1076 cum
1647 1045 1671 1071 ιε

288 1092 625 1134 Lacedaemonio
656 1092 833 1148 Megillo
873 1092 1055 1146 aestivo,
1094 1106 1220 1147 quem
1258 1092 1312 1134 ad
1348 1092 1522 1134 modum
1561 1093 1627 1134 de·
1676 1113 1677 1118 ¹

289 1152 457 1206 scribit,
489 1152 555 1193 die
586 1151 633 1193 in
663 1151 921 1206 cupressetis
954 1150 1213 1193 Gnosiorum
1245 1154 1288 1193 et
1320 1151 1472 1207 spatiis
1505 1151 1627 1193 silve·
1676 1152 1677 1186 ἓ

289 1211 450 1252 stribus
506 1211 655 1252 crebro
711 1210 933 1263 insistens,
987 1210 1202 1251 interdum
1251 1210 1526 1264 adquiescens
1577 1210 1627 1251 de
1675 1239 1677 1268 =1

287 1269 500 1311 institutis
547 1284 690 1311 rerum
736 1269 1007 1324 publicarum
1051 1283 1100 1311 ac
1143 1269 1194 1310 de
1238 1269 1413 1324 optimis
1458 1269 1626 1324 legibus

288 1328 498 1383 disputat,
537 1328 598 1370 sic
634 1342 712 1370 nos
750 1328 863 1369 inter
901 1328 980 1369 has
1013 1328 1335 1383 procerissimae
1367 1329 1550 1383 populos
1582 1328 1626 1369 in
1647 1341 1669 1365 2·

288 1387 414 1428 viridi
440 1401 657 1442 opacaque
683 1386 779 1442 ripa
803 1387 1132 1440 inambulantes,
1157 1389 1251 1428 tum
1277 1388 1421 1428 autem
1443 1387 1625 1429 residen-
1675 1434 1676 1444 ἵ

287 1449 352 1488 tes
386 1460 642 1501 quaeramus
673 1446 808 1487 isdem
840 1446 890 1487 de
922 1446 1049 1487 rebus
1082 1445 1244 1500 aliquid
1274 1446 1465 1500 uberius,
1498 1460 1626 1500 quam
1675 1449 1676 1475 ἲ

286 1505 470 1546 forensis
508 1520 611 1547 usus
651 1505 893 1547 desiderat?
948 1506 1048 1547 Am.
1085 1504 1181 1560 Ego
1219 1519 1321 1547 vero
1359 1505 1445 1546 ista
1482 1504 1626 1546 audire
1674 1539 1675 1543 ,

288 1564 424 1619 cupio.
473 1565 536 1606 M.
569 1562 679 1613 Quid
717 1563 779 1606 ait
811 1563 1022 1612 Quintus?
1075 1563 1119 1615 Q.
1151 1562 1285 1605 Nulla
1316 1563 1367 1605 de
1398 1578 1443 1605 re
1475 1564 1626 1620 magis.
1673 1559 1675 1578 ³

287 1624 349 1665 M.
380 1624 439 1664 Et
470 1625 584 1664 recte
617 1623 799 1677 quidem.
847 1623 961 1664 Nam
993 1622 1054 1664 sic
1085 1622 1302 1676 habetote,
1332 1623 1453 1664 nullo
1484 1623 1529 1664 in
1558 1636 1626 1677 ge·
1645 1630 1674 1660 21

287 1697 386 1723 nere
419 1682 676 1736 disputando
707 1682 738 1736 †
756 1682 938 1723 honesta
963 1681 1169 1736 patefieri,
1202 1681 1303 1736 quid
1329 1681 1386 1722 sit
1411 1681 1576 1723 homini
1602 1696 1627 1723 a
1673 1712 1674 1721 ,

287 1744 443 1782 natura
467 1741 692 1795 tributum,
719 1743 925 1796 quantam
950 1741 1037 1781 vim
1060 1755 1203 1781 rerum
1224 1740 1486 1795 optimarum
1506 1754 1625 1781 mens
1672 1772 1674 1781 s

286 1800 476 1841 humana
508 1800 737 1854 contineat,
769 1799 888 1841 cuius
919 1799 1106 1840 muneris
1139 1799 1305 1841 colendi
1332 1799 1626 1853 efficiendique
1672 1831 1673 1842 ἢ

287 1873 416 1900 causa
440 1859 532 1900 nati
558 1861 601 1900 et
625 1859 670 1900 in
695 1859 833 1900 lucem
860 1858 963 1900 editi
989 1858 1134 1912 simus,
1167 1872 1275 1912 quae
1300 1858 1358 1900 sit
1383 1858 1625 1900 coniunctio
1671 1851 1673 1861 ⁴

286 1918 520 1971 hominum,
547 1933 655 1972 quae
680 1918 892 1959 naturalis
920 1917 1102 1958 societas
1128 1917 1241 1958 inter
1260 1917 1398 1972 ipsos3
1422 1916 1491 1958 his
1512 1917 1624 1958 enim
1645 1929 1665 1954 ³·

288 1977 512 2031 explicatis
553 1976 649 2018 fons
687 1977 832 2032 legum
870 1979 912 2017 et
950 1976 1053 2017 iuris
1092 1975 1274 2017 inveniri
1310 1978 1466 2031 potest.
1524 1977 1625 2018 Am

286 2034 386 2076 Non
417 2049 519 2090 ergo
553 2050 578 2077 a
609 2036 820 2090 praetoris
854 2035 1004 2089 edicto,
1035 2038 1084 2076 ut
1115 2035 1307 2089 plerique
1333 2050 1456 2088 nunc,
1487 2049 1624 2089 neque

287 2110 311 2135 a
343 2094 563 2135 duodecim
594 2095 773 2149 tabulis,
804 2097 852 2135 ut
884 2094 1143 2148 superiores,
1175 2094 1249 2135 sed
1281 2094 1450 2149 penitus
1484 2108 1533 2134 ex
1564 2093 1625 2134 in·
1669 2139 1670 2144 ¹

286 2153 393 2194 tima
426 2153 704 2208 philosophia
734 2154 1014 2194 hauriendam
1046 2153 1149 2194 iuris
1183 2153 1452 2207 disciplinam
1484 2155 1623 2207 putas.
1668 2165 1671 2208 s

287 2212 346 2253 M.
379 2211 477 2252 Non
515 2212 627 2253 enim
664 2212 707 2253 id
746 2213 988 2266 quaerimus
1026 2212 1107 2253 hoc
1146 2226 1358 2266 sermone,
1400 2211 1624 2266 Pomponi,
1643 2222 1668 2252 3³.

289 2286 410 2324 quem
450 2270 502 2312 ad
541 2272 713 2312 modum
746 2285 971 2313 caveamus
1003 2271 1046 2311 in
1078 2270 1168 2312 iure
1202 2273 1275 2312 aut
1309 2270 1410 2325 quid
1441 2270 1491 2311 de
1524 2284 1623 2324 qua·
1668 2279 1669 2295 ³

286 2344 366 2384 que
398 2330 712 2371 consultatione
744 2330 1089 2385 respondeamus.
1140 2328 1205 2370 Sit
1236 2330 1321 2370 ista
1352 2343 1419 2371 res
1452 2343 1623 2384 magna,
1668 2371 1670 2382 7
