1685 2568
208 124 297 160 LIB.
312 124 373 160 IV.
389 124 490 160 CAP.
508 129 560 160 12.
577 128 596 167 ξ
612 128 666 168 14,
686 124 776 159 LlB.
791 124 834 159 V.
849 123 971 169 ABG„
988 124 1087 160 CAP.
1106 130 1135 168 1,
1151 130 1181 160 2.
1198 130 1216 168 ξ
1234 132 1332 163 1—3.
1360 128 1442 168 361

199 220 369 272 Quando
399 234 462 262 res
485 220 651 273 publica
675 219 867 261 Romana
896 220 990 261 talis
1015 223 1112 269 erat,
1143 221 1303 272 qualem
1328 223 1445 263 illam

108 279 296 321 describit
323 278 563 328 Sallustius,
599 292 683 320 vion
711 279 798 320 iam
821 279 1002 332 pessima
1032 292 1080 320 ac
1109 279 1444 332 flayitiosissima,

108 338 213 380 sicut
248 338 332 390 ipse
372 339 448 387 ait,
487 338 556 379 sed
592 338 756 379 omnino
793 338 912 379 milla
947 340 1036 378 erat
1075 338 1293 379 secundum
1323 339 1447 379 istam

108 397 324 450 rationem,
363 409 488 449 quam
527 396 746 448 disffletatio
788 397 835 438 de
871 410 915 437 re
944 396 1112 449 publica
1143 397 1248 437 inter
1278 410 1447 449 magicos

74 468 90 496 5
109 468 194 496 eius
225 458 312 496 tum
332 455 541 508 principsss
571 454 711 495 habita
734 455 935 508 patefecit,
965 455 1070 496 sicut
1098 455 1219 496 ctiam
1243 455 1329 508 ipse
1350 455 1447 497 Tul-

110 514 190 555 lius
219 527 302 555 non
332 512 537 579 Scipionis
565 527 636 554 ποθ
666 515 777 554 cuin
776 528 906 566 quam
936 514 1127 563 alterius,
1164 514 1234 555 secl
1262 527 1334 555 suo
1364 527 1447 555 ser-

101 585 224 613 ·mone
249 572 411 625 loquens
435 572 481 613 in
499 572 706 624 principio
731 573 864 624 quanti·
889 572 984 613 libri
1007 576 1312 614 commemorato
1324 573 1447 626 prius

108 631 243 672 Ennii
265 634 407 684 poe'tae
436 644 563 681 versu,
594 644 671 683 quo
702 631 881 672 dixerat:

166 689 394 731 Moribus
428 689 657 744 antiquis
690 704 769 731 res
803 694 908 730 stat
940 690 1166 732 Romana
1195 689 1447 744 virisque,

58 763 90 788 ιο
110 762 236 803 quem
277 748 446 803 quidem
484 748 558 789 ille
596 762 784 801 versum,
827 750 977 802 inquit,
1020 749 1089 790 vel
1127 749 1341 790 brevitate
1378 749 1447 790 vel

107 807 290 849 veritate
327 809 550 861 tamquam
582 821 632 848 ex
665 808 837 849 oraculo
870 808 976 849 mihi
1009 807 1193 862 quodam
1226 822 1317 849 esse
1350 808 1448 849 effa-

108 869 178 908 tus
209 866 388 907 videtur.
446 864 559 907 Nam
591 880 728 920 neque
759 866 853 920 viri,
883 867 968 908 nisi
998 867 1062 908 ita
1093 869 1263 908 morata
1294 867 1447 908 civitas

107 924 272 979 fuisset,
303 939 440 979 neque
466 939 619 978 mores,
644 925 727 966 nisi
753 925 798 966 hi
823 925 905 967 viri
930 925 1230 980 praefuissent,
1257 928 1332 967 aut
1356 925 1448 966 fun-

110 984 209 1025 dare
250 985 325 1025 aut
362 986 453 1025 tam
495 984 566 1025 diu
606 986 751 1025 tenere
788 984 1033 1039 potuissent
1070 986 1239 1026 tantam
1277 986 1320 1026 et
1357 987 1447 1025 tam

56 1056 89 1082 15
108 1042 200 1084 fuse
232 1042 404 1097 lateque
435 1042 721 1108 imperantem
753 1057 843 1084 rem
874 1044 1103 1098 publicam.
1162 1042 1316 1098 Itaque
1348 1046 1448 1084 ante

107 1103 303 1143 nostram
340 1101 592 1143 memoriam
630 1104 672 1142 et
710 1116 802 1142 mos
840 1101 932 1156 ipse
969 1102 1138 1156 patrius
1175 1104 1448 1157 praestantes

109 1160 224 1201 viros
262 1159 513 1214 adhibebat,
551 1162 594 1202 et
631 1162 819 1201 veteiem
856 1175 1021 1202 morem
1060 1175 1108 1202 ac
1146 1160 1356 1202 maiorum
1388 1161 1449 1202 in-

110 1219 264 1260 stituta
295 1218 540 1260 retinebant
571 1219 826 1260 excellentes
859 1219 953 1262 viii.
1002 1218 1168 1261 Nostra
1197 1234 1299 1261 vero
1327 1222 1446 1260 aetas

109 1292 205 1319 cum
230 1292 320 1318 rem
346 1277 564 1332 publicam
591 1278 700 1319 sicut
725 1278 939 1332 picturam
960 1278 1194 1333 accepisset
1215 1279 1448 1334 egregiam,

56 1349 90 1375 20
109 1337 182 1378 sed
219 1335 306 1377 iam
344 1339 668 1378 evanescentem
705 1340 938 1391 vetustate,
977 1352 1066 1379 non
1096 1337 1223 1378 modo
1257 1352 1351 1378 eam
1383 1352 1448 1379 co-

108 1395 273 1437 loribus
306 1394 483 1449 eisdem,
519 1395 672 1449 quibus
704 1395 863 1450 fuerat,
894 1410 1101 1437 renovare
1132 1396 1342 1451 neglexit,
1375 1396 1448 1437 sed

108 1468 160 1496 ne
198 1453 242 1495 id
277 1454 448 1508 quidem
479 1454 663 1508 curavit,
700 1457 749 1495 ut
780 1454 964 1496 formam
996 1455 1151 1496 saltem
1185 1455 1274 1496 eius
1307 1457 1349 1496 et
1381 1469 1448 1496 ex-

108 1515 248 1554 trema
283 1515 506 1567 tamquam
538 1513 792 1555 liniamenta
824 1516 1026 1556 servaret.
1076 1513 1186 1562 Quid
1219 1513 1332 1555 enim
1363 1529 1450 1556 ma·

108 1574 182 1613 net
220 1586 270 1614 ex
308 1571 496 1626 antiquis
528 1572 739 1626 moribus,
778 1573 932 1626 quibus
963 1573 1038 1614 ille
1071 1573 1178 1614 dixit
1209 1587 1301 1614 rem
1334 1575 1449 1614 stare

57 1643 90 1669 25
109 1630 380 1672 Romanam?
419 1644 526 1685 quos
556 1630 621 1672 ita
652 1631 868 1673 oblivione
901 1632 1120 1674 obsoletos
1151 1631 1364 1686 videmus,
1401 1634 1451 1673 ut

108 1704 196 1731 non
225 1689 352 1731 modo
383 1704 471 1731 non
496 1689 705 1745 colantur,
737 1690 811 1732 sed
835 1690 923 1732 iam
948 1690 1214 1746 ignorentur.
1258 1690 1372 1732 Nam
1399 1691 1450 1732 de

108 1748 212 1790 viris
251 1748 353 1803 quid
389 1748 557 1790 dicam?
606 1748 748 1791 Mores
787 1748 900 1790 enim
937 1749 1023 1804 ipsi
1052 1749 1309 1791 interierunt
1340 1750 1450 1791 viro-

108 1821 204 1848 rum
247 1807 444 1862 penuria,
487 1807 605 1849 cuius
650 1808 763 1849 tanti
802 1808 907 1849 mali
943 1823 1031 1850 non
1067 1808 1194 1850 modo
1235 1808 1450 1850 reddenda

108 1866 221 1908 ratio
252 1866 396 1919 nobis,
436 1866 509 1907 sed
541 1866 673 1908 etiam
704 1869 927 1922 tamquam
959 1867 1043 1908 reis
1076 1867 1230 1922 capitis
1264 1868 1450 1922 quodam

57 1937 91 1963 ³0
109 1925 236 1967 modo
263 1925 440 1966 dicenda
466 1939 595 1966 causa
620 1927 697 1967 est.
740 1925 915 1967 Nostris
942 1926 1054 1967 enim
1081 1926 1211 1980 vitiis,
1236 1940 1324 1968 non
1349 1941 1450 1968 casu

110 1984 273 2039 aliquo,
314 1998 405 2025 rem
442 1984 661 2039 publicam
693 1985 824 2027 verbo
856 1985 1108 2039 retinemus,
1145 1999 1191 2026 re
1222 1985 1318 2040 ipsa
1348 2000 1450 2027 vero

108 2042 196 2084 iam
220 2042 387 2098 pridem
413 2042 647 2084 amisimus.
696 2043 812 2085 Haec
837 2043 973 2086 Cicero
995 2044 1203 2097 fatebatur
1229 2044 1341 2097 Zonye
1365 2044 1451 2097 qui·

108 2102 197 2143 dem
219 2105 317 2154 post
344 2105 512 2143 mortem
542 2101 755 2154 Africani,
793 2116 909 2155 quem
940 2103 986 2144 iii
1015 2104 1102 2145 suis
1134 2103 1251 2145 libris
1279 2103 1376 2156 fecit
1405 2104 1452 2144 de

107 2173 152 2201 re
186 2160 355 2213 publica
396 2161 615 2213 disputare.
676 2160 955 2215 (Auyustmus
996 2162 1044 2204 de
1080 2162 1152 2203 civ.
1189 2162 1255 2203 dei
1289 2161 1350 2203 ΙΙ
1382 2164 1451 2212 21,

57 2229 91 2257 ³5
110 2218 218 2260 Non.
249 2222 345 2262 417.
378 2219 437 2273 7.)

196 2277 304 2319 nihil
339 2291 421 2320 esse
456 2281 541 2319 tam
577 2278 723 2334 regale
759 2293 888 2333 quam
920 2278 1267 2334 explanationem
1300 2278 1354 2330 [p.
1382 2288 1448 2320 247

109 2336 361 2391 aequitatiS,
403 2335 449 2377 in
487 2351 571 2391 qua
607 2337 713 2378 iuris
753 2340 846 2379 erat
877 2337 1197 2393 interpretatio,
1238 2335 1353 2392 quod
1383 2310 1497 2378 ius3

1475 207 1493 243 1

1473 255 1490 285 1

1477 2257 1504 2299 2
