1685 2568
307 92 362 133 66
715 92 779 127 DE
806 92 1009 127 NATURA
1033 92 1239 127 DEORUM

307 188 537 244 sphaeram
575 189 728 230 stellae
765 188 1004 230 inerrantes
1037 189 1091 230 ab
1124 188 1316 230 aetheria
1347 189 1645 230 coniunctione

307 250 517 289 secretam
555 250 597 289 et
634 247 826 288 liberam.
887 247 1050 289 Earum
1083 250 1227 289 autem
1258 261 1465 301 perennes
1497 262 1645 289 cursus

307 308 436 361 atque
468 306 664 361 perpetui
696 320 792 348 cum
825 306 1069 347 admirabili
1100 305 1425 360 incredibilique
1450 308 1646 348 constan-

306 365 370 406 tia
401 365 620 406 declarant
651 364 697 405 in
726 364 794 405 his
826 365 914 406 vim
947 367 990 406 et
1020 368 1208 406 mentem
1236 379 1327 406 esse
1354 365 1553 419 divinam,
1586 367 1646 418 ut,

307 424 413 465 haec
441 424 537 478 ipsa
563 423 636 478 qui
660 437 748 464 non
774 423 934 464 sentiat
959 424 1135 465 deorum
1160 424 1248 464 vim
1273 423 1443 477 habere,
1474 424 1511 465 is
1536 423 1646 464 nihil
1680 437 1685 462 ε

237 492 281 522 56
309 482 484 523 omnino
517 496 719 523 sensurus
752 495 844 523 esse
876 482 1082 524 videatur.
1131 481 1267 523 Nulla
1298 482 1432 538 igitur
1457 482 1502 523 in
1528 483 1645 524 caelo

307 555 384 583 nec
414 540 591 582 fortuna
620 555 699 582 nec
730 540 952 582 temeritas
982 556 1061 583 nec
1093 541 1251 583 erratio
1283 555 1360 583 nec
1391 540 1561 582 vanitas
1586 541 1647 581 in-

308 601 375 640 est
406 601 639 654 contraque
672 599 810 641 omnis
844 599 968 653 ordo,
1006 600 1185 654 veritas,
1222 600 1352 654 ratio,
1385 600 1646 653 constantia3

309 672 501 712 quaeque
527 658 595 699 his
622 661 777 700 vacant
803 659 1010 700 ementita
1035 661 1078 700 et
1101 659 1214 700 falsa
1238 659 1450 714 plenaque
1477 658 1646 712 erroris,

309 731 359 758 ea
396 717 556 759 circum
593 719 732 758 terras
769 716 882 758 infra
919 717 1085 771 lunam,
1124 732 1232 772 quae
1271 718 1461 759 omnium
1492 717 1685 759 ultiman

309 778 386 829 est,
418 776 464 817 in
494 776 705 830 terrisque
737 778 976 818 versantur.
1037 775 1299 818 Caelestium
1332 791 1434 832 ergo
1468 777 1648 818 admira-

307 834 439 876 bilem
478 835 670 876 ordinem
707 834 1086 890 incredibilemque
1124 836 1430 890 constantiam,
1475 850 1525 877 ex
1564 849 1648 889 qua

309 893 576 935 conservatio
619 896 661 935 et
702 894 818 935 salus
860 894 1051 936 omnium
1093 894 1230 935 omnis
1272 895 1425 948 oritur,
1468 894 1540 948 qui
1578 909 1648 935 va-

308 966 405 994 care
448 955 591 994 mente
635 955 779 1007 putat,
822 952 859 994 is
904 953 996 1008 ipse
1040 953 1196 994 mentis
1239 967 1388 1008 expers
1425 953 1647 994 habendus

237 1026 280 1057 57
309 1014 386 1052 est.
446 1010 575 1053 Haud
613 1026 734 1067 ergo,
774 1013 824 1053 ut
861 1012 1029 1066 opinor,
1071 1026 1288 1066 erravero,
1329 1012 1366 1053 si
1398 1027 1424 1053 a
1454 1011 1647 1067 principe
1667 1025 1685 1049 1³

306 1070 632 1126 investigandae
664 1070 861 1112 veritatis
894 1071 1020 1112 huius
1054 1071 1358 1126 disputationis
1390 1070 1648 1126 principium

309 1129 480 1170 duxero.

237 1189 293 1231 22
396 1187 510 1229 Zeno
535 1188 671 1244 igitur
694 1190 895 1229 naturam
915 1188 978 1229 ita
998 1188 1157 1243 definit,
1184 1191 1233 1230 ut
1254 1203 1348 1230 eam
1369 1188 1482 1230 dicat
1502 1189 1648 1244 ignem

308 1261 400 1288 esse
448 1247 746 1301 artificiosum,
790 1247 843 1289 ad
883 1247 1144 1302 gignendum
1181 1247 1529 1303 progredientem
1566 1247 1648 1288 via.

308 1305 465 1348 Censet
502 1306 615 1347 enim
656 1306 763 1347 artis
805 1321 1001 1347 maxume
1039 1307 1262 1361 proprium
1301 1321 1392 1348 esse
1431 1320 1574 1348 creare
1607 1308 1648 1347 et
1666 1318 1685 1343 ει

308 1365 502 1420 gignere3
541 1365 738 1419 quodque
775 1365 821 1406 in
859 1365 1059 1419 operibus
1091 1368 1339 1406 nostrarum
1372 1365 1530 1406 artium
1561 1379 1648 1406 ma-

306 1438 386 1464 nus
420 1424 590 1478 efficiat,
622 1424 665 1465 id
697 1424 834 1465 multo
868 1424 1142 1465 artificiosius
1169 1426 1369 1465 naturam
1396 1424 1573 1477 efficere,
1605 1423 1648 1464 id

309 1485 391 1536 est,
436 1485 485 1524 ut
522 1482 625 1538 dixi,
669 1483 815 1538 ignem
853 1482 1150 1537 artificiosum,
1194 1484 1451 1538 magistrum
1490 1483 1648 1525 artium

307 1542 582 1595 reliquarum.
632 1541 777 1596 Atque
808 1541 889 1583 hac
921 1541 1091 1596 quidem
1122 1542 1289 1583 ratione
1322 1542 1460 1584 omnis
1491 1544 1648 1583 natura

309 1601 542 1642 artificiosa
586 1603 668 1655 est,
714 1600 827 1655 quod
870 1600 1002 1642 habet
1041 1601 1163 1655 quasi
1200 1601 1315 1642 viam
1354 1601 1568 1656 quandam
1606 1603 1648 1642 et
1665 1613 1685 1647 2,

239 1668 284 1699 58
312 1663 487 1714 sectam,
521 1675 650 1714 quam
676 1662 891 1714 sequatur.
940 1658 1081 1714 Ipsius
1102 1674 1202 1702 vero
1223 1660 1381 1715 mundi,
1414 1660 1486 1714 qui
1507 1659 1649 1701 omnia
1682 1652 1685 1742 Ι1

309 1719 518 1773 conplexu
544 1733 621 1760 suo
649 1721 815 1760 coercet
835 1721 878 1759 et
897 1719 1100 1773 continet,
1132 1721 1288 1760 natura
1307 1734 1393 1760 non
1413 1719 1648 1760 artificiosa
1682 1743 1685 1787 s

309 1778 466 1831 solum,
512 1777 586 1819 sed
628 1778 757 1833 plane
796 1777 951 1819 artifex
995 1778 1049 1819 ab
1091 1778 1239 1819 eodem
1277 1777 1444 1819 Zenone
1483 1777 1648 1832 dicitur,
1680 1791 1683 1853 1

308 1836 546 1878 consultrix
601 1839 645 1878 et
698 1837 877 1891 provida
926 1837 1166 1878 utilitatum
1222 1836 1648 1891 oportunitatumque

309 1896 511 1937 omnium.
577 1895 722 1949 Atque
766 1898 814 1937 ut
857 1898 1021 1937 ceterae
1065 1898 1243 1937 naturae
1288 1896 1375 1936 suis
1415 1895 1685 1936 seminibus}¹

310 1968 502 2008 quaeque
529 1954 779 2010 gignuntur,
812 1957 1060 2010 augescunt,
1092 1955 1374 2008 continentur,
1407 1954 1467 1996 sic
1491 1957 1648 1995 natura

309 2013 457 2054 mundi
498 2013 636 2054 omnis
669 2016 811 2054 motus
845 2013 977 2054 habet
1008 2013 1276 2055 voluntarios
1309 2016 1572 2068 conatusque
1606 2015 1647 2054 et
1675 1998 1677 2051 l

309 2072 612 2126 adpetitiones,
654 2086 760 2126 quas
799 2068 937 2126 ὁρμάς
970 2071 1120 2113 Graeci
1158 2074 1333 2126 vocant,
1372 2074 1415 2113 et
1452 2071 1520 2113 his
1553 2079 1675 2119 con-‘J

308 2133 537 2172 sentaneas
580 2131 769 2172 actiones
812 2131 871 2172 sic
912 2131 1104 2183 adhibet,
1146 2132 1194 2172 ut
1230 2133 1400 2172 nosmet
1431 2131 1533 2186 ipsi,
1576 2130 1674 2185 qui}

308 2189 462 2231 animis
489 2204 712 2230 movemur
737 2192 780 2230 et
809 2189 1015 2231 sensibus.
1067 2189 1185 2230 Talis
1209 2190 1344 2245 igitur
1363 2204 1482 2231 mens
1502 2188 1647 2230 mundi
1670 2204 1673 2244 ᾗ

308 2263 403 2290 cum
442 2248 498 2289 sit
536 2248 590 2289 ob
631 2261 809 2302 eamque
848 2262 1021 2290 causam
1053 2249 1120 2289 vel
1152 2248 1380 2303 prudentia
1410 2248 1478 2290 vel
1510 2247 1647 2304 provi·
1669 2251 1677 2311 ᾖ

307 2307 452 2348 dentia
494 2306 705 2362 appellari
747 2309 861 2348 recte
902 2307 1041 2362 possit
1086 2306 1266 2360 (Graece
1307 2307 1419 2349 enim
1459 2305 1646 2362 πρόνοια
1667 2311 1675 2363 {i

1668 2353 1675 2538 l
