1685 2568
407 104 495 139 LIB.
521 103 582 139 VI.
617 103 717 138 CAP.
744 108 892 138 12—17.
919 107 938 145 ξ
966 108 1114 139 12—17.
1338 105 1425 146 373

91 214 199 255 quae
225 200 432 255 globosae
456 201 500 241 et
524 198 744 252 rotundae,
777 198 931 239 divinis
958 197 1173 239 animatae
1198 200 1426 253 mentibus,

90 258 271 301 circulos
313 273 412 300 suos
450 258 659 312 orbesque
698 257 927 299 conficiunt
965 256 1186 298 eeleritate
1225 257 1425 298 mirabili.

90 315 229 366 Quare
261 319 304 358 et
334 317 432 370 tibi,
462 316 608 370 Publi,
648 318 691 357 et
715 315 797 370 piis
831 315 1028 356 omnibus
1061 315 1308 356 retinendus
1341 316 1427 357 ani-

90 390 185 418 mus
218 378 284 417 est
314 375 360 417 in
390 375 584 417 custodia
616 374 806 429 corporis
838 388 915 415 nee
945 373 1112 415 iniussu
1145 373 1253 427 eius,
1286 389 1311 415 a
1343 388 1427 428 quo

54 446 71 473 5
89 434 163 475 ille
196 436 262 476 est
291 434 415 476 vobis
441 433 579 487 datus,
611 448 661 475 ex
686 432 910 474 hominum
935 432 1027 474 vita
1051 432 1325 487 migrandum
1352 435 1428 485 est,

88 507 142 535 ne
179 507 332 534 munus
369 493 604 534 humanum
642 491 915 547 adsignatum
954 505 980 533 a
1011 490 1088 533 deo
1123 490 1338 545 defugisse
1369 491 1428 532 vi-

90 552 287 593 deamini.
342 549 424 592 Sed
456 551 533 604 sie,
571 549 732 605 Scipio,
770 553 818 591 ut
856 564 960 591 avus
1000 548 1070 591 hio
1100 551 1218 604 tuus,
1256 552 1304 591 ut
1336 563 1428 604 ego,
1449 535 1499 617 112

90 610 163 665 qui
199 612 242 651 te
280 610 426 665 genui,
466 609 678 651 iustitiam
717 609 807 651 cole
845 611 888 650 et
925 608 1151 674 pietatem,
1193 623 1300 663 quae
1334 623 1429 650 cum

90 683 249 724 magna
291 669 336 709 in
378 668 628 723 parentibus
671 670 714 709 et
757 667 1028 722 propinquis,
1072 670 1164 708 tum
1204 667 1250 708 in
1286 667 1429 722 patria

38 740 71 765 10
90 728 278 769 maxima
321 730 404 781 est,
447 742 497 768 ea
533 727 625 768 vita
661 726 732 768 via
769 729 834 767 est
871 726 915 766 in
953 727 1117 768 caelum
1156 728 1198 767 et
1234 725 1280 766 in
1317 725 1429 767 hune

90 789 258 828 coetum
302 800 467 840 eorum,
511 786 584 840 qui
627 785 713 827 iam
757 785 956 826 vixerunt
999 787 1042 826 et
1079 799 1257 839 corpore
1295 784 1431 825 laxati

88 845 211 887 illum
257 844 450 887 incolunt
493 845 653 898 locum,
698 858 823 898 quem
867 843 1003 897 vides,
1047 840 1160 898 (erat
1204 845 1348 885 autem
1393 843 1430 884 is

90 903 437 958 splendidissimo
477 903 659 945 candore
697 902 808 943 inter
843 902 1038 943 flammas
1072 902 1208 943 circus
1241 900 1430 957 elucens)

91 977 216 1017 quem
247 977 336 1016 vos,
367 965 416 1004 ut
447 978 472 1004 a
499 961 640 1004 Graiis
673 961 909 1015 accepistis,
942 961 1089 1002 orbem
1116 961 1302 1002 lacteum
1326 975 1432 1002 nun·

38 1033 71 1059 15
91 1021 276 1076 cupatis;
320 1036 371 1063 ex
413 1035 496 1076 quo
536 1021 680 1062 omnia
717 1020 823 1061 mihi
861 1020 1173 1074 contemplanti
1209 1020 1432 1074 praeclara

90 1083 234 1122 cetera
266 1082 309 1122 et
340 1079 558 1121 mirabilia
583 1079 848 1121 videbantur.
897 1078 1036 1119 Erant
1063 1081 1207 1119 autem
1233 1093 1305 1119 eae
1333 1078 1432 1119 stel-

90 1139 177 1192 lae,
210 1153 316 1193 quas
346 1154 582 1193 numquam
614 1152 665 1179 ex
695 1137 777 1180 hoo
808 1138 902 1179 loeo
934 1137 1131 1190 vidimus,
1164 1140 1207 1178 et
1239 1151 1312 1178 eae
1345 1152 1431 1178 ma-

92 1198 336 1253 gnitudines
370 1198 574 1251 omnium,
606 1211 711 1251 quas
744 1211 836 1238 esse
867 1210 1102 1250 numquam
1133 1196 1341 1251 suspicati
1367 1210 1432 1236 su-

91 1270 198 1309 muS,
230 1270 281 1298 ex
313 1256 468 1310 quibus
501 1258 593 1298 erat
625 1270 676 1297 ea
706 1255 895 1309 minima,
928 1269 1036 1309 quae
1068 1255 1224 1296 ultima
1253 1269 1278 1296 a
1303 1255 1433 1308 eaelo,

38 1327 72 1353 20
91 1315 238 1357 citima
274 1328 302 1356 a
324 1315 459 1356 >terris
492 1315 585 1357 luce
616 1314 788 1356 lucebat
819 1314 971 1355 aliena.
1022 1311 1255 1355 Stellarum
1289 1316 1434 1355 autem

92 1374 212 1429 globi
243 1376 384 1415 terrae
416 1374 757 1429 magnitudinem
783 1372 909 1414 facile
936 1372 1175 1414 vincebant.
1219 1371 1313 1414 Iam
1338 1372 1434 1427 ipsa

90 1435 208 1474 terra
247 1432 310 1473 ita
347 1432 454 1474 mihi
485 1447 620 1487 parva
651 1432 745 1474 visa
776 1434 858 1485 est,
901 1433 951 1473 ut
982 1446 1050 1473 me
1080 1431 1252 1485 imperii
1282 1430 1434 1485 nostri,

92 1505 176 1546 quo
209 1491 331 1546 quasi
361 1494 569 1546 punctum
602 1491 691 1533 eius
723 1490 992 1546 attingimus,
1023 1490 1274 1546 paeniteret

181 1548 319 1599 Quam
344 1564 440 1592 oum
459 1550 598 1605 magis
618 1550 820 1604 intuerer,
846 1548 1026 1604 Quaeso,
1051 1549 1192 1604 inquit
1212 1549 1375 1591 Africa·
1387 1533 1504 1580 17(4)

39 1620 73 1647 25
91 1623 190 1675 nus,
235 1623 454 1663 quousque
494 1609 616 1650 humi
659 1608 796 1650 defixa
835 1611 912 1650 tua
949 1622 1069 1649 mens
1108 1608 1218 1650 erit?
1279 1586 1480 1650 Nonne1⁷

93 1667 266 1723 aspicis,
306 1682 413 1722 quae
448 1668 496 1709 in
530 1667 698 1722 templa
734 1667 934 1709 veneris?
995 1666 1165 1708 Novem
1204 1667 1286 1708 tibi
1324 1666 1434 1708 orbi-

91 1727 172 1768 bus
216 1727 284 1768 vel
329 1726 473 1781 potius
518 1727 660 1782 globis
704 1741 864 1768 conexa
907 1728 1008 1767 sunt
1045 1725 1207 1779 omnia,
1252 1740 1435 1780 quorum

91 1799 201 1827 unus
233 1788 300 1826 est
330 1785 542 1839 caelestis,
573 1788 783 1839 extumus‚
816 1785 889 1840 qui
919 1784 1109 1839 reliquos
1142 1798 1290 1826 omnes
1323 1799 1434 1826 eom-

92 1844 313 1900 plectitur,
350 1858 541 1886 summus
578 1844 670 1899 ipse
708 1844 810 1886 deus
848 1858 996 1885 arcens
1035 1845 1079 1885 et
1116 1843 1339 1885 continens
1372 1858 1434 1884 ee·

41 1914 75 1941 so
92 1906 227 1957 teros3
269 1902 315 1944 in
353 1917 436 1957 quo
475 1905 576 1944 sunt
611 1902 732 1944 infixi
768 1903 851 1956 ssli,
890 1903 963 1957 qui
999 1902 1250 1956 volvuntur,
1288 1902 1434 1943 stella-

93 1977 187 2003 rum
220 1976 367 2004 cursus
401 1961 668 2017 sempiterni;
708 1962 775 2004 eui
806 1961 987 2003 subiecti
1018 1963 1119 2002 sunt
1150 1963 1329 2016 septem,
1362 1960 1434 2015 qui

92 2023 320 2062 versantur
367 2023 484 2062 retro
535 2020 749 2062 contrario
799 2023 920 2062 motu
969 2022 1100 2075 atque
1150 2020 1334 2074 caelum3
1385 2034 1433 2060 ex

95 2081 249 2133 quibus
291 2094 424 2121 unum
468 2079 647 2135 globum
683 2079 876 2134 possidet
911 2079 1006 2133 illa,
1051 2093 1180 2133 quam
1221 2078 1266 2119 in
1306 2078 1433 2119 terris

93 2136 341 2187 Saturniam
388 2138 626 2180 nominant.
692 2137 856 2179 Deinde
905 2139 972 2179 est
1019 2137 1243 2179 hominum
1289 2136 1434 2191 generi

40 2207 75 2234 ³5
93 2211 323 2252 prosperus
361 2199 405 2239 et
441 2196 644 2238 salutaris
681 2196 756 2237 ille
792 2196 956 2252 fulgor,
995 2196 1068 2251 qui
1106 2196 1261 2237 dieitur
1298 2194 1433 2248 Iovis3

93 2258 187 2297 tum
222 2255 379 2298 rutilus
416 2255 723 2309 horribilisque
753 2255 900 2310 terris,
938 2269 1065 2309 quem
1095 2254 1302 2296 Martium
1335 2253 1432 2294 diei-

93 2314 170 2369 tis3
200 2313 349 2356 deinde
387 2315 535 2356 subter
571 2314 756 2356 mediam
786 2314 875 2356 fere
906 2314 1128 2369 regionem
1156 2313 1222 2355 sol
1254 2311 1437 2363 obtinet,
