1685 2568
430 68 517 104 LIB.
543 68 588 103 ΙΙ.
625 67 723 102 CAP.
753 72 904 103 35—37.
938 71 958 110 ἓ
985 70 1136 102 89—95.
1399 66 1452 106 79

112 163 158 207 Si
191 164 363 220 quidem
394 179 473 217 nos
498 179 586 207 non
612 163 734 218 quasi
755 162 917 204 Graece
943 162 1192 216 loquentem
1219 161 1453 203 audiamus.

112 223 250 266 Docet
282 223 394 265 idem
427 224 513 265 alio
544 223 655 264 loco:

233 305 529 361 Graiugena
560 303 615 345 de
647 303 780 346 istoc
813 303 981 358 aperit
1012 303 1125 358 ipsa
1156 300 1336 344 oratio.

113 386 196 429 Sed
228 387 281 429 ad
312 387 476 429 maiora
505 385 740 427 redeamus,
795 384 861 427 Ex
893 384 1066 426 aethere
1097 384 1232 440 igitur
1262 384 1452 425 innume-

77 459 93 485 5
113 447 270 488 rabiles
310 446 507 488 flammae
546 444 734 486 siderum
765 444 995 498 exsistunt,
1033 457 1214 497 quorum
1246 444 1311 483 est
1341 442 1455 497 prin-

114 520 213 560 ceps
258 505 323 547 sol
368 503 511 546 omnia
554 503 795 545 clarissima
835 503 928 544 luce
969 502 1262 556 conlustrans,
1305 500 1454 542 multis

113 564 311 619 partibus
352 563 490 604 maior
530 564 659 616 atque
700 561 886 616 amplior
923 575 1052 615 quam
1090 562 1207 602 terra
1243 560 1456 613 universa,

114 622 264 664 deinde
295 622 460 676 reliqua
486 621 626 662 sidera
651 620 1017 675 magnitudinibus
1043 619 1262 661 inmensis.
1311 618 1455 672 Atque

113 681 159 722 hi
195 681 309 722 tanti
346 681 469 736 ignes
507 682 680 734 tamque
719 679 847 720 multi
883 693 971 720 non
1002 678 1128 720 modo
1159 677 1269 719 nihil
1301 679 1457 718 nocent

61 753 94 778 1ο
114 740 241 781 101113
274 739 487 793 rebusque
523 738 821 793 terrestribus,
864 737 939 779 sed
975 737 1039 779 ita
1074 739 1273 792 prosunt,
1317 737 1382 790 ut,
1419 735 1457 776 si

113 801 233 840 mota
263 798 357 840 1000
391 797 489 852 31111,
521 797 784 852 conflagrare
815 799 953 838 terras
984 810 1158 838 necesse
1191 796 1248 837 sit
1274 809 1299 836 a
1324 793 1456 836 tantis

114 857 337 899 ardoribus
370 856 663 898 moderatione
695 858 738 897 et
769 855 1080 909 temperatione
1113 854 1297 896 sublata.

200 927 284 969 Hic
316 941 396 983 ego
426 941 514 968 non
545 926 676 967 mirer
708 940 799 968 esse
832 940 1108 980 quemquam,
1147 925 1220 979 qui
1251 924 1335 966 sibi
1365 939 1458 980 per-

115 986 294 1028 suadeat
325 1000 507 1041 corpora
539 985 749 1039 quaedam
781 984 917 1026 solida
950 987 1078 1038 atque
1103 983 1323 1025 individua
1348 985 1390 1025 vi
1417 986 1460 1025 et

62 1057 95 1084 15
116 1046 332 1102 gravitate
357 1044 473 1098 ferri,
498 1044 787 1098 mundumque
814 1043 925 1085 effici
951 1042 1274 1084 ornatissimum
1301 1044 1344 1084 et
1368 1043 1460 1097 pul·

115 1104 375 1146 cherrimum
413 1118 464 1144 ex
502 1117 649 1144 eorum
681 1116 908 1157 corporum
941 1101 1218 1143 concursione
1247 1101 1459 1143 fortuita?

113 1162 209 1205 Hoc
247 1162 320 1216 qui
358 1161 576 1203 existimat
612 1161 706 1202 fieri
742 1160 954 1215 potuisse,
997 1174 1085 1202 non
1115 1160 1342 1215 intellego,
1386 1175 1460 1202 cur

113 1236 202 1263 non
232 1221 345 1262 idem
376 1222 513 1275 putet,
545 1219 582 1261 si
612 1219 947 1260 innumerabiles
973 1218 1098 1260 unius
1126 1221 1168 1260 et
1194 1218 1352 1274 viginti
1375 1218 1460 1261 sor·

115 1294 210 1322 mae
242 1280 487 1321 litterarum
518 1279 587 1320 vel
621 1292 773 1319 aureae
804 1278 873 1319 vel
906 1277 1168 1333 qualeslibet
1201 1278 1345 1332 aliquo
1378 1278 1460 1320 coi-

62 1351 96 1377 20
115 1340 296 1394 ciantur,
327 1352 454 1394 posse
488 1352 538 1379 ex
563 1337 616 1378 iis
642 1337 687 1378 in
712 1340 874 1378 terram
900 1336 1087 1378 excussis
1114 1336 1291 1377 annales
1316 1335 1459 1391 Ennii,

114 1401 164 1440 ut
195 1397 392 1452 deinceps
426 1396 514 1452 legi
544 1396 727 1451 possint,
760 1395 888 1450 effici3
921 1396 1034 1450 quod
1065 1395 1209 1437 nescio
1242 1410 1297 1436 an
1327 1410 1381 1437 ne
1414 1395 1460 1437 in

114 1471 200 1499 uno
234 1456 406 1512 quidem
437 1469 564 1497 versu
594 1455 735 1510 possit
765 1457 937 1496 tantum
969 1455 1111 1496 valere
1136 1454 1323 1496 fortuna.
1379 1453 1460 1496 Isti

116 1518 261 1558 autem
294 1529 420 1570 quem
447 1513 501 1556 ad
525 1514 700 1556 modum
727 1514 983 1555 adseverant
1008 1528 1058 1555 ex
1084 1513 1349 1568 corpusculis
1374 1528 1462 1555 11011

117 1575 277 1628 calore,
314 1588 403 1616 non
443 1573 653 1628 qualitate
693 1573 854 1627 aliqua,
892 1587 1022 1627 quam
1058 1570 1271 1626 ποιότητα
1309 1571 1462 1614 Graeci

63 1645 97 1671 25
116 1635 284 1688 vocant,
315 1647 403 1675 non
429 1646 556 1674 sensu
580 1631 800 1687 praeditis,
827 1631 901 1673 sed
928 1631 1280 1673 concurrentibus
1300 1633 1460 1673 temere

117 1695 246 1747 atque
273 1706 375 1734 casu
399 1691 605 1733 mundum
631 1705 723 1732 esse
748 1690 999 1746 perfectum,
1030 1689 1099 1732 vel
1124 1689 1461 1732 innumerabiles

116 1751 261 1807 potius
293 1750 339 1792 in
370 1749 487 1792 omn-i
518 1752 677 1805 puncto
709 1749 918 1805 temporis
951 1749 1059 1791 alios
1089 1748 1226 1804 nasci,
1259 1749 1367 1791 alios
1399 1749 1461 1790 in-

116 1810 276 1852 terire?
351 1808 513 1858 Quodsi
564 1808 770 1850 mundum
819 1807 986 1850 efficere
1035 1810 1181 1863 potest
1230 1822 1461 1850 concursus

119 1871 380 1923 atomorum,
417 1883 492 1911 cur
522 1867 755 1923 porticum,
794 1882 868 1909 cur
897 1867 1128 1922 templum,
1169 1881 1244 1909 cur
1275 1867 1462 1921 domum,

67 1940 100 1965 30
121 1942 195 1969 cur
231 1928 383 1969 urbem
419 1941 507 1969 non
542 1927 717 1982 potest?
762 1941 870 1981 quae
902 1928 1003 1968 sunt
1034 1926 1174 1967 minus
1206 1940 1388 1981 operosa
1419 1928 1463 1967 et

118 1986 256 2028 multo
295 1986 465 2041 quidem
500 1985 708 2028 faciliora.
769 1984 896 2028 Certe
932 1985 996 2026 ita
1026 1987 1188 2026 temere
1221 1984 1271 2026 de
1302 1985 1460 2026 mundo

119 2045 330 2100 effutiunt,
361 2048 409 2087 ut
434 2045 541 2086 mihi
569 2044 740 2100 quidem
764 2059 999 2099 numquam
1025 2043 1137 2086 hunc
1163 2043 1462 2085 admirabilem

120 2104 228 2146 caeli
260 2106 476 2158 ornatum,
509 2104 582 2159 qui
613 2104 732 2145 locus
767 2105 832 2145 est
863 2103 1097 2158 proximus,
1129 2102 1371 2158 suspexisse
1402 2102 1462 2144 vi-

120 2163 311 2204 deantur.
379 2162 604 2205 Praeclare
655 2176 758 2218 01ἓο
802 2161 1081 2204 Aristoteles:
1134 2160 1207 2203 eSi
1256 2160 1460 2214 essent',

69 2232 102 2259 ⁵5
120 2221 274 2276 inquit,
307 2221 414 2276 ‘qui
446 2222 537 2263 sub
568 2224 710 2263 terra
741 2235 940 2275 semper
965 2220 1353 2263 habitavissent
1378 2220 1461 2261 bo-

117 2281 197 2322 nis
239 2283 288 2321 et
325 2280 641 2322 inlustribus
681 2279 980 2334 domiciliis,
1018 2294 1144 2335 quae
1182 2280 1354 2320 essent
1386 2292 1462 2319 or·

1480 391 1523 422 92

1471 895 1525 938 37

1483 948 1526 979 93

1486 1459 1531 1490 94

1487 2167 1529 2199 95
