1685 2568
386 125 475 160 ΜΒ.
501 125 564 161 111.
598 124 698 160 CAP.
726 127 875 160 28—30.
907 128 927 167 ς,
954 128 1103 160 71-75.
1333 126 1416 167 133

80 218 191 269 Quid
223 221 355 276 ergo?
386 221 461 262 isti
492 220 597 275 doli,
629 219 759 274 quid‘?
791 219 1026 274 machinae,
1059 220 1188 275 quid?
1219 220 1417 262 fallaciae

79 279 447 335 praestrigiaeque
483 294 587 321 num
625 279 714 320 sine
752 279 919 320 ratione
952 293 1044 320 esse
1075 279 1338 334 potuerunt?
1383 278 1417 320 Ο

79 337 349 392 praeclarum
380 352 534 380 munus
566 337 757 379 deorum!
790 340 839 378 ut
869 337 1074 379 Phormio
1099 337 1239 393 possit
1264 337 1418 379 dicere:

169 407 300 450 Cedo
333 423 518 462 senem3
549 408 648 449 iam
674 408 935 450 instructa
960 410 1079 449 sunt
1105 408 1170 448 mi
1194 407 1245 448 in
1271 406 1420 449 corde

925 466 1149 508 consilia
1181 466 1360 507 omnia.

44 562 60 588 5
81 548 164 592 Sed
195 564 395 591 exeamus
427 564 449 591 e
480 549 672 603 theatro,
702 549 924 591 veniamus
955 549 1001 590 in
1031 548 1184 591 forum.
1247 547 1420 590 Sessum
1447 576 1492 606 74

79 609 115 649 it
145 611 331 663 praetor.
383 607 494 657 Quid
524 610 573 649 ut
603 607 842 650 iudicetur?
886 607 968 657 Qui
993 607 1258 649 tabularium
1283 607 1422 648 incen-

80 667 203 709 derit.
252 666 374 716 Quod
403 666 569 708 facinus
597 667 835 708 occultius?
879 666 930 708 Id
955 681 999 708 se
1026 665 1073 715 Q.
1097 665 1257 720 Sosius,
1283 666 1423 721 splen-

80 725 202 767 didus
229 739 356 780 eques
376 725 596 767 Romanus
623 740 674 767 ex
700 739 806 781 agro
825 725 994 780 Piceno,
1024 725 1176 767 fecisse
1203 725 1422 767 confessus

80 786 158 826 est.
215 783 296 833 Qui
326 784 673 840 transscripserit
705 785 878 826 tabulas
909 784 1117 840 publicas.
1172 783 1223 826 Id
1252 797 1421 839 quoque

27 856 60 882 ιο
78 843 124 885 L.
144 843 307 885 Alenus
326 843 442 898 fecit,
461 858 557 885 cum
577 843 914 899 chirographum
934 858 1007 885 sex
1026 843 1265 899 primorum
1283 842 1424 884 imita-

78 905 150 944 tus
182 904 258 945 est.
309 901 419 951 Quid
449 902 532 944 hoc
562 902 735 944 homine
766 902 1014 944 sollertius?
1066 901 1288 958 Cognosce
1315 901 1423 943 alias

80 961 366 1016 quaestiones
398 961 491 1003 auri
514 961 755 1016 Tolossani,
787 961 1095 1003 coniurationis
1121 961 1424 1017 Iugurthinae3

78 1022 225 1075 repete
269 1020 508 1075 superiora,
552 1019 710 1061 Tubuli
754 1020 804 1061 de
844 1020 1024 1075 pecunia
1067 1022 1194 1075 capta
1238 1020 1292 1061 ob
1333 1034 1424 1061 rem

79 1078 362 1133 iudicandam,
392 1078 646 1134 posteriora,
672 1079 722 1120 de
748 1079 914 1120 incestu
939 1079 1167 1134 rogatione
1191 1078 1426 1132 Peducaea,

27 1151 60 1176 15
81 1140 173 1179 tum
197 1137 303 1180 haec
323 1137 550 1192 cotidiana,
582 1137 706 1192 sicae,
737 1137 901 1192 veneni,
931 1138 1168 1193 peculatus,
1194 1140 1424 1179 testamen-

79 1199 224 1238 torum
262 1196 393 1238 etiam
431 1196 527 1252 lege
558 1210 672 1238 nova
703 1196 988 1251 quaestiones.
1049 1195 1154 1237 Inde
1184 1196 1261 1237 illa
1294 1195 1424 1238 actio:

81 1266 168 1298 OPE
196 1266 502 1306 CONSILIOQUE
529 1266 621 1297 TUO
647 1266 838 1297 FURTUM
863 1266 942 1298 AIO
968 1265 1157 1296 FACTUM
1177 1266 1301 1309 ESSE,
1325 1254 1424 1296 inde

79 1316 147 1356 tot
177 1314 335 1356 iudicia
365 1313 416 1356 de
446 1313 530 1355 fide
562 1314 694 1368 mala,
726 1314 908 1369 tutelae,
941 1314 1151 1367 mandati,
1182 1328 1262 1369 pro
1296 1313 1424 1368 socio,

78 1373 270 1428 fiduciae,
301 1373 479 1428 reliqua,
511 1387 619 1428 quae
651 1387 702 1414 ex
734 1375 879 1428 empto
912 1375 988 1415 aut
1018 1373 1192 1415 vendito
1225 1374 1300 1414 aut
1329 1387 1424 1414 con-

27 1444 62 1470 20
81 1432 207 1474 ducto
252 1434 327 1474 aut
370 1432 513 1474 locato
558 1434 710 1474 contra
748 1432 875 1473 fidem
916 1431 1043 1487 fiunt,
1085 1432 1184 1473 inde
1220 1431 1425 1474 iudicium

79 1491 300 1547 publicum
330 1491 394 1533 rei
417 1491 614 1546 privatae
639 1491 736 1546 lege
755 1490 987 1546 Plaetoria,
1018 1491 1116 1532 inde
1142 1490 1426 1533 everriculum

80 1550 348 1592 malitiarum
393 1550 605 1604 omnium,
648 1550 853 1592 iudicium
898 1550 948 1591 de
993 1550 1089 1592 dolo
1134 1549 1269 1604 malo,
1313 1549 1427 1604 quod

82 1608 126 1652 C.
157 1609 395 1665 Aquillius,
425 1608 656 1651 familiaris
687 1612 847 1664 noster,
878 1609 1082 1665 protulit3
1121 1623 1247 1664 quem
1280 1608 1425 1650 dolum

79 1668 194 1710 idem
219 1668 438 1723 Aquillius
469 1671 564 1710 tum
594 1668 732 1709 teneri
761 1670 901 1724 putat,
933 1683 1043 1710 cum·
1061 1668 1178 1710 aliud
1209 1667 1267 1709 sit
1299 1667 1426 1709 simu-

29 1739 63 1765 25
81 1728 231 1782 latum,
264 1727 381 1769 aliud
413 1729 567 1769 actum.
616 1726 740 1769 Hanc
770 1727 907 1783 igitur
931 1729 1102 1769 tantam
1128 1742 1154 1769 a
1179 1726 1242 1768 dis
1268 1726 1425 1768 inmor-

80 1787 243 1829 talibus
288 1786 551 1828 arbitramur
588 1786 803 1828 malorum
841 1786 1068 1828 sementim
1107 1799 1199 1828 esse
1236 1785 1426 1827 factam?

83 1844 128 1887 Si
169 1846 281 1888 enim
324 1845 537 1887 rationem
577 1845 824 1887 hominibus
867 1845 910 1886 di
948 1845 1173 1900 dederunt,
1212 1844 1428 1886 malitiam

83 1904 306 1959 dederunt3
338 1907 404 1947 est
435 1904 549 1946 enim
580 1904 750 1946 malitia
780 1906 956 1946 versuta
987 1906 1031 1946 et
1054 1903 1191 1946 fallax
1215 1903 1329 1945 ratio
1354 1917 1427 1945 no-

83 1963 222 2018 cendi3
251 1963 381 2005 iidem
413 1963 545 2005 etiam
576 1963 619 2004 di
648 1963 845 2005 fraudem
877 1963 1097 2017 dederunt,
1128 1962 1295 2004 facinus
1320 1964 1427 2004 cete-

29 2033 64 2058 3ο
83 2037 227 2077 raque,
259 2037 440 2077 quorum
469 2022 580 2063 nihil
610 2036 688 2064 nec
717 2022 878 2078 suscipi
903 2022 995 2064 sine
1021 2022 1188 2064 ratione
1212 2035 1291 2063 nec
1317 2020 1428 2063 effici

31 2089 36 2095 '
82 2083 240 2136 potest.
304 2080 552 2123 ‘Utinam'
584 2081 732 2137 igitur,
763 2084 812 2123 ut
843 2081 922 2123 illa
953 2095 1060 2123 anus
1093 2082 1230 2137 optat,

576 2166 636 2193 ne
667 2152 719 2193 in
748 2167 952 2194 nemore
984 2151 1129 2194 Pelio
1162 2151 1426 2193 securibus

179 2209 370 2252 Caesae
431 2210 744 2253 accidissent
805 2211 1055 2266 abiegnae
1117 2210 1177 2252 ad
1237 2210 1427 2252 terram

930 2270 1127 2324 trabes,

84 2338 145 2382 sic
174 2340 306 2382 istam
337 2339 621 2382 calliditatem
650 2339 899 2382 hominibus
927 2339 970 2380 di
994 2354 1048 2381 ne
1075 2338 1309 2380 dedissent!
1344 2309 1428 2392 qua

1435 524 1491 566 30

1453 1732 1496 1766 75
