1685 2568
212 185 233 213 9

192 828 233 858 10

206 1177 233 1215 4

193 1709 232 1738 11

260 75 317 117 50
683 73 747 107 DE
772 73 975 108 NATURA
999 73 1204 108 DEORUM

260 169 377 212 cuitu
410 170 596 223 deorum,
627 170 765 211 multo
793 169 1045 224 superiores.
1095 168 1166 210 An
1190 168 1288 211 Atti
1306 169 1437 212 Navii
1462 170 1596 212 lituus

258 229 345 282 ille,
378 243 460 283 quo
493 229 546 270 ad
577 228 924 283 investigandum
957 243 1076 269 suem
1106 228 1304 283 regiones
1335 229 1483 270 vineae
1515 232 1597 270 ter-

260 288 457 340 minavit,
490 287 823 329 contemnendus
857 287 951 328 est‘?
1013 286 1259 340 Crederem,
1289 287 1374 329 nisi
1405 288 1494 329 eius
1527 303 1597 329 au-

261 347 383 402 gurio
419 361 492 387 rex
523 345 740 387 Hostilius
772 345 960 386 maxima
990 346 1106 387 bella
1139 346 1354 400 gessisset.
1416 345 1498 388 Sed
1528 361 1597 387 ne—

260 405 481 461 glegentia
510 404 754 445 nobilitatis
787 404 956 459 augurii
988 404 1215 458 disciplina
1246 405 1406 446 omissa
1436 406 1596 446 veritas

260 464 547 518 auspiciorum
580 465 725 517 spreta
758 464 841 516 est,
879 463 1039 517 species
1071 465 1243 504 tantum
1273 466 1453 505 retenta.
1513 463 1598 504 Ita-

259 537 339 576 que
372 522 584 562 maximae
616 521 678 562 rei
709 521 906 576 publicae
930 524 1088 576 partes,
1119 522 1164 562 in
1189 522 1256 562 his
1284 522 1410 577 bella,
1444 522 1597 576 quibus

258 581 320 622 rei
351 581 547 635 publicae
580 580 695 620 salus
729 579 989 634 continetur,
1025 580 1157 621 nullis
1190 580 1390 635 auspiciis
1423 581 1599 622 admini-

259 642 464 693 strantur,
495 639 617 680 nulla
647 638 867 693 peremnia
898 641 1135 693 servantur,
1166 640 1287 680 nulla
1319 653 1370 680 ex
1396 639 1599 681 acumini-

258 699 356 752 bus,
396 698 534 752 nulla,
578 711 669 739 cum
705 697 787 738 viri
825 700 1048 751 vocantur,
1093 712 1143 739 ex
1181 712 1263 751 quo
1301 698 1347 738 in
1377 698 1599 752 procinctu

259 759 521 798 testamenta
557 756 788 811 perierunt.
849 754 958 796 Tum
990 756 1102 797 enim
1133 756 1249 797 bella
1281 771 1428 812 gerere
1459 757 1600 798 nostri

261 816 387 857 duces
431 815 658 869 incipiunt,
704 829 800 856 cum
844 814 1035 869 auspicia
1077 818 1323 870 posuerunt.
1396 815 1457 857 At
1499 830 1599 857 vero

259 875 372 929 apud
404 875 587 915 maiores
619 876 743 914 tanta
774 873 997 928 religionis
1028 873 1093 914 vis
1124 873 1219 927 fuit,
1251 876 1299 915 ut
1326 874 1499 928 quidam
1524 875 1600 915 im-

258 936 479 989 peratores
507 933 637 974 etiam
664 947 709 973 se
735 932 852 987 ipsos
881 932 944 972 dis
970 931 1274 973 inmortalibus
1297 933 1436 987 capite
1455 934 1599 975 velato
1676 987 1677 991 Ἰ

259 992 400 1033 verbis
445 991 573 1034 certis
617 1006 694 1046 pro
738 1005 784 1032 re
827 990 1000 1045 publica
1037 991 1304 1032 devoverent.
1371 991 1511 1033 Multa
1549 1007 1598 1033 ex
1620 1005 1679 1032 15⁸

259 1049 482 1105 Sibyllinis
524 1050 923 1104 vaticinationibus,
968 1050 1107 1090 multa
1145 1064 1195 1091 ex
1232 1050 1507 1104 haruspicum
1539 1066 1599 1092 re-

260 1110 428 1165 sponsis
456 1123 790 1151 commemorare
816 1123 1004 1163 possum,
1030 1109 1184 1162 quibus
1212 1123 1261 1150 ea
1284 1109 1599 1163 confirmentur,

261 1184 368 1224 quae
407 1169 536 1209 dubia
566 1167 728 1209 nemini
760 1167 915 1208 debent
947 1182 1049 1208 esse.
1110 1167 1247 1221 Atqui
1279 1170 1322 1209 et
1351 1171 1599 1210 nostrorum

260 1242 471 1283 augurum
515 1229 558 1268 et
600 1226 882 1268 Etruscorum
922 1226 1198 1280 haruspicum
1243 1226 1513 1281 disciplinam
1553 1227 1598 1268 P.

259 1285 455 1341 Scipione
482 1284 527 1327 G.
552 1284 707 1340 Figulo
741 1285 985 1327 consulibus
1018 1299 1085 1326 res
1117 1285 1212 1340 ipsa
1239 1286 1459 1340 probavit3
1492 1301 1598 1340 quos
1618 1300 1652 1325 20
1675 1283 1679 1328 l

260 1361 355 1388 cum
387 1345 449 1386 Ti.
483 1343 699 1386 Gracchus
738 1344 886 1385 consul
925 1343 1081 1385 iterum
1119 1346 1300 1398 crearet,
1338 1344 1502 1399 primus
1534 1359 1599 1386 ro-

261 1407 404 1460 gator,
445 1406 493 1445 ut
537 1417 609 1444 eos
648 1402 839 1456 rettulit,
882 1402 1041 1443 ibidem
1083 1405 1148 1443 est
1185 1405 1360 1458 repente
1391 1406 1598 1445 mortuus

261 1463 479 1504 Gracchus
511 1476 607 1503 cum
634 1461 808 1503 comitia
831 1461 967 1502 nihilo
994 1461 1134 1502 minus
1160 1461 1399 1516 peregisset
1424 1477 1598 1517 remque

259 1523 381 1563 illam
412 1521 458 1562 in
489 1521 744 1575 religionem
775 1520 935 1575 populo
967 1520 1134 1561 venisse
1167 1520 1363 1574 sentiret,
1395 1521 1449 1562 ad
1480 1535 1598 1562 sena-

259 1584 352 1623 tum
390 1579 572 1621 rettulit.
634 1577 834 1633 Senatus,
876 1593 982 1633 quos
1021 1579 1075 1620 ad
1110 1579 1284 1633 soleret,
1330 1579 1597 1621 referendum
1618 1592 1679 1628 25⁴

260 1639 435 1682 censuit.
482 1637 745 1693 Haruspices
769 1637 1004 1680 introducti
1029 1638 1342 1692 responderunt
1360 1653 1447 1680 non
1465 1638 1598 1680 fuisse

261 1699 423 1739 iustum
465 1697 737 1739 comitiorum
768 1699 1026 1751 rogatorem.
1088 1696 1197 1737 Tum
1230 1696 1464 1751 Gracchus,
1496 1700 1544 1738 ut
1576 1712 1598 1739 e

259 1760 382 1812 patre
410 1756 647 1810 audiebam,
673 1756 869 1797 incensus
895 1756 977 1796 ira:
1011 1755 1178 1796 ‘Itane
1203 1756 1350 1798 vero?
1383 1770 1474 1811 ego
1500 1771 1598 1798 non

259 1817 450 1870 iustus,
495 1815 583 1870 qui
624 1817 673 1856 et
711 1815 889 1856 consul
927 1814 1108 1870 rogavi
1146 1817 1196 1855 et
1233 1828 1393 1870 augur
1431 1817 1479 1856 et
1517 1830 1597 1856 au-

261 1874 492 1930 spicato?
534 1888 595 1915 an
624 1888 713 1915 vos
744 1873 896 1915 Tusci
928 1888 982 1914 ac
1013 1873 1222 1914 barbari
1254 1873 1596 1927 auspiciorum
1616 1885 1647 1910 3ο

259 1933 439 1989 populi
470 1932 685 1974 Romani
722 1932 811 1973 ius'
838 1932 1028 1973 tenetis
1061 1934 1109 1972 et
1140 1932 1454 1986 interpretes
1487 1947 1597 1974 esse
1670 1934 1671 1939 ’

260 1992 587 2034 comitiorum
635 1990 913 2045 potestiSP'
992 1990 1143 2044 Itaque
1193 1993 1285 2031 tum
1334 1991 1434 2032 illos
1484 1991 1596 2032 exire

258 2051 396 2092 iussit.
457 2049 564 2091 Post
602 2052 745 2090 autem
778 2064 799 2090 e
830 2049 1050 2104 provincia
1081 2049 1250 2090 litteras
1283 2049 1337 2090 ad
1368 2050 1596 2105 collegium

261 2110 379 2151 misit
421 2124 481 2162 se,
523 2123 619 2150 cum
660 2109 823 2163 legeret
864 2108 1015 2162 libros,
1054 2108 1325 2149 recordatum
1363 2123 1454 2149 esse
1491 2109 1595 2150 vitio
1670 2151 1671 2155 ,

261 2169 343 2210 sibi
386 2167 713 2209 tabernaculum
757 2169 929 2222 captum
972 2167 1104 2207 fuisse
1150 2167 1317 2218 [hortos
1356 2165 1671 2227 Scipionis],3⁵,

262 2227 386 2282 quod,
419 2242 514 2268 cum
539 2225 779 2281 pomerium
803 2228 955 2280 postea
980 2225 1185 2266 intrasset
1213 2226 1408 2269 habendi
1424 2228 1596 2267 senatus
1670 2236 1671 2243 ¹

260 2300 405 2337 causa,
448 2285 493 2326 in
536 2284 767 2338 redeundo,
811 2299 906 2326 cum
950 2284 1062 2325 idem
1105 2285 1344 2340 pomerium
1381 2285 1597 2337 transiret,
