1685 2568
299 93 388 128 LIB.
416 93 476 127 VI.
505 93 604 129 CAP.
631 98 687 129 26.
714 97 733 136 ξ
758 97 814 138 28,
840 99 897 136 29,
923 93 1231 130 FRAGMENTA.
1347 97 1432 138 379

99 190 243 232 laudat
270 190 316 230 in
340 202 468 242 puero
494 189 755 243 (Veryilius),
785 189 884 242 quia
905 188 1019 241 facta
1042 203 1126 231 non
1150 191 1314 231 invenit.
1356 192 1436 233 Est

97 252 233 290 autem
262 247 466 290 Ciceronis
496 248 540 289 in
571 248 750 301 dialoyo:
786 247 936 301 Fanni,
968 261 1097 289 causa
1128 247 1314 290 difficilis
1346 249 1434 290 lau-

99 308 200 348 dare
230 321 430 362 puerum3
459 320 546 348 non
577 306 691 348 enim
721 320 790 348 res
822 306 1047 360 laudanda,
1079 306 1153 347 sed
1185 320 1282 361 spes
1316 310 1392 348 est.

187 365 224 407 6.
260 366 448 407 Lactant.
484 366 577 406 inst.
614 365 692 407 div.
722 365 752 407 Ι
786 368 852 407 18.
882 368 935 407 11
964 378 1046 418 sqq.
1089 365 1217 418 Apud
1245 366 1435 407 Ennium

62 435 79 462 5
97 425 155 466 sic
186 424 363 477 loquitur
392 423 643 475 Africanus:

157 480 209 524 Si
244 482 323 524 fas
356 482 481 524 endo
512 482 697 538 plagas
729 483 1008 524 caelestum
1035 482 1308 525 ascendere
1335 483 1435 524 cui·

1044 556 1191 596 quam
1223 543 1317 595 est,

214 599 281 641 Mi
313 600 414 642 soli
445 599 574 642 caeli
607 600 824 641 maxima
854 603 1005 656 porta
1035 603 1198 655 patet,

96 659 245 702 scilicet
284 660 383 712 quia
424 672 618 712 inaquam
647 663 810 712 partem
841 661 1000 713 yeneris
1035 659 1209 701 humani
1244 660 1439 701 exstinxit

96 731 145 760 ac
160 718 351 771 perdidit.
398 717 432 760 Ο
455 719 620 771 quantis
644 719 689 759 in
715 718 895 768 tenebris,
925 719 1137 771 Africane,
1167 722 1349 760 versatus
1373 718 1437 761 es!

46 788 80 814 ιο
97 777 157 818 vel
184 777 326 830 potius
363 790 385 818 o
414 780 554 831 poeta,
591 777 664 830 qui
693 790 771 830 per
800 778 936 819 caedes
967 780 1005 819 et
1032 778 1273 831 sanquinem
1297 780 1438 830 patere

96 835 328 877 hominibus
361 836 408 877 in
444 836 598 878 caelum
634 849 845 878 ascensum
868 837 1104 889 putaveris!
1152 835 1232 878 Cui
1261 837 1438 878 vanitati

96 895 219 936 etiam
250 894 386 936 Cicero
416 896 604 936 adsensit.
653 894 735 936 Est
764 909 879 948 vero,
909 896 1054 948 inquit,
1084 894 1307 950 Africane3
1335 909 1437 937 nam

98 955 142 994 et
171 952 349 996 Herculi
380 953 528 995 eadem
559 953 645 994 ista
675 956 803 1008 porta
832 953 986 1008 patuit.

188 1013 226 1054 7.
269 1012 420 1054 Seneca
455 1014 566 1065 epist.
603 1016 696 1054 108.
733 1016 791 1055 32
821 1026 877 1065 sq.
920 1013 1096 1055 Eosdem
1133 1012 1257 1054 libros
1292 1013 1360 1065 (de
1395 1026 1440 1055 re

46 1082 77 1108 1⁵
91 1071 277 1125 publica)
314 1085 406 1113 cum
437 1072 734 1125 yramniaticus
769 1072 977 1125 explicuit,
1006 1072 1195 1125 primum
1224 1072 1344 1113 verba
1373 1085 1438 1114 ex-

92 1143 235 1183 pressa
272 1144 423 1185 reapse
453 1131 534 1172 dici
563 1144 591 1171 a
621 1129 822 1181 Cicerone,
853 1131 900 1172 id
925 1133 984 1172 est
1014 1130 1073 1172 ‘re
1102 1129 1222 1184 ipsa',
1259 1131 1306 1172 in
1335 1144 1438 1172 com-

98 1190 344 1230 mentarium
385 1189 524 1241 refert,
566 1202 637 1230 nec
678 1189 817 1231 minus
860 1202 1000 1244 sepse,
1042 1190 1090 1231 id
1129 1192 1188 1231 est
1224 1188 1285 1231 ese
1319 1188 1438 1242 ipse'.

98 1247 258 1290 Deinde
294 1249 446 1289 transit
480 1248 537 1289 ad
570 1262 633 1298 ea,
670 1261 773 1300 quae
802 1248 1042 1290 consuetudo
1071 1248 1224 1290 saeculi
1253 1249 1440 1300 mutavit,

99 1310 309 1360 tamquam
351 1307 414 1347 ait
450 1306 608 1348 Cicero:
653 1304 864 1354 Quoniam
908 1320 1055 1348 sumus
1096 1306 1150 1349 ab
1187 1306 1284 1362 ipsa
1324 1307 1440 1349 ealce

46 1377 80 1402 20
100 1365 190 1407 eius
215 1365 564 1420 interpellatione
589 1365 791 1407 revocati.
833 1365 970 1416 Hanc,
994 1379 1120 1419 quam
1143 1367 1318 1407 nuncin
1336 1367 1440 1408 circo

100 1423 277 1466 ecretam'
308 1437 507 1475 vocamus,
540 1423 714 1466 ‘calcem'
740 1425 902 1477 antiqui
925 1424 1119 1466 dicebant.
1167 1424 1327 1466 Deinde
1350 1425 1438 1466 En-

98 1484 247 1525 nianos
289 1483 441 1537 colliyit
479 1496 617 1525 versus
659 1486 697 1525 et
738 1485 784 1525 in
817 1484 972 1537 primis
1014 1484 1108 1526 illos
1149 1484 1198 1525 de
1235 1484 1440 1536 Africano

97 1543 286 1595 scriptos:

632 1601 711 1643 eui
742 1616 885 1643 nemo
919 1601 1046 1643 civis
1077 1616 1240 1656 neque
1271 1601 1440 1643 hostis

47 1670 82 1696 2⁵
160 1658 335 1708 Quivit
366 1674 456 1715 pro
486 1659 640 1702 factis
672 1660 882 1701 reddere
914 1675 1005 1715 par
1035 1660 1263 1715 pretium.

190 1719 228 1761 8.
272 1720 517 1772 Anonymus
559 1720 783 1761 Paradoxon
825 1720 1022 1761 Koronne
1070 1721 1183 1772 apud
1224 1719 1440 1762 Bielowsk.

101 1777 286 1831 Pompeii
319 1779 445 1832 Troyi
471 1778 622 1832 fraym.
645 1793 690 1832 p.
720 1778 815 1820 XV
837 1791 894 1832 sq.
931 1778 1050 1820 Recte
1082 1777 1218 1820 Cicero
1249 1779 1294 1820 in
1326 1778 1442 1820 libris

100 1837 148 1879 de
181 1850 226 1878 re
255 1837 422 1890 publica
457 1838 640 1890 scripsit:
684 1836 949 1892 Quicumque
988 1837 1126 1892 epulis
1158 1839 1202 1878 et
1233 1837 1440 1879 conviviis

101 1898 145 1937 et
176 1896 421 1951 sumptibus
453 1895 814 1938 existimationem
838 1896 1063 1938 hominum
1089 1896 1174 1938 sibi
1198 1896 1441 1950 conciliant,

49 1965 83 1992 ³⁰
101 1955 247 2010 palam
285 1954 517 1996 ostendunt
553 1955 638 1997 sibi
674 1970 823 1997 verum
860 1955 1006 2010 decus,
1047 1954 1161 2010 quod
1198 1969 1249 1996 ex
1279 1955 1441 1997 virtute

102 2028 152 2056 ac
183 2013 394 2069 dignitate
424 2013 628 2068 nascitur,
661 2013 848 2056 deficere.

190 2073 228 2115 9.
268 2072 360 2115 Cod.
386 2087 590 2115 manuscr.
615 2087 655 2114 n.
681 2076 766 2115 458
782 2088 826 2126 p.
847 2076 905 2116 82
931 2073 1106 2115 biblioth.
1134 2072 1441 2115 Ossolinianae:

102 2130 237 2174 Cicero
274 2132 321 2173 de
356 2145 400 2174 re
423 2132 611 2186 publica:
651 2131 804 2173 leniter
836 2134 965 2187 atque
995 2132 1163 2187 placide
1195 2132 1318 2187 fides,
1354 2145 1443 2173 non

102 2190 145 2232 vi
176 2192 218 2232 et
249 2190 425 2247 impetu,
457 2191 626 2233 concuti
658 2190 861 2233 debere..
879 2223 889 2234 .
