1685 2568
386 98 474 134 ΜΒ.
501 99 527 134 Ι.
555 97 656 134 CAP.
684 102 833 134 50-53.
860 102 880 141 g
908 102 1103 135 115-120.
1329 99 1412 142 189

72 194 268 251 singulis.
328 193 446 236 Haec
491 194 527 236 si
569 196 783 248 tenemus,
828 208 936 248 quae
973 193 1081 234 mihi
1120 193 1290 248 quidem
1327 210 1415 237 non

70 254 271 296 videntur
301 267 428 308 posse
460 251 662 307 convelli,
693 251 887 307 profecto
919 252 1166 293 hominibus
1199 267 1224 293 a
1256 252 1321 293 dis
1352 253 1414 294 fu-

71 315 171 354 tura
203 311 437 368 significari
467 324 640 353 necesse
673 313 749 352 est.
800 308 881 352 Sed
915 310 1265 365 distinguendum
1291 311 1403 352 vide·
1419 299 1486 381 fi?

72 374 155 425 tur,
188 385 374 426 quonam
406 369 544 412 modo.
604 367 719 410 Nam
750 383 836 411 non
867 369 1011 424 placet
1042 368 1198 411 Stoicis
1230 369 1414 424 singulis
1465 352 1485 382 8

36 430 260 472 siccorum
309 428 423 470 fissis
473 430 547 470 aut
593 428 737 469 avium
781 428 976 470 cantibus
1019 427 1228 469 interesse
1272 427 1416 482 deum3

71 503 217 543 neque¹
246 488 383 539 ⁴enim⁴
410 487 608 537 decorum
650 489 717 528 est
759 501 837 529 nec
880 486 945 528 dis
990 486 1167 542 dignum
1206 500 1284 528 nec
1323 486 1416 528 fieri

72 547 161 589 ullo
194 549 321 602 pacto
353 547 516 601 potest3
548 545 622 587 sed
652 545 716 600 ita
748 560 774 587 a
802 544 1014 601 principio
1046 545 1297 587 inchoatum
1323 559 1415 587 esse

73 605 297 661 mundum,
340 607 389 646 ut
426 604 554 646 certis
592 604 719 646 rebus
758 606 875 646 certa
916 605 1040 659 signa
1079 607 1416 659 praecurrerent,

74 660 159 706 alia
209 664 255 705 in
304 663 432 717 extis,
483 663 569 704 alia
618 662 662 704 in
712 663 882 717 avibus,
931 663 1018 705 alia
1065 662 1112 704 in
1158 662 1417 718 fulgoribus,

21 736 53 762 10
73 723 160 764 alia
209 722 252 763 in
296 721 496 776 ostentis,
546 721 633 763 alia
681 721 725 762 in
776 722 934 776 stellis,
984 721 1071 763 alia
1113 721 1159 763 in
1203 721 1416 763 somnian-

72 782 182 823 tium
227 780 350 835 visis,
401 780 487 822 alia
529 780 575 821 in
616 779 851 822 furentium
895 780 1083 822 vocibus.
1151 779 1218 822 Ea
1262 780 1417 835 quibus

72 841 180 882 bene
211 842 415 895 percepta
446 841 557 892 sunt,
588 838 619 880 ii
649 854 737 881 non
769 854 895 894 saepe
921 839 1152 893 falluntur;
1183 839 1296 880 male
1323 853 1418 881 con-

72 899 185 941 iecta
218 898 414 953 maleque
440 898 728 953 interpretata
751 898 865 939 falsa
891 900 991 940 sunt
1017 912 1105 940 non
1130 912 1274 939 rerum
1298 898 1419 952 vitio,

75 958 149 1000 sed
185 957 473 1012 interpretum
510 956 748 998 inscientia.
805 957 898 999 Hoc
937 959 1082 998 autem
1113 957 1256 1012 posito
1290 959 1419 1011 atque

21 1029 54 1055 15
74 1030 289 1069 concesso,
321 1030 413 1057 esse
447 1015 661 1070 quandam
692 1015 781 1057 vim
813 1016 1002 1057 divinam
1034 1015 1258 1057 hominum
1283 1015 1418 1057 vitam

74 1075 375 1128 continentem,
407 1089 493 1116 non
519 1073 692 1116 difficile
719 1076 797 1128 est,
824 1089 931 1128 quae
958 1074 1051 1115 fieri
1076 1077 1191 1116 certe
1214 1074 1420 1129 videmus,

75 1149 125 1176 ea
162 1148 247 1188 qua
278 1133 445 1175 ratione
476 1133 602 1186 fiant,
640 1133 862 1187 suspicari.
922 1132 1038 1174 Nam
1070 1135 1114 1174 et
1145 1132 1199 1174 ad
1229 1133 1420 1174 hostiam

75 1254 141 1293 est
168 1253 263 1293 toto
289 1250 467 1292 confusa
493 1250 664 1304 mundo,
696 1252 739 1291 et
763 1252 857 1292 tum
881 1250 1037 1305 ipsum,
1071 1264 1167 1292 cum
1192 1250 1419 1292 immolare

22 1322 56 1348 20
75 1310 198 1365 velis,
237 1312 433 1351 extorum
469 1309 563 1350 fieri
594 1309 778 1351 mutatio
810 1311 974 1364 potest,
1010 1311 1060 1351 ut
1091 1311 1166 1350 aut
1199 1309 1313 1350 absit
1345 1309 1420 1351 ali-

75 1369 177 1424 quid
203 1371 278 1410 aut
298 1367 503 1423 supersit3
533 1368 679 1423 parvis
706 1368 819 1418 enim
845 1368 1076 1419 momentis
1103 1368 1242 1410 multa
1262 1370 1421 1414 natura

75 1430 150 1470 aut
181 1427 363 1483 adfingit
395 1429 469 1468 aut
500 1429 642 1468 mutat
673 1429 748 1468 aut
781 1426 981 1468 detrahit.
1044 1425 1167 1476 Quod
1197 1441 1251 1469 ne
1284 1427 1403 1468 dubi·
1423 1435 1488 1466 119

75 1490 168 1529 tare
210 1487 445 1542 possimus,
488 1486 676 1527 maximo
719 1488 784 1527 est
822 1488 1096 1542 argumento,
1138 1485 1252 1541 quod
1288 1486 1419 1541 paulo

76 1548 175 1588 ante
206 1545 430 1587 interitum
457 1543 652 1587 Caesaris
685 1545 883 1600 contigit,
934 1544 1016 1594 Qui
1047 1560 1142 1586 cum
1173 1545 1421 1587 immolaret

22 1616 56 1643 25
75 1605 153 1647 illo
186 1604 264 1659 die,
297 1618 379 1659 quo
412 1603 600 1659 primum
630 1603 675 1645 in
707 1604 815 1645 sella
840 1618 970 1645 aurea
996 1603 1107 1645 sedit
1133 1605 1176 1645 et
1201 1618 1298 1645 cum
1322 1618 1420 1659 pur-

76 1677 210 1719 purea
245 1665 365 1705 veste
402 1662 632 1718 processit,
669 1662 715 1704 in
753 1662 861 1704 extis
900 1662 1024 1704 bovis
1066 1662 1200 1718 opimi
1231 1677 1303 1704 cor
1333 1677 1420 1704 non

75 1722 169 1764 fuit.
230 1721 347 1764 Num
377 1721 513 1777 igitur
545 1736 690 1763 censes
721 1721 860 1763 ullum
892 1721 1071 1775 animal,
1104 1721 1217 1776 quod
1249 1722 1420 1777 sangui-

76 1796 174 1822 nem
205 1780 376 1834 habeat,
411 1780 501 1822 sine
532 1780 658 1822 corde
688 1795 779 1822 esse
804 1781 961 1836 posse?
993 1779 1024 1834 †
1043 1779 1136 1829 Qua
1160 1780 1235 1821 1116
1260 1780 1323 1821 rei
1347 1794 1421 1822 no-

78 1839 214 1881 vitate
246 1840 479 1895 perculsus,
511 1853 607 1881 cum
628 1837 842 1894 Spurinna
868 1839 1026 1881 diceret
1051 1839 1289 1880 timendum
1315 1853 1421 1894 esse,

26 1910 60 1936 30
78 1913 132 1940 ne
170 1900 213 1940 et
243 1898 470 1941 consilium
502 1900 545 1939 et
576 1898 668 1939 vita
700 1898 915 1953 deficeret3
953 1912 1100 1940 earum
1133 1898 1246 1939 enim
1276 1912 1421 1939 rerum

79 1959 305 2012 utramque
349 1972 375 1999 a
417 1956 540 1999 corde
584 1956 808 2012 proficisci.
869 1956 1051 1999 Postero
1096 1956 1162 1998 die
1206 1959 1336 2012 caput
1375 1957 1422 1998 in

78 2016 217 2058 iecore
254 2030 340 2058 non
375 2015 471 2057 fuit.
532 2014 648 2064 Quae
688 2015 859 2070 quidem
898 2015 965 2057 illi
995 2015 1365 2071 portendebantur
1395 2029 1422 2058 a

37 2079 43 2086 “
80 2074 145 2116 dis
170 2074 500 2130 immortalibus,
530 2076 579 2116 ut
603 2074 768 2116 videret
792 2074 1028 2129 interitum,
1058 2089 1146 2116 non
1170 2077 1219 2116 ut
1239 2076 1420 2117 caveret.

80 2132 189 2175 Cum
219 2133 355 2189 igitur
386 2148 459 2175 eae
489 2135 635 2189 partes
666 2133 713 2174 in
744 2133 853 2174 extis
883 2148 971 2175 non
1001 2134 1291 2189 reperiuntur,
1330 2133 1421 2174 sine

45 2202 60 2228 5
81 2192 235 2247 quibus
277 2191 466 2234 victuma
507 2192 586 2233 illa
621 2192 764 2234 vivere
800 2192 1039 2247 nequisset,
1082 2192 1421 2248 intellegendum

81 2253 147 2292 est
178 2250 223 2292 in
253 2250 348 2306 ipso
374 2250 684 2292 immolationis
710 2253 905 2306 tempore
931 2265 1002 2292 eas
1029 2253 1188 2306 partes,
1216 2265 1323 2305 quae
1349 2249 1421 2291 ab·
1434 2282 1490 2324 53

81 2309 179 2366 sint,
206 2309 417 2351 interisse.
459 2309 706 2365 Eademque
727 2309 858 2351 efficit
877 2309 922 2352 in
941 2310 1092 2352 avibus
1114 2309 1257 2352 divina
1276 2322 1408 2362 mens,
1424 2335 1491 2367 120
