1685 2568
370 139 459 175 LIB.
487 139 532 176 ΙΙ.
567 139 664 174 CAP.
695 143 842 174 17—19.
875 142 895 181 ξ
919 142 1070 174 38-45.
1306 140 1387 181 211

51 235 236 278 hibetur.
286 235 396 284 Quid
427 237 494 277 est
524 235 670 291 igitur,
702 234 816 289 quod
848 234 1123 276 observatum
1156 235 1214 275 sit
1245 234 1289 275 in
1312 234 1392 276 ful-

53 294 186 350 gure?
237 293 414 336 Caelum
455 294 500 335 in
537 293 720 336 sedecim
759 293 896 348 partis
936 293 1172 334 diviserunt
1207 292 1392 335 Etrusci.

50 352 193 395 Facile
230 353 274 394 id
313 353 484 408 quidem
521 352 621 406 fuit,
661 355 884 406 quattuor,
923 365 1029 406 quas
1061 366 1139 393 nos
1172 351 1393 405 habemus,

52 411 287 466 duplicare,
317 414 418 467 post
448 411 561 453 idem
592 412 748 452 iterum
778 410 931 464 facere,
963 413 1011 451 ut
1040 425 1088 452 ex
1116 425 1165 452 eo
1193 410 1393 464 dicerent,

17 470 214 512 5fulmen
251 485 336 524 qua
372 485 422 512 ex
459 473 582 525 parte
621 470 822 511 venisset.
881 468 1076 510 Primum
1112 469 1156 510 id
1194 469 1295 524 quid
1332 469 1393 510 in-

51 529 214 570 terest?
247 529 396 571 deinde
427 529 529 583 quid
561 529 805 584 significat?
842 527 996 570 Nonne
1027 527 1301 583 perspicuum
1328 531 1393 569 est

52 602 102 629 ex
131 587 272 643 prima
304 588 587 629 admiratione
615 587 850 640 hominum,
883 586 996 641 quod
1020 586 1214 628 tonitrua
1239 587 1393 629 iactus-

53 660 132 701 que
168 645 398 688 fulminum
436 646 752 701 extimuissent,
791 646 1019 688 credidisse
1051 660 1102 687 ea
1133 645 1300 687 efficere
1331 660 1393 687 re-

50 720 146 746 rum
177 705 368 746 omnium
398 707 725 760 praepotentem
750 704 926 746 Iovem?
976 703 1128 760 Itaque
1161 705 1205 745 in
1230 705 1392 746 nostris

17 776 34 802 ο
52 764 369 806 commentariis
390 764 599 819 scriptum
618 764 844 805 habemus:
872 763 1012 805 ‘Iove
1038 766 1269 818 tonante,
1294 763 1393 805 ful-

53 824 270 878 gurante
319 823 531 865 comitia
580 823 762 878 populi
811 822 1002 864 habere
1050 822 1224 864 nefas.2
1297 821 1392 864 Hoc
1419 832 1463 862 43

50 881 235 923 fortasse
272 882 335 923 rei
375 882 572 937 publicae
605 896 734 923 causa
764 881 1049 923 constitutum
1081 884 1164 935 est3
1202 882 1394 923 comitio—

51 955 146 982 rum
196 940 309 982 enim
351 955 439 982 non
482 940 777 982 habendorum
822 955 972 982 causas
1017 954 1109 982 esse
1152 941 1393 982 voluerunt.

50 998 202 1054 Itaque
246 999 520 1041 comitiorum
564 999 704 1041 solum
747 999 902 1041 vitium
947 1002 1014 1041 est
1054 999 1237 1054 fulmen,
1281 1000 1395 1054 quod

17 1058 164 1099 sidem
197 1058 394 1100 omnibus
427 1059 555 1100 rebus
589 1061 814 1113 optumum
840 1058 1079 1113 auspicium
1104 1059 1325 1113 habemus,
1358 1060 1396 1100 si

52 1117 274 1158 sinistrum
311 1117 406 1158 fuit.
468 1116 551 1158 Sed
591 1116 642 1158 de
679 1117 881 1172 auspiciis
921 1117 1005 1158 alio
1044 1118 1159 1172 loco,
1197 1132 1310 1159 nunc
1344 1117 1396 1159 de

50 1175 306 1232 fulgoribus.

139 1233 248 1283 Quid
273 1235 408 1290 igitur
433 1235 573 1276 minus
600 1250 626 1276 a
650 1234 839 1289 physicis
867 1234 949 1276 dici
975 1234 1103 1276 debet
1129 1250 1258 1289 quam
1280 1236 1392 1290 quic-
1412 1237 1462 1278 19

52 1308 180 1348 quam
221 1294 326 1335 certi
367 1294 602 1350 significari
638 1294 767 1334 rebus
805 1293 1012 1335 incertis?
1061 1292 1162 1335 Non
1199 1294 1311 1335 enim
1350 1297 1393 1336 te

51 1355 155 1407 puto
188 1366 280 1394 esse
313 1367 420 1408 eum,
453 1353 526 1407 qui
550 1352 644 1394 Iovi
674 1352 839 1393 fulmen
869 1352 1105 1394 fabricatos
1132 1367 1225 1394 esse
1245 1351 1393 1407 Cyclo-

50 1425 128 1466 pas
159 1411 203 1451 in
229 1411 371 1453 Aetna
402 1414 546 1467 putes,
577 1426 678 1452 nam
705 1414 819 1452 esset
843 1411 1054 1465 mirabile,
1087 1426 1170 1466 quo
1197 1412 1323 1454 modo
1350 1413 1394 1454 id
1420 1421 1464 1452 44

50 1469 244 1525 Iuppiter
276 1471 436 1512 totiens
466 1471 636 1524 iaceret,
669 1485 764 1512 cum
796 1485 929 1511 unum
961 1470 1159 1525 haberet3
1189 1485 1267 1513 nec
1292 1486 1393 1513 vero

51 1528 302 1571 fulminibus
335 1529 541 1584 homines,
575 1529 676 1584 quid
708 1532 783 1570 aut
814 1529 1056 1571 faciendum
1089 1532 1203 1572 esset
1229 1532 1304 1571 aut
1330 1545 1394 1572 ca-

51 1588 252 1642 vendum,
290 1591 493 1630 moneret.
549 1588 699 1630 Placet
737 1588 851 1629 enim
883 1586 1039 1630 Stoicis
1072 1603 1144 1630 eos
1177 1589 1394 1631 anhelitus

51 1648 207 1701 terrae,
246 1648 319 1702 qui
356 1647 505 1703 frigidi
536 1647 640 1701 sint,
679 1662 775 1689 cum
805 1647 936 1688 fluere
969 1648 1204 1702 coeperint,
1242 1651 1394 1690 ventos

0 1730 2 1736 ·
52 1719 161 1760 esse3
187 1721 281 1748 cum
307 1709 453 1747 autem
479 1721 523 1748 se
546 1707 590 1747 in
615 1706 774 1747 nubem
798 1706 1016 1748 induerint
1042 1707 1216 1761 eiusque
1236 1708 1394 1749 tenuis-

0 1788 5 1795 ·
52 1764 203 1806 simam
236 1780 448 1820 quamque
479 1768 648 1820 partem
681 1765 899 1820 coeperint
931 1765 1118 1807 dividere
1150 1768 1280 1820 atque
1312 1766 1394 1807 dis-

51 1838 246 1879 rumpere
278 1824 405 1879 idque
437 1824 626 1866 crebrius
657 1824 796 1866 facere
823 1827 866 1865 et
891 1824 1199 1878 vehementius,
1230 1828 1323 1866 turn
1350 1829 1395 1867 et

0 1904 10 1925 2.-
51 1881 241 1938 fulgores
280 1886 323 1925 et
360 1883 554 1925 tonitrua
592 1883 792 1937 existere3
836 1883 872 1924 si
911 1886 1055 1925 autem
1085 1883 1265 1925 nubium
1297 1899 1393 1926 con-

52 1941 169 1983 flictu
213 1943 341 1984 ardor
385 1956 610 1997 expressus
655 1956 700 1984 se
744 1942 953 1996 emiserit,
996 1943 1039 1983 id
1084 1956 1176 1984 esse
1215 1943 1392 1985 fulmen.

52 1999 172 2049 Quod
208 2001 342 2057 igitur
378 2001 421 2042 vi
452 2005 649 2055 naturae,
686 2001 808 2042 nulla
839 2002 1103 2055 constantia,
1142 2003 1262 2043 nullo
1295 2005 1391 2044 rato

51 2061 243 2115 tempore
280 2059 473 2101 videmus
513 2059 641 2113 effici,
679 2074 730 2101 ex
767 2074 816 2101 eo
856 2060 1217 2116 significationem
1249 2076 1391 2103 rerum

52 2119 401 2173 consequentium
443 2119 717 2174 quaerimus?
768 2117 958 2174 Scilicet,
999 2120 1036 2161 si
1076 2120 1161 2161 ista
1197 2119 1392 2175 Iuppiter

53 2177 325 2232 significaret,
350 2180 441 2219 tam
467 2178 605 2219 multa
629 2178 793 2218 frustra
811 2177 995 2220 fulmina
1014 2179 1249 2220 emitteret}
1283 2179 1391 2227 Quid
1418 2186 1460 2216 45

54 2236 165 2277 enim
207 2236 395 2291 proficit,
439 2251 534 2278 cum
578 2237 623 2277 in
667 2236 854 2278 medium
898 2251 1015 2278 mare
1058 2237 1224 2279 fulmen
1262 2238 1390 2278 iecit?

0 2301 22 2342 ji
81 2294 169 2348 uid,
202 2310 297 2336 cum
328 2295 373 2336 in
406 2295 642 2336 altissimos
674 2296 851 2350 montis,
885 2296 997 2350 quod
1028 2297 1280 2350 plerumque
1312 2296 1390 2336 fit‘?

0 2357 22 2402 ad·
82 2353 170 2408 uid,
207 2368 302 2395 cum
339 2353 385 2395 in
417 2353 607 2395 desertas
640 2354 924 2397 solitudines?
966 2355 1084 2409 quid,
1122 2370 1217 2396 cum
1250 2355 1294 2395 iu
1325 2369 1390 2395 ea-

1038 2424 1106 2457 14*
