1685 2568
424 94 512 130 LIB.
537 94 582 130 H.
610 93 709 129 CAP.
738 97 885 129 15-17.
911 98 931 136 ξ
956 97 1103 129 38—42.
1344 94 1429 135 421

191 189 410 247 Sacrilego
441 204 579 245 poena
609 191 686 243 est,
716 203 852 243 neque
881 189 918 230 ei
946 189 1039 242 soli,
1071 189 1143 243 qui
1169 203 1336 230 sacrum
1363 190 1432 230 ab·

103 250 293 305 stulerit,
325 249 398 291 sed
429 249 558 290 etiam
591 248 642 302 ei,
673 248 745 301 qui
776 261 896 290 sacro
928 247 1289 300 commendatum,
1321 247 1433 300 quod
1458 256 1500 287 41

103 311 147 350 et
183 323 294 351 nunc
331 307 478 350 multis
516 307 566 348 fit
600 307 645 348 in
680 307 811 360 fanis,
854 310 892 348 et
926 306 1166 347 Alexander
1201 305 1247 346 in
1280 279 1435 347 ’Cilicia

104 367 350 422 deposuisse
381 366 494 421 apud
519 364 709 407 Solensis
740 365 786 407 in
816 364 994 406 delubro
1025 364 1249 419 pecuniam
1280 363 1435 405 dicitur

68 437 83 463 ⁵
104 429 146 467 et
182 425 458 467 Atheniensis
490 423 731 466 Clisthenes
762 422 916 465 Iunoni
953 421 1139 476 Samiae,
1176 422 1281 464 civis
1319 436 1435 478 egre-

104 485 211 541 gius,
238 499 367 539 quom
392 483 520 525 rebus
540 483 711 524 timeret
731 484 831 536 31113,
855 482 1042 523 filiarum
1062 481 1174 523 dotis
1195 480 1435 523 credidisse.

189 542 283 584 Iam
315 543 365 584 de
389 541 600 597 periuriis,
631 542 681 583 de
706 543 868 583 incesto
893 541 1002 582 nihil
1030 555 1132 582 sane
1156 540 1238 582 hoc
1265 539 1435 594 quidem

102 602 196 644 loco
228 600 533 667 disputandum
565 602 641 641 est.

190 659 326 702 Donis
369 659 492 714 impii
530 673 583 700 ne
621 659 789 713 placare
827 659 1011 700 audeant
1048 658 1167 710 deos,
1209 657 1436 699 Platonem

51 731 84 756 ιο
104 719 302 784 audiant,
316 718 390 773 qui
413 719 534 759 vetat
559 717 766 771 dubitare,
793 732 876 772 qua
896 718 953 759 sit
972 720 1112 758 mente
1130 716 1301 758 futurus
1322 716 1436 770 deus,

103 792 233 833 quom
263 777 329 819 vir
359 791 484 818 nemo
515 776 652 817 bonus
685 776 738 817 ab
770 776 952 831 inprobo
985 790 1028 817 se
1061 775 1212 818 donari
1241 775 1358 817 velit.

189 835 515 891 †Diligentiam
547 837 746 876 votorum
779 835 885 876 satis
916 835 962 876 in
986 835 1082 891 lege
1109 834 1270 877 dictum
1296 836 1362 875 est
1387 848 1436 876 ac

102 895 215 938 votis
242 894 428 950 sponsio,
454 908 539 948 qua
563 894 807 949 obligamur
832 894 921 936 deo.
965 893 1109 935 Poena
1127 907 1228 935 vero
1248 892 1436 934 violatae

102 954 324 1010 religionis
359 953 520 994 iustam
556 952 867 994 recusationem
898 967 986 995 non
1016 952 1158 994 habet.
1214 950 1324 1001 Quid
1355 965 1435 1007 ego

51 1024 84 1050 15
102 1013 172 1055 hic
211 1013 515 1055 sceleratorum
551 1014 650 1053 utar
682 1012 917 1066 exemplis?
956 1026 1137 1066 quorum
1168 1011 1320 1066 plenae
1351 1013 1436 1052 tra-

104 1072 299 1126 goediae3
337 1085 445 1126 quae
483 1073 582 1112 ante
614 1071 760 1112 0011103
792 1073 909 1125 sunt,
946 1085 996 1112 ea
1026 1070 1170 1125 potius
1203 1069 1436 1125 adtingam.

102 1131 200 1172 Etsi
229 1130 336 1172 haec
361 1129 708 1172 commemoratio
734 1143 884 1171 vereor
908 1144 961 1170 ne
987 1143 1118 1184 supra
1142 1128 1328 1170 hominis
1353 1128 1438 1170 for-

103 1192 253 1231 tunam
285 1203 376 1230 esse
407 1188 614 1241 videatur,
644 1191 801 1241 tamen,
834 1188 1036 1242 quoniam
1068 1202 1207 1229 sermo
1239 1187 1346 1228 mihi
1372 1190 1438 1229 est

103 1248 216 1303 apud
251 1262 347 1301 vos,
377 1247 486 1288 nihil
523 1247 708 1288 reticebo
747 1247 974 1301 volamque
1005 1246 1098 1299 hoc,
1130 1246 1243 1301 quod
1273 1247 1437 1300 loquar,

54 1319 85 1344 ιο
104 1307 185 1348 (1113
224 1306 529 1348 inmortalibus
571 1308 743 1362 gratum
782 1306 924 1360 potius
962 1305 1097 1347 videri
1135 1320 1263 1360 quam
1296 1319 1438 1361 grave.

103 1365 258 1407 Omnia
293 1367 385 1406 tum
422 1365 688 1420 perditorum
726 1364 881 1406 civium
922 1365 1079 1407 scelere
1118 1364 1306 1407 discessu
1343 1378 1436 1406 meo
1455 1350 1508 1432 {12

102 1424 360 1480 religionum
390 1424 486 1465 iura
516 1424 685 1478 polluta
716 1426 833 1477 sunt,
870 1424 1014 1465 vexati
1044 1424 1184 1466 nostri
1214 1423 1346 1465 Lares
1377 1423 1438 1465 fa·

44 1522 48 1525 ,
104 1483 304 1537 miliares,
334 1483 381 1524 in
412 1497 558 1524 eorum
591 1483 761 1524 sedibus
789 1483 1111 1524 exaedificatum
1136 1482 1347 1538 templum
1372 1481 1438 1523 Li-

104 1542 280 1596 centiae,
304 1542 453 1596 pulsus
481 1557 506 1583 a
531 1541 719 1583 delubris
744 1542 794 1595 is,
823 1542 896 1596 qui
919 1542 998 1583 illa
1023 1544 1234 1595 servarat3
1265 1541 1439 1584 circum-

51 1612 84 1638 25
104 1600 255 1656 spicite
288 1600 482 1642 celeriter
514 1601 656 1642 animo
689 1599 817 1655 (nihil
849 1600 961 1642 enim
993 1601 1150 1642 attinet
1182 1615 1439 1655 quemquam

102 1658 348 1714 nominari),
381 1659 454 1714 qui
485 1659 571 1700 sint
601 1674 744 1701 rerum
777 1659 915 1701 exitus
948 1659 1175 1701 consecuti.
1230 1659 1333 1713 Nos,
1366 1660 1439 1714 qui

102 1719 225 1760 illam
266 1719 486 1760 custodem
523 1718 641 1760 urbis
680 1718 879 1760 omnibus
918 1719 1075 1774 ereptis
1112 1718 1274 1760 nostris
1312 1719 1438 1760 rebus

103 1792 152 1820 30
182 1777 361 1833 perditis
391 1777 548 1819 violari
580 1777 633 1819 ab
664 1777 808 1832 impiis
834 1777 953 1831 passi
976 1792 1064 1819 non
1089 1792 1235 1819 sumus
1262 1792 1439 1832 eamque

104 1851 153 1878 ex
192 1839 344 1878 nostra
383 1836 508 1878 domo
549 1835 594 1877 in
634 1836 768 1891 ipsius
809 1836 947 1891 patris
986 1836 1158 1878 domum
1197 1836 1439 1891 detulimus,

50 1906 83 1932 30
102 1895 259 1937 iudicia
290 1898 475 1949 senatus,
506 1894 671 1949 Italiae,
703 1896 895 1950 gentium
924 1895 1103 1950 denique
1129 1895 1319 1937 omnium
1345 1910 1440 1938 con-

103 1957 299 1996 servatae
335 1954 502 2009 patriae
540 1954 757 1996 consecuti
794 1964 960 2008 sumusg
1001 1969 1084 2009 quo
1117 1954 1219 2009 quid
1250 1954 1439 1997 accidere

102 2013 246 2068 potuit
275 2013 440 2054 homini
470 2013 763 2068 praeclarius?
798 2011 988 2061 Quorum
1019 2013 1178 2055 scelere
1209 2013 1439 2069 religiones

101 2075 195 2113 tum
225 2074 470 2127 prostratae
503 2072 782 2126 adflictaeque
814 2074 930 2126 sunt,
966 2072 1126 2127 partim
1158 2087 1208 2114 ex
1239 2072 1326 2114 illis
1359 2073 1440 2114 dis-

102 2131 231 2172 tracti
268 2145 317 2173 ac
355 2131 552 2185 dissipati
589 2131 747 2184 iacent,
785 2131 858 2185 qui
892 2145 994 2173 vero
1032 2146 1083 2173 ex
1119 2131 1172 2173 iis
1210 2133 1254 2172 et
1283 2131 1437 2173 horum

49 2200 83 2226 35
103 2189 311 2231 scelerum
341 2190 556 2245 principes
586 2190 758 2231 fuerant
789 2192 833 2231 et
862 2192 1033 2245 praeter
1064 2193 1226 2232 ceteros
1252 2190 1297 2230 in
1322 2190 1439 2232 0111111

102 2247 311 2303 religione
341 2248 466 2306 inpii,
507 2263 595 2290 non
626 2248 767 2290 solum
797 2248 977 2291 vita...
1001 2249 1178 2291 cruciati
1210 2250 1337 2302 atque
1369 2248 1437 2289 de-

102 2306 269 2361 decore,
308 2321 456 2349 verum
494 2307 625 2349 etiam
656 2307 878 2364 sepultura
909 2311 951 2349 et
981 2308 1107 2350 iustis
1140 2306 1434 2362 exsequiarum
