1685 2568
454 87 544 122 LIB.
569 87 598 123 Ι.
624 87 725 123 ΟΑΡ.
754 91 809 130 17,
838 90 892 122 18.
919 91 938 129 ἓ
964 91 1114 122 26-30.
1365 88 1451 129 285

110 185 255 240 potest
287 197 379 225 esse
406 183 698 238 praestantius
726 197 854 236 quam
880 182 1183 237 despicientem
1211 183 1354 224 omnia
1377 184 1451 225 hu-

110 257 238 284 mana
276 244 319 283 et
355 242 561 284 inferiora
600 241 814 296 sapientia
852 241 1074 283 ducentem
1106 241 1214 282 nihil
1246 256 1451 296 umquam

108 301 194 342 nisi
225 300 533 355 sempiternum
561 303 603 342 et
630 301 819 341 divinum
846 300 988 341 animo
1017 299 1022 353 1
1051 300 1276 341 volutare?
1310 301 1362 351 [p.
1386 311 1450 340 127

111 359 178 401 cui
196 373 450 414 persuasum
477 359 534 400 sit
561 359 772 414 appellari
798 361 961 401 ceteros
988 358 1196 412 homines,
1222 373 1314 400 esse
1335 363 1450 400 solos

73 430 201 472 5eos,
246 418 318 472 qui
362 420 506 459 essent
548 418 677 472 politi
719 418 906 472 propriis
945 417 1228 458 humanitatis
1268 417 1452 471 artibus3

108 479 157 518 ut
182 476 289 532 mihi
314 476 510 518 Platonis
536 477 656 530 illud,
689 491 762 517 seu
790 476 883 530 quis
912 476 1018 517 dixit
1044 476 1166 530 alius,
1198 476 1452 531 perelegans
1477 485 1522 516 29

109 549 202 576 esse
240 535 453 589 videatur3
493 549 620 589 quem
658 550 754 576 cum
793 550 842 576 ex
882 535 971 577 alto
1009 535 1184 590 ignotas
1223 535 1275 576 ad
1313 537 1452 576 terras

108 596 344 649 tempestas
390 596 433 635 et
475 593 520 634 in
564 593 781 634 desertum
825 594 928 635 litus
973 593 1216 647 detulisset,
1265 593 1454 634 timenti-

108 653 188 694 bus
221 652 373 694 ceteris
405 655 584 707 propter
613 652 933 707 ignorationem
964 652 1156 694 locorum
1190 652 1454 694 animadver-

57 724 92 749 ιο
109 711 215 752 tisse
259 711 406 753 dicunt
449 711 493 752 in
538 725 668 752 arena
713 711 997 766 geometricas
1040 711 1203 753 formas
1244 711 1453 766 quasdam

109 784 201 812 esse
227 770 483 824 descriptas3
511 769 516 823 1
545 784 650 824 quas
678 772 726 810 ut
751 769 942 823 vidisset,
969 770 1288 824 exclamavisse,
1315 771 1367 822 [p.
1387 780 1452 811 128

107 831 155 870 ut
191 829 306 871 bono
345 831 489 870 essent
528 829 689 882 animo3
727 828 870 870 videre
909 829 1021 870 enim
1055 843 1099 871 se
1130 829 1354 870 hominum
1386 843 1453 870 ve-

109 887 258 943 stigia3
291 902 398 942 quae
424 888 624 929 videlicet
649 887 724 928 ille
749 902 836 928 non
863 902 912 928 ex
940 888 1034 943 agri
1061 888 1291 942 consitum,
1323 902 1453 942 quam

108 946 327 1000 cernebat,
378 946 451 988 sed
501 961 550 987 ex
601 946 818 988 doctrinae
861 946 1029 988 indiciis
1073 946 1453 1002 interpretabatur.

57 1016 90 1043 15
109 1004 246 1054 Quam
285 1005 339 1047 ob
378 1020 485 1060 rem,
527 1004 715 1058 Tubero,
757 1019 926 1059 semper
963 1005 1070 1046 mihi
1110 1009 1153 1047 et
1185 1006 1380 1048 doctrina
1412 1008 1454 1047 et

108 1064 265 1106 eruditi
295 1064 491 1106 homines
525 1067 567 1105 et
599 1067 674 1105 tua
704 1064 791 1105 ista
823 1064 966 1105 studia
997 1064 1263 1119 placuerunt.

196 1122 306 1164 Tum
338 1122 528 1164 Laelius:
565 1122 666 1165 Non
697 1122 831 1164 audeo
865 1123 1054 1177 quidem,
1085 1123 1239 1177 inquit,
1272 1123 1325 1164 ad
1356 1124 1453 1177 ista,
1473 1104 1525 1187 ἒξ

108 1180 270 1236 Scipio,
308 1181 465 1236 dicere⁷
501 1196 639 1236 neque
675 1183 767 1222 tam
803 1183 847 1223 te
886 1184 961 1223 aut
997 1180 1172 1223 Philum
1212 1184 1287 1223 aut
1318 1182 1454 1224 Mani-

108 1240 235 1282 lium.
284 1272 325 1283 ..

438 1322 756 1376 [Desiderantur
778 1324 961 1376 paginae
990 1324 1122 1376 duaa]

55 1405 90 1432 2⁰
205 1427 214 1436 .
234 1427 244 1436 .
264 1427 273 1436 .
294 1427 303 1435 .
325 1393 372 1435 in
410 1393 547 1448 ipsius
586 1396 768 1448 paterno
807 1408 963 1449 genere
998 1393 1083 1435 fuit
1119 1396 1269 1436 noster
1308 1395 1359 1447 [p.
1387 1404 1454 1436 ‘285

107 1453 181 1494 ille
215 1453 389 1507 amicus,
421 1453 577 1508 dignus
609 1452 708 1494 huic
741 1452 794 1494 ad
826 1452 1095 1507 imitandum,

165 1523 390 1580 Egregie
417 1523 658 1566 cordatus
683 1523 851 1577 homo,
878 1526 1022 1565 catus
1049 1524 1229 1566 Aelius
1251 1522 1454 1579 Sextus,

109 1594 182 1649 qui
214 1593 444 1650 ‘egregie
470 1592 736 1635 cordatus'
768 1595 812 1635 et
839 1593 1027 1635 ‘catus'
1052 1593 1137 1635 fuit
1163 1596 1206 1636 et
1232 1595 1286 1636 ab
1312 1594 1454 1637 Ennio

109 1653 246 1695 dictus
286 1655 368 1706 est,
410 1667 498 1694 non
535 1652 649 1707 quod
686 1667 737 1693 ea
776 1653 1028 1707 quaerebat,
1073 1668 1182 1708 quae
1218 1668 1455 1708 numquam

56 1722 90 1750 25
108 1712 335 1766 inveniret,
381 1711 455 1752 sed
498 1711 612 1766 quod
653 1726 703 1753 ea
742 1712 1050 1767 respondebat,
1095 1727 1203 1767 quae
1245 1726 1336 1768 eos,
1381 1713 1455 1767 qui

108 1771 388 1826 quaesissent,
414 1773 457 1811 et
483 1785 584 1812 cura
609 1772 652 1812 et
676 1771 854 1826 negotio
874 1770 1105 1825 solverent,
1132 1771 1283 1826 cuique
1303 1775 1455 1813 contra

109 1829 227 1872 Galli
249 1829 392 1871 studia
413 1829 652 1884 disputanti
670 1829 716 1870 in
736 1844 808 1871 ore
829 1843 999 1885 semper
1018 1833 1112 1872 erat
1131 1830 1206 1871 ille
1223 1833 1227 1887 Ι
1246 1830 1296 1872 de
1318 1832 1453 1883 [pff-36

107 1887 336 1946 Iphigenia
368 1888 579 1930 Achilles:

166 1947 568 2003 Astrologorum
601 1945 750 2002 signa
780 1946 831 1988 in
862 1948 1005 1990 caelo
1035 1946 1156 2003 qui‘d
1185 1947 1252 1989 fit
1279 1948 1452 1990 obser-

1085 2006 1315 2049 vationis

58 2077 91 2103 so
168 2064 288 2108 Cum
320 2080 474 2120 capra
506 2067 592 2106 aut
623 2079 752 2120 nepa
784 2067 870 2106 aut
896 2066 1128 2107 exoritur
1152 2040 1335 2107 nomeri
1359 2066 1453 2108 ali-

887 2125 1017 2179 quod
1049 2125 1335 2166 beluarum!

168 2181 308 2231 Qu6d
356 2185 434 2224 est
483 2185 603 2224 ante
653 2182 806 2238 pedes
855 2185 999 2225 nemo
1049 2186 1272 2239 spectat,
1322 2183 1453 2226 caeli

805 2244 1105 2284 scrutantur
1135 2242 1334 2298 plagas.

0 2291 2 2360 l
110 2300 254 2356 Atque
278 2300 391 2342 idem
418 2299 622 2356 (multum
647 2301 762 2342 enim
787 2300 912 2342 illum
937 2301 1164 2343 audiebam
1185 2304 1228 2343 et
1248 2299 1451 2355 libenter)
