1685 2568
165 855 216 894 12

161 907 204 937 29

162 1886 206 1917 30

230 82 285 122 14
638 82 702 116 DE
727 82 926 117 NATURA
951 81 1154 117 DEORUM

229 179 342 218 esset
371 177 598 233 infinitum,
631 178 754 219 deum
785 178 923 220 voluit
955 193 1058 231 esse,
1090 178 1140 219 de
1170 178 1266 232 ipsa
1290 181 1432 220 mente
1456 179 1561 221 item

228 235 564 291 reprehenditur,
595 239 644 278 ut
675 237 816 291 ceteri,
848 237 897 278 de
929 236 1141 278 infinitate
1173 239 1315 278 autem
1340 238 1561 279 vehemen-

228 294 331 349 tius,
375 295 419 336 in
458 310 541 350 qua
577 296 686 336 nihil
723 310 858 350 neque
897 296 1082 336 sentiens
1123 310 1258 350 neque
1290 296 1561 338 coniunctum

228 356 374 408 potest
406 368 507 395 esse.
569 353 683 395 Nam
707 354 982 395 Parmenides
1016 354 1185 408 quidem
1217 356 1561 396 commenticium

231 413 432 466 quiddam
483 426 664 454 coronae
713 413 851 454 simile
896 413 1026 454 efficit
1070 409 1313 468 (στεφάνην
1355 413 1560 469 appellat)
1599 426 1615 451 5

230 471 475 512 continente
525 472 674 512 ardore
717 472 824 513 lucis
866 472 1029 525 orbem,
1081 472 1154 526 qui
1198 471 1343 526 cingat
1386 473 1563 526 caelum,

232 544 357 583 quem
396 529 587 583 appellat
617 530 761 584 deum3
798 530 843 571 in
875 544 957 584 quo
989 544 1126 584 neque
1157 530 1341 584 figuram
1373 530 1563 571 divinam

230 602 367 642 neque
412 602 583 629 sensum
628 589 854 643 quisquam
895 589 1103 643 suspicari
1139 591 1300 643 potest,
1344 589 1562 643 multaque

232 647 421 687 eiusdem
445 647 555 688 modi
579 650 786 701 monstra,
818 647 974 702 quippe
1007 648 1079 701 qui
1104 647 1274 701 bellum,
1307 648 1379 702 qui
1407 647 1563 689 discor-

231 706 363 758 diam,
402 705 474 759 qui
512 706 790 760 cupiditatem
829 708 1050 760 ceteraque
1090 706 1258 761 generis
1291 706 1479 747 eiusdem
1511 707 1563 747 ad
1585 720 1616 744 10

232 764 356 804 deum
382 766 563 818 revocet,
588 778 696 818 quae
722 765 789 805 vel
815 765 964 806 morbo
991 765 1057 805 vel
1084 779 1234 806 somno
1260 765 1327 805 vel
1348 765 1563 806 oblivione

231 823 297 863 vel
336 824 549 864 vetustate
587 823 797 876 delentur3
841 823 1071 877 eademque
1109 823 1159 864 de
1192 823 1418 877 sideribus,
1457 838 1564 878 quae

231 881 490 935 reprehensa
532 882 578 922 in
621 882 707 923 alio
750 882 838 923 iam
876 882 922 923 111
957 882 1038 923 hoc
1076 882 1340 923 omittantur.
1407 882 1562 937 Empe-

231 940 373 981 docles
407 942 549 981 autem
582 941 718 982 multa
750 941 837 981 alia
867 954 1048 994 peccans
1080 940 1127 981 in
1157 941 1332 981 deorum
1365 941 1564 995 opinione

231 999 490 1052 turpissume
517 999 688 1040 labitur.
739 998 949 1047 Quattuor
976 999 1089 1039 enim
1113 1001 1302 1052 naturas,
1335 1013 1385 1040 ex
1411 1000 1563 1053 quibus
1585 1011 1617 1037 15

233 1057 377 1098 omnia
421 1060 615 1099 constare
659 1060 821 1112 censet,
866 1057 1032 1098 divinas
1077 1071 1167 1098 esse
1213 1058 1322 1111 vult,
1373 1072 1477 1112 quas
1523 1061 1566 1099 et

231 1116 351 1157 nasci
389 1118 432 1157 et
470 1117 662 1172 extingui
700 1117 971 1171 perspicuum
1011 1118 1076 1157 est
1114 1118 1157 1157 et
1188 1130 1315 1157 sensu
1348 1117 1465 1157 omni
1497 1131 1563 1158 ca-

233 1188 336 1215 rere.
398 1173 488 1216 Nec
528 1189 628 1216 vero
659 1174 939 1230 Protagoras,
981 1175 1053 1229 qui
1095 1189 1186 1216 sese
1222 1178 1354 1229 negat
1391 1175 1563 1216 0111111110

232 1233 282 1274 de
315 1232 402 1274 deis
435 1233 592 1274 habere
626 1234 738 1288 quod
770 1234 949 1288 liqueat,
988 1234 1090 1287 sint,
1128 1248 1215 1274 non
1248 1234 1333 1274 sint
1364 1234 1564 1288 qualesve

233 1291 336 1343 sint,
381 1292 609 1346 quicquam
647 1293 814 1333 videtur
851 1292 901 1333 de
938 1295 1093 1333 natura
1131 1292 1305 1333 deorum
1344 1293 1563 1347 suspicari.
1585 1305 1618 1330 20

232 1349 370 1398 Quid?
414 1350 705 1405 Democritus,
745 1352 817 1405 qui
854 1353 946 1392 tum
983 1351 1209 1405 imagines·
1227 1365 1456 1405 earumque
1489 1351 1565 1392 cir-

233 1410 415 1450 cumitus
452 1410 498 1450 in
538 1409 711 1451 deorum
751 1424 929 1451 numero
972 1409 1121 1462 refert,
1158 1411 1249 1450 tum
1286 1410 1405 1450 illam
1443 1412 1565 1451 natu-

231 1483 341 1521 ram,
379 1482 487 1522 quae
518 1468 728 1523 imagines
760 1468 913 1509 fundat
944 1483 993 1509 ac
1024 1467 1186 1522 mittat,
1218 1470 1309 1509 tum
1341 1468 1565 1510 scientiam

231 1527 654 1582 intellegentiamque
693 1529 905 1580 nostram,
945 1541 1084 1568 11011110
1122 1527 1167 1567 111
1199 1527 1384 1569 maximo
1423 1542 1564 1569 errore

230 1586 453 1627 versatur?
497 1600 593 1627 cum
630 1586 742 1627 idem
781 1586 974 1640 omnino,
1013 1585 1113 1639 quia
1148 1585 1258 1626 nihil
1290 1600 1457 1640 semper
1488 1600 1563 1627 suo
1584 1597 1616 1623 25

233 1646 348 1685 statu
398 1647 588 1698 maneat,
644 1647 774 1699 neget
824 1659 915 1686 esse
965 1645 1193 1698 quiequam
1242 1645 1563 1699 sempiternum,

232 1717 373 1744 11011110
411 1703 535 1744 deum
569 1704 744 1745 omnino
776 1704 839 1744 ita
870 1703 1003 1756 tollit,
1040 1705 1088 1743 ut
1119 1703 1286 1744 nullam
1318 1703 1563 1758 opinionem

233 1762 323 1802 eius
355 1762 566 1816 reliquam
596 1762 757 1804 faciat?
790 1760 927 1810 Quid?
961 1765 1043 1815 aer,
1077 1776 1159 1816 quo
1192 1761 1407 1816 Diogenes
1433 1762 1563 1816 Apol-

232 1820 413 1861 loniates
451 1821 588 1861 utitur
625 1821 719 1874 deo,
758 1835 884 1875 quem
922 1835 1094 1861 sensum
1125 1820 1283 1861 habere
1315 1822 1459 1875 potest
1490 1823 1564 1862 aut

233 1893 361 1932 quam
407 1879 590 1920 formam
635 1879 730 1920 dei?
803 1878 896 1920 Iam
940 1879 989 1920 de
1032 1879 1226 1920 Platonis
1270 1879 1617 1920 inconstantiam

232 1937 409 1991 longum
436 1940 501 1979 est
527 1938 678 1991 dicere,
705 1938 777 1992 qui
802 1938 847 1979 111
865 1938 1042 1979 Timaeo
1068 1939 1236 1992 patrem
1264 1937 1389 1978 huius
1417 1938 1563 1979 mundi

232 1995 447 2038 nominari
482 1999 611 2051 neget
646 1996 790 2051 posse',
826 1997 871 2037 in
905 1995 1068 2051 Legum
1106 1998 1249 2037 autem
1287 1996 1425 2050 libris,
1464 1997 1564 2051 quid

233 2055 290 2095 sit
322 2055 495 2096 omnino
529 2055 643 2109 deus,
677 2055 846 2109 anquiri
873 2057 1068 2109 oportere
1094 2069 1180 2095 non
1208 2057 1389 2096 censeat.
1444 2054 1565 2104 Quod

233 2128 333 2154 vero
367 2114 456 2154 sine
489 2128 664 2168 corpore
696 2114 786 2155 ullo
819 2113 943 2154 deum
974 2113 1068 2154 vult
1099 2127 1210 2167 esse,
1241 2116 1290 2154 ut
1323 2113 1473 2155 Graeci
1506 2114 1565 2154 di-

234 2174 353 2226 cunt,
397 2169 646 2226 ἀσώματον,
684 2172 726 2212 id
764 2172 888 2226 quale
927 2186 1017 2212 esse
1054 2173 1207 2226 possit,
1245 2172 1438 2228 intellegi
1477 2187 1564 2214 non
1583 2182 1617 2209 ³5

233 2233 393 2286 potest,
433 2233 576 2271 careat
613 2230 725 2271 enim
764 2245 890 2271 sensu
928 2244 1099 2272 necesse
1139 2233 1221 2285 est,
1254 2234 1396 2272 careat
1434 2232 1563 2272 etiam

233 2289 476 2344 prudentia,
525 2291 668 2330 careat
711 2289 951 2343 voluptate,
1002 2304 1108 2343 quae
1153 2290 1299 2331 omnia
1342 2305 1426 2331 uua
1469 2304 1565 2331 011111
