1685 2568
211 304 254 357 εἰ).

209 1118 252 1149 23

211 1647 255 1678 ⁴24

281 77 368 118 204
749 74 813 109 DE
839 74 1157 110 DIVINATIONE

279 171 402 214 Nihil
440 174 583 213 autem
621 173 687 212 est
717 185 796 225 pro
829 173 944 212 certo
976 169 1187 224 futurum,
1226 169 1339 224 quod
1367 173 1513 226 potest
1544 171 1619 213 ali-
1665 188 1668 191 ’

280 245 366 286 qua
396 230 698 285 procuratione
731 229 919 271 accidere
950 242 1003 270 ne
1034 229 1122 269 fiat.

369 288 514 343 Atque
552 302 632 343 ego
669 302 722 328 ne
760 288 911 328 utilem
949 286 1119 341 quidem
1152 286 1339 328 arbitror
1370 301 1462 330 esse
1492 288 1617 330 nobis

279 347 523 389 futurarum
561 361 703 387 rerum
742 345 975 387 scientiam.
1037 344 1153 393 Quae
1191 345 1304 386 enim
1340 345 1431 387 vita
1465 345 1619 389 fuisset

280 406 472 459 Priamo,
512 405 549 446 si
586 405 640 446 ab
680 403 970 445 adulescentia
1000 404 1168 458 scisset,
1210 418 1316 458 quos
1348 407 1526 446 eventus
1557 419 1618 447 se·
1644 417 1665 444 5·

279 464 465 506 nectutis
481 465 594 505 esset
606 462 864 504 habiturus?
884 461 1102 504 Abeamus
1118 477 1143 504 a
1158 462 1331 516 fabulis,
1344 463 1548 518 propiora
1560 464 1619 506 vi·
1654 488 1659 497 ·

281 524 467 564 deamus.
506 520 856 564 Clarissimorum
877 520 1099 562 hominum
1123 523 1298 562 nostrae
1318 521 1504 563 civitatis
1525 536 1620 577 gra·
1666 563 1667 566 ,

279 575 480 623 vissimos
501 580 639 622 exitus
658 578 1022 621 inConsolatione
1037 580 1301 635 collegimus.
1333 579 1443 628 Quid
1456 580 1619 636 igitur}>
1661 585 1664 587 ’

279 643 329 682 ut
361 639 612 682 omittamus
645 638 904 693 superiores,
934 638 1135 680 Marcone
1166 637 1323 680 Crasso
1354 641 1482 693 putas
1512 639 1620 680 utile

278 698 412 740 fuisse
444 701 549 752 tum,
581 712 677 739 cum
709 697 919 738 maxumis
951 697 1104 751 opibus
1128 697 1397 752 fortunisque
1425 697 1619 752 florebat,
1639 712 1667 749 ιΙ

281 758 388 800 scire
416 756 498 798 sibi
517 755 742 798 interfecto
762 755 917 797 Publio
936 756 1028 797 filio
1049 756 1318 810 exercituque
1340 756 1478 798 deleto
1497 759 1620 798 trans
1664 771 1666 776 ·

279 816 548 871 Euphratem
568 829 664 857 cum
683 814 921 870 ignominia
940 816 983 855 et
1003 814 1206 856 dedecore
1222 829 1314 856 esse
1328 815 1619 869 pereundum?

281 876 351 916 An
365 873 440 916 Cn.
450 873 704 928 Pompeium
725 887 870 915 censes
890 873 1030 914 tribus
1051 873 1138 914 suis
1159 873 1467 928 consulatibus,
1479 874 1619 916 tribus

280 932 525 988 triumphis,
551 932 835 973 maximarum
861 946 1004 973 rerum
1031 932 1170 987 gloria
1196 932 1457 973 laetaturum
1475 931 1619 987 fuisse,

281 993 319 1034 si
354 992 483 1034 sciret
515 1005 559 1033 se
590 991 636 1032 in
667 990 897 1032 solitudine
929 990 1244 1046 Aegyptiorum
1274 991 1536 1033 trucidatum
1565 991 1620 1033 iri

281 1051 440 1093 amisso
486 1050 693 1103 exercitu,
735 1052 836 1104 post
878 1051 1061 1091 mortem
1104 1064 1205 1091 vero
1244 1064 1294 1091 ea
1330 1052 1621 1105 consecutura,
1663 1078 1665 1082 -

281 1124 390 1164 quae
428 1109 519 1150 sine
556 1108 746 1150 lacrimis
783 1123 870 1150 non
900 1122 1128 1163 possumus
1160 1108 1328 1150 dicere?
1378 1107 1488 1157 Quid
1519 1123 1620 1151 vero

281 1169 510 1210 Caesarem
540 1170 756 1222 putamus,
788 1167 825 1208 si
857 1167 1091 1208 divinasset
1121 1167 1213 1208 fore
1238 1169 1287 1208 ut
1310 1167 1357 1209 in
1380 1182 1430 1209 eo
1457 1170 1620 1222 senatu,

281 1242 407 1282 quem
438 1226 601 1268 maiore
633 1240 683 1267 ex
714 1228 837 1280 parte
868 1225 961 1279 ipse
993 1228 1249 1280 cooptasset,
1280 1225 1326 1267 in
1353 1225 1471 1268 curia
1495 1226 1619 1268 Pom-

280 1286 377 1341 peia
416 1287 515 1326 ante
551 1284 688 1339 ipsius
720 1284 914 1338 Pompeii
952 1284 1229 1326 simulacrum
1266 1287 1334 1327 tot
1365 1285 1667 1327 centurioni-20

280 1346 361 1386 bus
394 1344 482 1385 suis
514 1343 855 1398 inspectantibus
883 1358 908 1384 a
932 1343 1224 1384 nobilissumis
1252 1343 1427 1398 civibus,
1459 1344 1619 1399 partim

281 1404 412 1444 etiam
445 1417 470 1444 a
501 1417 545 1443 se
578 1402 776 1443 omnibus
802 1401 930 1442 rebus
957 1402 1132 1456 ornatis,
1162 1402 1401 1444 trucidatus
1426 1402 1490 1444 ita
1514 1402 1620 1445 iace-

280 1465 366 1516 ret,
406 1463 455 1502 ut
493 1460 547 1502 ad
587 1460 677 1502 eius
710 1474 863 1515 corpus
894 1474 981 1502 non
1012 1461 1137 1502 modo
1170 1460 1422 1515 amicorum,
1463 1461 1537 1503 sed
1566 1475 1620 1503 ne

282 1535 503 1562 servorum
548 1519 719 1574 quidem
763 1519 989 1573 quisquam
1031 1519 1264 1573 accederet,
1309 1534 1392 1574 quo
1430 1520 1619 1562 cruciatu

280 1579 414 1621 animi
454 1578 589 1620 vitam
627 1580 822 1620 acturum
858 1578 1018 1619 fuisse?
1069 1577 1194 1620 Certe
1231 1578 1367 1634 igitur
1402 1578 1617 1634 ignoratio
1637 1589 1665 1619 2!

280 1638 525 1680 futurorum
562 1637 775 1678 malorum
812 1637 962 1678 utilior
999 1638 1064 1678 est
1096 1651 1225 1691 quam
1256 1637 1444 1679 seientia.
1504 1636 1619 1680 Nam
1660 1652 1662 1654 ’

280 1697 388 1738 illud
426 1696 597 1750 quidem
639 1695 737 1749 diei,
774 1695 1029 1750 praesertim
1067 1710 1093 1737 a
1123 1693 1296 1750 Stoicis,
1332 1696 1453 1737 nullo
1491 1696 1618 1738 modo
1655 1713 1662 1721 ⁸

281 1757 443 1810 potest:
481 1754 582 1795 Non
618 1754 724 1795 isset
756 1754 809 1795 ad
841 1769 961 1796 arma
990 1753 1237 1809 Pompeius,
1273 1769 1360 1796 non
1390 1755 1620 1797 transisset

281 1813 463 1856 Crassus
509 1812 795 1867 Euphratem,
843 1827 930 1854 non
979 1813 1235 1868 suscepisset
1282 1813 1445 1855 bellum
1494 1814 1618 1856 civile

282 1872 452 1915 Caesar.
513 1871 613 1913 Non
648 1871 785 1927 igitur
820 1871 969 1913 fatalis
1010 1872 1148 1913 exitus
1185 1872 1447 1926 habuerunt,
1484 1872 1664 1914 vultisne

283 1934 428 1973 autem
466 1930 634 1972 evenire
673 1930 817 1971 omnia
846 1930 956 1984 fat03
991 1930 1100 1972 nihil
1133 1944 1234 1985 ergo
1265 1930 1354 1971 illis
1385 1930 1619 1986 profuisset

283 1990 492 2043 divinare3
525 1991 653 2043 atque
684 1989 814 2030 etiam
841 2003 1010 2030 omnem
1034 1988 1221 2030 fructum
1246 1989 1361 2031 vitae
1386 1989 1618 2044 superioris

282 2048 590 2104 perdidissent3
623 2047 724 2101 quid
756 2047 868 2088 enim
899 2049 1046 2102 posset
1077 2047 1129 2088 iis
1163 2062 1254 2089 esse
1286 2048 1447 2089 laetum
1480 2048 1618 2090 exitus

284 2121 383 2149 suos
417 2105 739 2162 cogitantibus?
790 2105 876 2159 Ita,
909 2120 1079 2160 quoquo
1113 2120 1204 2148 sese
1235 2106 1443 2148 verterint
1474 2105 1617 2160 Stoici,

282 2166 421 2207 iaceat
451 2178 622 2206 necesse
655 2167 721 2205 est
752 2165 889 2205 omnis
922 2179 1069 2206 eorum
1101 2165 1305 2206 sollertia.
1356 2163 1401 2206 Si
1426 2165 1538 2207 enim
1563 2165 1661 2220 id,s=

285 2224 398 2279 quod
441 2225 692 2266 eventurum
731 2225 812 2276 est,
856 2223 924 2265 vel
964 2223 1046 2265 hoc
1084 2224 1153 2265 vel
1191 2223 1268 2265 illo
1309 2222 1434 2265 modo
1474 2226 1618 2279 potest

285 2282 465 2338 evenire,
495 2281 671 2323 fortuna
701 2282 819 2323 valet
848 2281 1100 2337 plurimum3
1131 2296 1239 2337 quae
1271 2284 1415 2324 autem
1438 2281 1619 2324 fortuita
