1685 2568
504 113 593 148 ΜΒ.
619 113 664 148 11.
692 112 790 148 cAP.
819 117 850 147 1.
876 116 896 154 g
923 115 1022 146 1—3.
1351 111 1408 152 47

73 220 175 244 mum
200 208 352 243 ductum
377 209 434 243 est
458 219 480 242 a
505 206 668 252 corporis
694 204 846 239 humani
873 205 1073 247 structura,
1100 204 1257 239 alterum
1283 216 1306 238 a
1329 217 1410 250 per-

74 255 297 291 fectionibus
323 255 448 298 animi,
473 254 623 288 tertium
643 253 688 287 ab
708 252 884 295 utilitate,
911 262 1020 295 quam
1039 262 1096 285 res
1118 262 1199 285 cum
1220 252 1410 295 caelestes,

74 304 155 337 tum
186 304 379 337 terrestres
411 301 620 336 hominibus
652 299 837 341 adferant,
870 300 1040 343 quartum
1072 297 1229 342 denique
1256 298 1302 333 ab
1328 299 1410 333 illu-

75 349 217 393 atrium,
238 350 369 394 quibus
389 348 428 383 di
447 346 708 391 consuluerint,
728 346 918 380 hominum
937 344 1114 390 exemplis
1135 347 1228 390 (cap.
1244 349 1409 390 33—66).

164 550 280 600 Quae
317 565 413 592 cum
444 548 576 592 Cotta
617 549 811 602 dixisset,
848 550 940 589 tum
971 547 1181 589 Velleius:
1219 546 1285 589 Ne
1317 562 1409 603 ego,
1438 533 1457 614 ἒ

73 610 226 665 inquit,
256 610 465 662 incautus,
499 608 571 662 qui
598 622 692 649 cum
713 607 968 649 Academico
996 609 1039 648 et
1064 607 1212 648 eodem
1238 607 1410 648 rhetore

76 668 277 724 congredi
318 670 494 710 conatus
534 667 632 708 sim!
694 665 809 707 Nam
844 680 980 720 neque
1017 665 1273 707 indisertum
1304 666 1412 707 Aca-

76 727 284 768 demicum
315 726 635 781 pertimuissem
666 739 743 766 nec
775 724 864 766 sine
895 725 981 765 ista
1010 724 1288 779 philosophia
1319 724 1411 766 rhe-

39 796 55 821 5
74 789 215 828 torem
248 785 442 840 quamvis
476 784 765 838 eloquentem3
799 798 935 838 neque
968 783 1079 824 em‘m
1111 783 1284 824 flumine
1317 798 1412 825 con-

74 845 227 886 turbor
251 843 443 885 inanium
468 843 697 884 verborum
722 857 799 884 nec
825 842 1068 883 subtilitate
1088 842 1411 896 sententiarum,

75 904 112 945 si
150 903 357 945 orationis
396 904 462 943 est
500 901 681 943 siccitas,
742 901 807 942 Tu
839 903 999 954 autem,
1037 899 1186 955 Cotta,
1229 903 1411 955 utraque

74 976 120 1003 re
150 961 345 1016 valuisti,
380 975 537 1002 corona
567 961 648 1002 tibi
681 963 723 1002 et
753 960 912 1002 iudices
946 959 1181 1001 defuerunt.
1242 958 1325 1001 Sed
1357 959 1411 1001 ad

74 1021 161 1062 ista
193 1020 318 1073 alias,
348 1034 460 1061 nunc
491 1018 714 1073 Lucilium,
747 1019 783 1060 si
813 1019 896 1073 ipsi
928 1018 1198 1060 commodum
1231 1021 1308 1072 est,
1341 1034 1410 1060 au-

24 1090 56 1116 10
76 1079 254 1120 diamus.
303 1078 413 1119 Tum
437 1060 618 1119 Balbus:
649 1077 843 1119 Eundem
870 1077 1065 1130 equidem
1091 1077 1240 1118 malim
1267 1078 1412 1119 audire
1438 1090 1459 1120 2

76 1137 266 1191 Cottam,
317 1137 437 1190 dum,
485 1151 569 1190 qua
613 1136 857 1190 eloquentia
899 1136 1035 1177 falsos
1077 1136 1177 1177 deos
1223 1138 1413 1192 sustulit,

75 1196 223 1238 eadem
253 1210 377 1237 veros
409 1195 593 1236 inducat.
641 1194 723 1236 Est
755 1195 867 1236 enim
900 1196 942 1235 et
967 1194 1217 1249 philosophi
1243 1197 1285 1236 et
1310 1210 1413 1250 pon-

73 1255 202 1296 tificis
241 1256 284 1296 et
315 1252 468 1296 Cottae
507 1254 556 1295 de
595 1253 659 1294 dis
696 1253 998 1295 inmortalibus
1037 1253 1195 1294 habere
1233 1268 1320 1295 non
1352 1269 1412 1295 er-

74 1316 242 1355 rantem
274 1315 317 1355 et
347 1327 522 1368 vagam,
558 1314 607 1354 ut
639 1312 900 1365 Academici,
939 1312 1029 1365 sed,
1061 1314 1109 1353 ut
1140 1313 1296 1366 nostri,
1328 1315 1413 1354 sta-

23 1383 56 1409 15
74 1373 208 1414 bilem
245 1374 489 1426 certamque
522 1371 790 1413 sententiam.
852 1370 967 1412 Nam
999 1373 1149 1413 contra
1179 1370 1413 1426 Epicurum

76 1431 182 1473 satis
215 1445 425 1486 superque
457 1431 618 1472 dictum
651 1432 727 1472 est.
789 1428 871 1472 Sed
903 1444 1007 1471 aveo
1040 1430 1198 1484 audire,
1230 1433 1279 1472 tu
1310 1431 1414 1486 ipse,

76 1489 217 1544 Cotta,
249 1490 350 1545 quid
375 1489 547 1531 sentias.
598 1489 678 1542 An,
709 1489 861 1544 inquit,
893 1489 1054 1530 oblitus
1081 1503 1137 1543 es,
1163 1489 1265 1542 quid
1290 1490 1414 1532 initio

76 1549 267 1603 dixerim,
296 1548 466 1590 facilius
493 1563 572 1603 me,
597 1548 759 1590 talibus
784 1548 1040 1603 praesertim
1066 1548 1116 1589 de
1142 1548 1281 1601 rebus,
1313 1549 1415 1603 quid

74 1622 163 1650 non
211 1608 432 1661 sentirem,
463 1612 611 1662 'quam
655 1607 756 1662 quid
800 1607 1024 1661 sentirem,
1074 1621 1201 1662 posse
1245 1607 1412 1649 dicere?

41 1678 58 1704 0
77 1665 238 1716 Quodsi
268 1667 472 1708 haberem
504 1666 682 1721 aliquid,
722 1666 834 1721 quod
866 1666 1067 1720 liqueret,
1103 1669 1251 1707 tamen
1280 1669 1324 1708 te
1355 1667 1414 1708 vi-
1440 1676 1461 1707 3

76 1726 220 1768 cissim
259 1725 405 1767 audire
441 1725 614 1780 vellem,
653 1740 749 1766 cum
785 1725 877 1779 ipse
908 1727 1000 1766 tam
1031 1725 1169 1766 multa
1201 1725 1414 1767 dixissem.

75 1784 184 1826 Tum
215 1783 397 1826 Balbus:
430 1783 587 1826 Geram
617 1784 700 1825 tibi
731 1798 894 1825 morem
926 1786 970 1825 et
1002 1798 1129 1840 agam
1162 1799 1291 1839 quam
1322 1785 1414 1826 bre-

75 1843 263 1885 vissume
308 1846 479 1899 potero,
529 1843 686 1884 etenim
729 1843 935 1885 convictis
979 1842 1155 1897 Epicuri
1199 1844 1414 1885 erroribus

76 1901 209 1958 longa
234 1902 283 1944 de
310 1917 406 1944 mea
431 1902 721 1957 disputatione
742 1901 934 1943 detracta
955 1902 1093 1943 oratio
1115 1904 1192 1943 est.
1231 1902 1414 1944 Omnino

25 1969 59 1997 25
79 1960 272 2002 dividunt
300 1961 440 2003 nostri
469 1963 608 2002 totam
639 1961 769 2002 istam
794 1961 845 2002 de
871 1961 935 2002 dis
960 1961 1264 2002 inmortalibus
1291 1976 1415 2016 quae-

80 2018 263 2061 stionem
289 2019 335 2061 in
358 2020 496 2075 partis
523 2022 738 2074 quattuor.
785 2019 979 2061 Primum
1006 2020 1158 2062 docent
1184 2034 1276 2061 esse
1302 2020 1415 2074 deos,

80 2077 228 2119 deinde
261 2078 407 2132 quales
440 2079 544 2133 sint,
575 2081 669 2120 tum
701 2079 906 2120 mundum
938 2079 991 2120 ab
1023 2079 1076 2120 iis
1109 2079 1415 2133 administrari,

78 2139 298 2191 postremo
336 2137 555 2179 consulere
594 2152 665 2179 eos
702 2137 831 2179 rebus
867 2137 1079 2179 humanis.
1140 2137 1232 2179 Nos
1271 2141 1414 2180 autem

78 2194 161 2237 hoc
187 2209 392 2249 sermone,
425 2210 531 2250 quae
557 2196 703 2251 priora
728 2196 810 2238 duo
832 2199 943 2252 sunt,
970 2211 1206 2251 sumamus3
1237 2197 1415 2238 tertium

45 2256 124 2295 oet
167 2256 386 2308 quartum,
427 2254 528 2308 quia
569 2255 733 2297 maiora
777 2258 894 2310 sunt,
936 2258 1041 2311 puto
1086 2270 1178 2298 esse
1217 2255 1263 2296 in
1300 2254 1415 2297 aliud

81 2316 251 2367 tempus
289 2312 532 2354 differenda.
591 2313 769 2355 Minime
799 2329 919 2367 vero,
956 2314 1098 2366 inquit
1130 2313 1277 2364 Cotta;
1313 2328 1413 2354 nam
