1685 2568
456 96 545 132 ΜΒ.
571 96 598 130 1.
626 95 726 154 CAR
753 99 855 132 5—8.
887 100 906 137 ς
933 100 1058 131 9-13.
1336 97 1418 137 277

84 194 151 234 est
184 191 322 233 multo
353 192 604 246 proclivius,
641 191 763 232 nulla
793 191 1049 232 necessitate
1080 194 1300 245 premente
1331 206 1421 233 rem

84 250 302 303 publicam
339 264 489 305 regere
526 250 730 291 nesciant.
785 249 1012 303 Equidem,
1050 252 1099 290 ut
1129 264 1277 291 verum
1310 253 1422 291 esset

84 323 162 350 sua
198 309 423 350 voluntate
461 309 699 364 sapientem
737 307 988 349 descendere
1020 308 1074 349 ad
1104 308 1294 349 rationes
1327 308 1424 349 civi-

83 367 188 408 tatis
232 381 319 408 non
356 367 514 421 solere,
558 367 624 408 sin
662 368 804 408 autem
842 366 1108 421 temporibus
1147 368 1382 422 cogeretur,
1418 365 1422 414 !

48 438 64 463 5
84 428 176 466 tum
203 425 247 466 id
272 440 426 466 munus
454 425 634 480 denique
659 440 746 466 non
765 439 972 478 recusare,
1004 427 1150 466 tamen
1169 425 1279 466 arbi·
1306 426 1358 477 [p.
1380 436 1423 468 86

83 486 223 526 trarer
247 483 358 525 hanc
383 498 527 525 rerum
553 484 742 525 civilium
768 483 942 524 minime
961 483 1274 539 neglegendam
1294 484 1425 525 scien-

83 542 192 584 tiam
229 542 432 597 sapienti,
469 545 699 597 propterea
737 542 849 596 quod
887 542 1031 584 omnia
1062 544 1206 583 essent
1237 542 1275 583 ei
1305 557 1425 597 prae-

83 600 287 656 paranda,
314 601 468 655 quibus
495 601 680 642 nesciret
694 616 755 649 ,an
776 601 1004 654 aliquando
1026 601 1089 642 uti
1107 615 1279 642 necesse
1300 603 1424 642 esset.

171 658 290 701 Haec
333 659 530 714 pluribus
576 674 602 700 a
644 674 711 700 me
756 659 896 700 verbis
943 660 1055 700 dicta
1099 662 1199 700 sunt
1237 660 1291 701 ob
1331 674 1424 701 eam
1451 640 1495 723 32

31 730 66 756 ιο
84 733 270 772 causam,
300 718 414 772 quod
438 718 506 759 his
533 718 656 758 libris
683 720 776 759 erat
800 718 1001 759 instituta
1027 721 1069 759 et
1094 721 1294 773 suscepta
1319 718 1425 759 mihi

84 777 134 819 de
171 791 217 818 re
255 777 429 831 publica
467 776 723 831 disputatio,
762 791 869 830 quae
904 792 956 817 ne
987 777 1151 818 frustra
1181 777 1451 831 haberetur„

84 836 397 877 dubitationem
430 835 484 876 ad
515 849 605 876 rem
636 835 854 890 publicam
887 835 1079 891 adeunIdi
1109 836 1154 876 in
1185 836 1269 890 pri·
1302 837 1354 888 [p.
1382 847 1424 877 79
1453 854 1458 857 ⁴
1512 861 1520 870 ι

83 895 165 936 mis
198 894 325 936 debui
356 894 522 936 tollere.
584 894 649 936 Ac
679 896 825 935 tamen
857 893 894 935 si
925 895 998 948 qui
1028 897 1145 948 sunt,
1185 895 1258 949 qui
1288 894 1425 949 philo-

83 953 320 1008 sophorum
347 953 606 994 auctoritate
632 955 898 1006 moveantur,
930 953 1031 994 dent
1057 968 1232 1008 operam
1256 968 1425 1008 parum-

31 1024 64 1050 15
82 1027 159 1067 per
192 1015 320 1066 atque
354 1012 530 1053 audiant
562 1026 646 1065 eos,
679 1026 861 1066 quorum
894 1026 1062 1053 summa
1093 1015 1158 1053 est
1191 1012 1425 1054 auctoritas

83 1071 198 1126 apud
224 1071 496 1113 doctissimos
522 1070 717 1111 homines
741 1073 783 1111 et
804 1070 960 1125 gloria3
988 1085 1094 1125 quos
1115 1085 1194 1126 ego
1216 1071 1426 1125 existimo,

84 1130 256 1171 etiamsi
294 1130 367 1184 qui
403 1129 487 1184 ipsi
518 1143 609 1170 rem
640 1128 857 1183 publicam
888 1143 975 1170 non
1007 1129 1237 1184 gesserint,
1269 1132 1427 1183 tamen,

85 1189 287 1243 quoniam
325 1188 375 1229 de
413 1202 459 1229 re
495 1187 669 1242 publica
705 1187 844 1228 multa
882 1188 1143 1241 quaesierint
1175 1190 1217 1229 et
1250 1188 1427 1243 scripse-

82 1248 182 1301 rint,
207 1247 378 1288 functos
405 1261 497 1288 esse
524 1246 669 1301 aliquo
691 1246 755 1287 rei
773 1246 970 1301 publicae
990 1261 1175 1288 munere.
1217 1247 1305 1288 Eos
1324 1261 1426 1289 vero

30 1317 64 1343 20
83 1308 266 1361 septem,
306 1320 412 1360 quos
452 1304 604 1346 Graeci
648 1305 854 1360 sapientis
891 1302 1253 1360 nomilnaverunt,
1296 1307 1348 1358 [p.
1381 1316 1426 1347 80

83 1365 222 1406 omnis
254 1379 389 1419 paene
418 1364 541 1405 video
568 1364 612 1404 in
645 1364 785 1405 media
815 1378 860 1405 re
892 1364 1068 1419 publica
1099 1379 1192 1405 esse
1218 1367 1425 1406 versatos

81 1423 232 1478 Neque
264 1423 378 1464 enim
417 1425 483 1464 est
520 1423 611 1464 ulla
642 1437 727 1477 res,
765 1423 810 1464 in
841 1437 925 1477 qua
955 1423 1132 1477 propius
1165 1423 1219 1464 ad
1251 1423 1426 1465 deorum

80 1497 241 1525 numen
285 1482 424 1524 virtus
472 1482 646 1523 accedat
692 1481 898 1535 humana,
949 1496 1077 1536 quam
1118 1482 1307 1524 civitatis
1351 1485 1427 1524 aut

81 1542 263 1584 condere
294 1555 428 1582 novas
462 1543 536 1582 aut
568 1555 820 1582 conservare
851 1541 939 1582 iam
970 1540 1176 1582 conditas.

28 1611 63 1638 25
173 1599 337 1648 Quibus
369 1599 419 1640 de
444 1599 584 1653 rebus,
617 1599 818 1653 quoniam
844 1599 969 1640 nobis
996 1599 1191 1655 contigit,
1222 1602 1271 1641 ut
1296 1599 1426 1641 iidem

83 1661 126 1701 et
168 1659 215 1700 in
259 1658 444 1714 gerenda
486 1672 532 1699 re
574 1658 749 1713 publica
790 1658 952 1712 aliquid
990 1673 1180 1700 essemus
1218 1659 1426 1700 memoria

83 1718 261 1773 dignum
299 1716 516 1759 consecuti
554 1719 596 1758 et
633 1717 676 1757 in
715 1717 977 1771 explicandis
1010 1717 1252 1759 rationibus
1282 1732 1426 1759 rerum

82 1776 274 1819 civilium
318 1775 532 1830 quandam
574 1775 827 1817 facultatem
864 1790 951 1817 non
987 1773 1126 1832 moldo
1164 1790 1261 1830 usu,
1300 1777 1353 1828 [p.
1381 1786 1424 1818 55

83 1835 158 1878 sed
190 1835 319 1876 etiam
353 1834 495 1876 studio
527 1834 714 1876 discendi
746 1837 789 1876 et
820 1834 997 1876 docendi
1024 1834 1258 1889 †essemus
1284 1837 1426 1877 aucto-

29 1905 64 1932 30
81 1909 162 1948 res,
187 1909 283 1936 cum
309 1893 551 1948 superiores
578 1893 652 1934 alii
676 1893 860 1934 fuissent
884 1893 930 1935 in
950 1893 1313 1948 disputationibus
1334 1909 1426 1948 per-

81 1953 227 2009 politi,
262 1967 446 2007 quorum
478 1966 545 1993 res
578 1954 725 2008 gestae
755 1953 900 1994 nullae
931 1952 1243 2007 invenirentur,
1276 1953 1350 1994 alii
1380 1953 1426 1994 in

83 2011 268 2069 gerendo
310 2011 577 2066 probabiles,
621 2011 665 2051 in
706 2011 952 2053 disserendo
992 2011 1130 2053 rudes.
1191 2010 1281 2053 Nec
1322 2026 1424 2053 vero

81 2073 232 2113 nostra
269 2070 478 2125 quaedam
517 2073 582 2111 est
619 2070 884 2111 instituenda
919 2084 1033 2111 nova
1070 2073 1113 2112 et
1152 2085 1178 2112 a
1207 2070 1333 2112 nobis
1365 2070 1425 2111 in-

81 2132 211 2172 venta
254 2129 385 2183 ratio,
427 2128 501 2170 sed
537 2128 663 2169 unius
703 2129 858 2170 aetatis
897 2129 1236 2171 clarissimorum
1274 2144 1322 2170 ac
1361 2143 1424 2170 sa-

29 2199 64 2227 ⁸5
82 2188 451 2244 pientissimorum
499 2190 674 2230 nostrae
720 2188 908 2230 civitatis
952 2188 1143 2229 virorum
1187 2187 1423 2243 disputatio

82 2247 314 2303 repetenda
363 2246 572 2288 memoria
610 2245 614 2299 Ι
656 2248 738 2300 est,
788 2261 896 2301 quae
939 2246 1046 2288 mihi
1089 2247 1254 2301 tibique
1299 2247 1351 2298 [p.
1379 2256 1422 2286 56

83 2306 298 2363 quondam
325 2305 644 2348 adulescentulo
672 2307 737 2347 est
764 2320 789 2347 a
812 2305 858 2347 P.
878 2305 1043 2347 Rutilio
1064 2305 1189 2360 Rufo,
1217 2303 1423 2359 Smyrnae

1452 1579 1496 1664 ᾗ,
