1685 2568
222 1566 242 1598 5

224 2039 245 2069 6

268 83 352 124 368
742 84 806 118 DE
831 84 895 119 RE
919 84 1127 120 PUBLICA

268 179 573 221 somniantium
604 180 962 235 philosophorum
994 195 1086 222 esse
1117 184 1358 224 commenta
1381 197 1459 225 nee
1482 182 1604 224 fabu-

268 238 332 279 las
369 238 656 293 incredibiles,
695 254 800 294 quas
832 239 1033 294 Epicurei
1071 239 1282 294 derident,
1320 241 1393 282 sed
1423 241 1603 296 pruden-

266 297 373 338 tium
407 298 685 339 coniecturas.
740 299 938 339 Insinuat
966 298 1194 350 Scipionem
1224 299 1360 350 illuni,
1391 301 1461 352 qui
1489 300 1603 341 Kar-

266 356 428 409 7177797776
456 357 673 410 subiuqata
703 370 919 409 609770777677
946 356 1133 408 familiae
1160 358 1315 410 peperit
1343 358 1604 410 Africanum,

265 415 358 456 liuic
387 415 588 468 Scipioni,
619 415 747 457 Pauli
775 416 880 468 filio,
908 415 1075 467 futuras
1105 429 1133 456 a
1157 416 1401 469 propinquis
1430 417 1605 459 insidias
1623 429 1639 454 5

266 477 303 514 et
335 474 480 525 fatalis
514 478 641 515 metae
671 475 910 515 denuntiaie
939 474 1205 526 curriculum,
1243 476 1349 528 quod
1377 476 1606 518 necessitate

265 546 527 573 numerorum
560 534 602 574 in
626 534 732 574 vitae
748 533 948 585 perfectae
973 536 1152 599 tempora
1175 537 1385 585 coartetur,
1411 535 1605 587 ponitque

265 591 385 632 illum
421 592 566 632 aetatis
601 605 698 633 suae
733 592 1062 644 977777977696377770
1093 605 1141 633 66
1170 596 1279 634 sexto
1310 606 1420 634 anno
1451 593 1607 636 duobus

266 650 313 690 in
341 663 382 692 se
412 650 641 692 coeuntibus
670 651 852 691 numeris
882 651 1106 692 absolutam
1137 651 1244 692 66670
1269 652 1467 703 67777776777,
1497 652 1606 694 unde

266 712 480 762 acceperat,
522 710 790 760 redditurum,
833 710 940 762 quod
979 712 1017 750 et
1055 710 1302 751 immortalis
1337 713 1436 752 esset
1472 711 1607 752 animi
1625 723 1658 748 ιο

265 769 486 820 mentisque
523 767 751 809 substantia
790 771 828 809 et
862 768 956 809 bene
992 769 1147 809 meritis
1183 769 1229 810 de
1264 782 1309 810 76
1340 769 1505 822 publica
1527 783 1606 822 pa-

266 827 442 879 triaeque
478 827 703 868 custodibus
735 827 851 868 lactei
878 827 1022 868 circuli
1052 827 1185 868 lucida
1218 840 1266 868 ac
1295 829 1469 870 candens
1494 828 1606 869 liabi-

268 886 365 926 tatio
408 885 621 927 deberetur.
681 885 913 940 (Favonius
953 886 1156 939 Euloqius
1201 899 1340 928 comm.
1382 887 1438 928 ad
1477 900 1605 929 somn.

219 978 248 1018 4
268 944 374 998 Scip.
398 958 443 997 p.
474 948 556 986 401
590 944 679 998 Or.)

355 1003 453 1045 Non
489 1003 597 1045 nulli
631 1004 762 1045 nostri
789 1007 959 1057 propter
993 1004 1196 1057 quoddam
1225 1004 1605 1057 praeclarissimum
1624 1016 1657 1042 15

269 1063 456 1115 loquendi
481 1076 608 1115 9677773
639 1066 675 1104 67
697 1067 866 1116 propter
895 1076 978 1104 non
1007 1063 1137 1113 nulla,
1169 1077 1271 1115 quae
1300 1064 1492 1105 veraciter
1521 1077 1607 1105 sen-

268 1122 332 1172 tit,
369 1125 553 1163 amantes
584 1121 804 1164 Platonem
840 1122 981 1163 dicunt
1015 1135 1107 1163 eum
1143 1122 1303 1175 aliquid
1329 1122 1462 1164 simile
1492 1122 1607 1164 nobis

267 1182 390 1221 6776777
420 1181 466 1222 776
491 1185 743 1222 mortuorum
767 1181 1055 1222 resurrectione
1078 1182 1257 1222 sensisse.
1307 1181 1423 1233 Quod
1445 1182 1606 1234 quidem

267 1241 326 1281 sic
356 1240 487 1293 7677977
516 1241 561 1281 777
594 1240 709 1282 libris
733 1241 780 1281 de
803 1253 846 1281 re
863 1240 1031 1292 publica
1052 1240 1224 1290 Pullius,
1255 1241 1304 1280 ub
1330 1254 1426 1280 eum
1452 1239 1605 1281 lusisse

267 1298 411 1353 potius
453 1313 581 1353 quam
621 1298 652 1351 †
681 1298 793 1353 quod
832 1298 875 1339 id
915 1313 1063 1340 verum
1104 1312 1197 1339 esse
1234 1298 1431 1340 adfirmet,
1469 1299 1606 1340 dicere
1626 1311 1659 1335 20

267 1357 466 1399 voluisse.
520 1358 689 1400 Inclucit
723 1359 830 1399 enim
872 1358 1074 1399 1707777776777
1115 1357 1307 1399 revixisse
1345 1361 1383 1399 et
1415 1371 1609 1400 narrasse

267 1418 482 1469 quaedam,
531 1430 634 1469 quae
675 1416 903 1459 Platonicis
947 1416 1286 1469 disputationibus
1328 1417 1607 1470 conqruebant.

221 1475 545 1556 5(Auqustinus
575 1477 622 1517 de
651 1477 723 1517 civ.
754 1477 818 1517 clei
848 1475 997 1517 XXII
1021 1474 1112 1529 28.)

357 1534 413 1577 In
442 1535 514 1576 1706
542 1535 602 1576 vel
625 1536 803 1577 maxime
828 1535 957 1588 operis
979 1534 1289 1577 similitudinem
1313 1535 1488 1576 servavit
1511 1535 1606 1576 imi-

269 1594 385 1645 tatio,
421 1595 543 1647 quod,
580 1608 671 1635 cum
701 1594 827 1636 Plato
864 1595 909 1635 777
938 1593 1157 1635 voluminis
1186 1593 1255 1646 (de
1283 1607 1327 1634 re
1348 1593 1483 1646 publ)
1513 1607 1605 1635 con·
1624 1605 1658 1631 25

269 1653 444 1695 elusione
467 1667 494 1694 a
513 1654 688 1706 quodam
705 1654 810 1695 vitae
829 1654 993 1703 reddito,
1018 1666 1143 1705 quam
1161 1652 1369 1704 reliquisse
1386 1652 1607 1704 videbatur,

269 1712 447 1753 indicari
479 1712 626 1764 faciat,
664 1713 735 1766 qui
769 1713 824 1754 sit
852 1715 1066 1753 exutarum
1096 1711 1327 1764 corporibus
1357 1714 1486 1753 status
1516 1712 1606 1752 ani-

269 1785 450 1822 marum,
493 1772 649 1813 adiecta
683 1772 862 1825 quadam
897 1770 1164 1823 sphaerarum
1205 1770 1265 1811 vel
1306 1770 1484 1811 siderum
1524 1783 1608 1811 non

270 1831 398 1871 otiosa
422 1831 694 1884 descriptione,
718 1844 856 1873 rerum
878 1830 1004 1882 facies
1026 1842 1110 1870 non
1131 1829 1352 1871 dissimilia
1370 1829 1607 1882 siqnifi'cans

270 1903 298 1930 a
333 1890 524 1930 Tulliano
556 1888 743 1943 Scipione
769 1903 846 1942 per
881 1890 1051 1941 quietem
1087 1888 1166 1930 sibi
1202 1888 1357 1941 77796376
1392 1890 1604 1930 narratur.
1624 1899 1656 1924 8⁰

223 1948 527 2028 6(]Ι[66707)7773
557 1949 602 1989 777
632 1962 757 1990 3077777.
789 1948 895 2000 Scip.
927 1947 959 1988 I
984 1951 1021 1988 1.
1051 1946 1114 2001 2.)

359 2008 487 2049 Hunc
516 2008 697 2048 omanem
730 2007 892 2048 Tullius
921 2021 1003 2048 non
1033 2020 1071 2046 77
1063 2019 1188 2047 inore
1218 2006 1369 2047 iudicio
1398 2019 1607 2048 reservans

270 2080 394 2119 quam
430 2067 590 2119 777967770
627 2069 805 2119 repertus
842 2069 909 2107 cst.
963 2065 1186 2118 Postquam
1222 2065 1268 2105 in
1303 2065 1415 2106 0777777
1444 2065 1504 2106 767
1526 2078 1606 2117 pii-

271 2126 396 2167 blicae
425 2126 504 2167 otio
534 2138 582 2166 ac
612 2126 765 2177 77690770
788 2125 977 2178 palmam
1006 2124 1188 2166 iustitiae
1218 2123 1462 2176 disputando
1488 2124 1605 2174 dedit,

270 2198 409 2226 sacras
451 2184 744 2225 immortalium
787 2186 1024 2225 animarum
1059 2183 1168 2225 sedes
1203 2185 1240 2224 et
1274 2182 1503 2223 caelestium
1537 2196 1605 2223 ar·
1624 2192 1653 2218 35

270 2258 375 2285 eana
411 2244 619 2296 reqionum
655 2243 702 2284 in
732 2244 820 2297 ipso
850 2243 1119 2284 consummati
1149 2242 1281 2295 operis
1307 2241 1474 2294 fastiqio
1505 2241 1605 2282 loca·

269 2303 329 2344 vit
363 2303 568 2354 indicans,
604 2315 681 2355 quo
718 2301 782 2344 liis
811 2302 1125 2355 perveniendum
1162 2300 1222 2342 vel
1245 2301 1384 2354 potius
1414 2303 1605 2341 reverten-
