1685 2568
441 124 530 159 LIB.
558 124 602 161 ΙΙ.
631 123 731 161 ΟΑΡ.
758 129 895 160 31-33
922 129 941 168 ξ
968 130 1117 161 53-58.
1367 128 1452 169 325

114 221 240 277 plura
276 220 466 276 insignia
504 223 647 262 essent
683 221 838 275 inperii
875 221 919 262 in
958 221 1095 262 libero
1132 222 1295 276 populo
1328 237 1456 276 quam

114 280 160 321 in
184 293 317 335 regno
343 280 538 321 fuissent.
588 279 715 321 Haud
741 279 966 321 mediocris
992 279 1072 333 hic,
1104 282 1153 322 ut
1179 295 1258 336 ego
1286 281 1456 334 quidem

113 338 334 394 intellego,
372 339 438 379 vir
474 338 575 391 fuit,
614 339 686 392 qui
724 338 891 380 modica
929 338 1131 380 libertate
1162 339 1322 393 populo
1356 340 1457 380 data

113 396 282 438 facilius
309 397 449 438 tenuit
469 397 770 438 auctoritatem
791 397 1044 452 principum.
1081 396 1230 451 Neque
1252 411 1330 453 ego
1352 397 1457 439 haec

79 466 225 497 bnunc
269 455 360 497 sine
404 469 532 497 causa
576 458 665 496 tam
706 458 851 497 vetera
890 455 1013 497 vobis
1052 458 1096 496 et
1132 458 1224 497 tam
1262 457 1457 497 obsoleta

116 514 315 568 decanto,
343 514 348 566 Ι
377 514 451 555 sed
481 514 738 555 inlustribus
770 515 817 555 in
847 514 1042 569 personis
1073 514 1275 568 tempori·
1307 515 1360 567 [p.
1391 526 1456 556 186

115 573 280 627 busque
318 573 513 627 exempla
543 573 765 614 hominum
798 587 1025 628 rerumque
1057 572 1231 627 definio,
1263 573 1317 614 ad
1349 588 1456 628 quae

114 632 282 685 reliqua
315 631 453 672 oratio
487 631 707 685 derigatur
738 646 843 672 mea.

203 689 359 731 Tenuit
399 689 533 744 igitur
571 690 652 731 hoc
682 690 727 730 in
760 693 878 731 statu
912 693 1085 732 senatus
1117 705 1208 732 rem
1239 691 1457 746 publicam
1472 677 1527 760 ἒξ

62 760 97 786 ιο
115 748 385 803 temporibus
417 749 515 802 illis,
547 751 594 789 ut
625 748 670 789 in
701 749 860 803 populo
892 749 1027 790 libero
1059 765 1195 804 pauca
1226 764 1302 804 per
1327 765 1458 804 popu-

114 807 216 861 lum,
247 807 452 862 pleraque
484 809 658 848 senatus
686 808 943 849 auctoritate
969 810 1012 849 et
1036 808 1237 850 instituto
1265 824 1313 850 ac
1340 823 1457 850 more

116 868 385 922 gererentur,
430 869 557 920 atque
602 866 666 907 uti
711 866 906 908 consules
947 869 1211 922 potestatem
1248 868 1459 909 haberent

113 927 308 980 tempore
341 925 566 966 dumtaxat
599 940 795 979 annuam,
823 925 828 979 Ι
857 939 1011 981 genere
1042 927 1136 980 ipso
1170 941 1219 968 ac
1244 927 1335 968 iure
1363 928 1416 979 [p.
1437 936 1458 968 5

116 984 292 1039 regiam.
356 983 561 1038 Quodque
594 987 686 1025 erat
718 984 770 1025 ad
803 985 1082 1039 optinendam
1113 986 1355 1039 potentiam
1386 1000 1459 1027 no>

62 1053 96 1080 15
114 1043 268 1084 bilium
300 1043 370 1084 vel
401 1043 654 1097 maximum,
685 1043 960 1084 vehementer
990 1044 1034 1084 id
1064 1044 1349 1098 retinebatur,
1387 1059 1459 1099 pon

113 1102 206 1158 puli
238 1101 414 1144 comitia
444 1117 497 1143 ne
529 1104 673 1143 essent
704 1105 811 1155 rata,
846 1102 932 1142 nisi
964 1116 1014 1144 ea
1044 1105 1217 1157 patrum
1251 1103 1459 1158 adproba-

113 1161 248 1203 visset
280 1161 527 1202 auctoritas.
579 1161 722 1215 Atque
754 1160 822 1201 his
849 1161 954 1215 ipsis
980 1161 1248 1215 temporibus
1274 1162 1460 1203 dictator

115 1220 247 1260 etiam
291 1222 358 1260 est
401 1219 627 1261 institutus
671 1219 816 1261 decem
858 1220 947 1260 fere
994 1220 1115 1261 annis
1159 1223 1260 1275 post
1296 1221 1458 1275 primos

115 1279 329 1333 consules,
366 1278 413 1319 T.
444 1278 639 1332 Larcius,
676 1293 921 1332 novumque
958 1278 1001 1319 id
1034 1293 1168 1334 genus
1200 1279 1371 1334 imperii
1401 1279 1460 1321 vi-

61 1348 96 1374 20
116 1352 211 1379 sum
237 1339 303 1379 est
323 1339 366 1378 et
390 1337 635 1392 proximum
662 1337 934 1378 similitudini
954 1338 1109 1392 regiae.
1148 1336 1231 1379 Sed
1253 1336 1256 1394 Ι
1280 1340 1341 1380 ta·
1363 1340 1416 1390 [p.
1437 1350 1458 1380 6

113 1410 213 1437 men
256 1396 400 1437 omnia
444 1410 612 1437 summa
662 1411 758 1438 cum
809 1396 1067 1438 auctoritate
1117 1411 1143 1439 a
1191 1397 1458 1452 principibus

113 1455 289 1497 cedente
314 1455 473 1510 populo
500 1455 771 1509 tenebantur,
802 1469 1070 1511 magnaeque
1096 1469 1165 1497 res
1190 1457 1458 1510 temporibus

112 1513 203 1555 illis
235 1529 260 1554 a
290 1513 541 1555 fortissimis
573 1514 679 1556 viris
712 1528 879 1555 summo
911 1514 1093 1569 imperio
1125 1515 1345 1570 praeditis,
1378 1515 1459 1557 dic-

113 1573 330 1614 tatoribus
363 1575 492 1627 atque
523 1573 784 1627 consulibus,
815 1573 920 1614 belli
953 1574 1225 1628 gerebantur.

62 1642 96 1668 25
205 1630 287 1673 Sed
318 1631 381 1686 id,
418 1632 530 1686 quod
560 1632 654 1673 fieri
683 1634 841 1673 natura
872 1646 1015 1673 rerum
1046 1632 1142 1687 ipsa
1173 1633 1373 1688 cogebat,
1411 1636 1460 1675 ut
1473 1619 1529 1702 ἒξ

114 1690 358 1746 plusculum
403 1690 486 1731 sibi
524 1690 630 1732 iuris
667 1691 853 1745 populus
894 1691 1150 1732 adscisceret
1188 1691 1396 1733 liberatus
1435 1707 1461 1734 a

114 1749 302 1805 regibus,
333 1764 421 1791 non
448 1750 579 1803 longo
605 1750 849 1804 intervallo,
881 1752 1001 1791 sexto
1029 1750 1192 1792 decimo
1218 1750 1308 1792 fere
1335 1766 1461 1806 anno,

114 1807 323 1850 Postumo
363 1807 571 1863 Coffminio
604 1807 674 1863 Sp.
707 1807 856 1850 Cassio
894 1808 1142 1850 consulibus
1180 1824 1324 1851 conse—
1357 1811 1410 1862 [p.
1440 1821 1459 1852 7

115 1869 238 1909 cutus
284 1869 367 1922 est,
410 1867 455 1908 in
501 1881 584 1921 quo
628 1867 764 1908 defuit
799 1866 986 1909 fortasse
1023 1868 1155 1923 ratio,
1199 1868 1274 1910 sed
1313 1872 1460 1910 tamen

61 1935 96 1962 ³0
115 1925 249 1967 vincit
287 1925 384 1981 ipsa
414 1940 556 1967 rerum
589 1926 858 1980 publicarum
889 1929 1047 1968 natura
1078 1941 1206 1982 saepe
1236 1928 1460 1970 rationem.

114 1983 164 2026 Id
190 1984 304 2026 enim
328 1987 534 2039 tenetote,
568 1985 680 2038 quod
705 1985 830 2026 initio
857 1985 956 2039 dixi,
981 1985 1066 2027 nisi
1091 1986 1330 2040 aequabilis
1355 1987 1460 2028 haec

114 2043 161 2085 in
192 2043 366 2085 civitate
399 2043 677 2099 conpensatio
711 2044 768 2084 sit
800 2046 842 2085 et
872 2044 978 2085 iuris
1012 2047 1055 2086 et
1087 2045 1217 2087 officii
1250 2047 1293 2087 et
1318 2061 1461 2087 mune-

115 2102 187 2156 ris,
219 2105 268 2144 ut
299 2105 342 2144 et
373 2103 605 2158 potestatis
639 2102 745 2144 satis
775 2102 822 2144 in
852 2104 1183 2158 magistratibus
1210 2106 1253 2146 et
1280 2105 1461 2146 auctori-

116 2161 221 2202 tatis
252 2161 299 2203 in
329 2162 572 2217 principum
604 2161 783 2203 consilio
817 2164 860 2203 et
891 2162 1107 2204 libertatis
1132 2163 1178 2204 in
1203 2164 1364 2218 populo
1392 2163 1460 2216 sit,

63 2229 97 2256 ³5
115 2234 203 2261 non
245 2235 371 2275 posse
415 2221 528 2262 hunc
570 2218 979 2276 incommultabilem
1019 2222 1083 2263 rei
1118 2222 1316 2277 publicae
1358 2223 1411 2273 [p.
1439 2232 1459 2263 8

117 2279 362 2321 conservari
406 2282 579 2321 statum.
641 2278 756 2320 Nam
800 2294 895 2320 cum
940 2282 1053 2321 esset
1097 2295 1146 2321 ex
1186 2295 1282 2321 aere
1320 2280 1459 2321 alieno
1487 2287 1529 2319 58

117 2340 334 2380 commota
364 2338 535 2391 civitas,
565 2338 689 2393 plebs
722 2340 912 2379 montem
945 2353 1114 2380 sacrum
1144 2339 1276 2393 prius,
1312 2339 1460 2380 deinde
