1685 2568
547 99 830 136 ADNOTATIO.
853 99 1051 136 CRITICA.
1431 101 1466 137 V

132 193 286 238 deqred„
305 197 359 228 85.
375 198 396 239 9
416 195 548 237 demet„
567 192 625 228 off.
646 193 680 227 II
702 196 755 229 18.
776 197 821 229 64
840 194 960 230 delabi
977 195 1046 230 etc.
1067 215 1110 220 —
1130 194 1170 230 P.
1191 199 1245 230 18.
1261 199 1305 230 28
1325 197 1465 231 immor-

133 241 289 275 talibus
312 240 463 286 probab.
490 240 627 284 Davis.,
652 239 784 275 Heind.
817 261 860 266 —
892 240 930 275 P.
967 245 1019 276 19.
1055 245 1099 276 22
1131 242 1277 277 deorum
1306 243 1464 287 ipsorum

132 297 207 321 non
236 289 336 322 recte
368 287 533 323 Schoem.
569 288 612 321 ut
642 297 752 331 saepe
783 287 821 322 in
852 289 922 323 hoc
953 298 1088 332 genere
1123 288 1266 333 priores
1301 290 1465 332 secutum

132 335 293 378 ipsorwm
323 336 468 370 deorum
497 334 555 370 est
587 333 667 369 ‘der
697 333 869 369 Existenz
899 334 964 369 der
996 335 1151 370 (ἰδῇ-,ρι’
1187 356 1230 361 —
1261 334 1299 372 P.
1332 339 1388 370 20.
1421 340 1466 371 20

132 382 180 414 sit
222 380 327 416 codd.
371 383 487 426 recte,
530 382 572 416 ut
615 380 763 426 opinor,
806 386 856 416 est
891 381 1013 418 Madv.
1057 382 1116 417 fin.
1160 394 1197 428 p.
1234 387 1314 426 444,
1357 381 1465 425 Bais,

134 426 315 471 Schoem.;
350 427 394 464 cf.
426 440 461 473 p.
494 432 550 463 42.
578 431 631 472 15,
664 431 720 463 48.
749 432 779 471 1,
806 432 884 463 253.
912 432 967 472 28,
999 433 1078 464 273.
1110 433 1166 473 37,
1192 433 1272 464 410.
1299 434 1355 473 36,
1386 432 1465 465 280.

132 478 189 516 33,
222 478 299 509 382.
334 479 393 517 12,
425 475 472 509 ad
503 475 609 510 Tusc.
642 486 677 520 p.
710 478 788 509 309.
826 479 881 510 30.
922 496 963 500 -
1001 475 1038 509 Ρ.
1078 479 1133 511 20.
1173 480 1216 511 33
1255 481 1468 512 cernantur»-

133 519 299 556 Schoem.
321 542 364 546 —
383 521 422 556 P.
443 525 498 557 20.
519 526 564 557 35
577 532 657 565 sqq.
678 533 711 556 v.
731 521 864 557 Hirzel.
881 521 1240 567 ‘Untersuchungen'
1262 535 1298 568 p.
1318 527 1362 558 49
1375 535 1467 567 sqq.,

131 567 291 603 maxime
321 580 356 613 p.
390 573 432 604 61
460 580 554 613 sqq.;
587 568 681 603 Bait.
715 569 754 603 et
785 568 950 604 Schoem.
990 569 1035 604 de
1066 569 1235 604 Walkeri
1272 570 1366 605 coni.
1404 581 1467 614 ap-

126 615 258 660 pellat,
294 616 355 650 sed
390 616 612 661 imaqz'nibus
646 635 694 641 —
724 617 921 661 perceptis;
957 627 1120 662 cumque
1155 637 1212 651 —.
1252 637 1294 642 -
1332 616 1370 651 P.
1410 621 1465 652 20.

132 665 176 696 37
210 663 318 697 series
347 661 509 707 Brieger.
548 662 694 707 (Hirzel.
731 674 766 708 p.
807 667 861 698 67.
900 676 933 698 n.
972 668 993 698 2
1031 665 1069 698 et
1105 664 1153 708 3),
1190 665 1321 708 species
1360 663 1466 699 codd.

132 709 171 742 et
189 708 270 743 edd.
293 729 336 734 —
355 709 393 743 P.
414 714 470 744 21.
500 714 517 744 1
539 711 588 745 ad
605 720 671 745 nos
688 708 826 753 Lamb.,
847 709 1026 753 Schoem.,
1052 711 1101 746 ad
1121 712 1204 746 deos
1224 710 1341 754 codd,
1361 723 1385 746 α
1403 712 1468 746 deo

132 754 240 798 Man,
264 755 361 792 Bait.
388 777 431 782 —
456 758 496 792 P.
523 760 578 791 21.
605 761 625 791 3
653 758 773 792 beatae
797 761 951 792 παίων-αθ
974 761 1007 792 et
1031 762 1195 793 aeternae
1220 757 1404 801 Schoem.;
1430 769 1465 792 v.

132 801 267 837 Hirzel.
292 815 327 847 p.
355 807 400 838 64
414 815 492 848 sqq.
520 824 563 829 -—
589 803 628 838 P.
655 808 710 839 21.
737 808 783 839 24
813 804 934 850 [ipso]
958 803 1124 839 Schoem.
1152 825 1195 830 --
1220 804 1258 840 P.
1286 809 1341 839 22.
1368 810 1388 840 6
1413 805 1467 840 ul-

132 851 268 885 timam
298 849 435 892 Davis,
460 850 606 895 Heiud„
637 850 732 885 Bait.
760 851 804 887 II.
831 871 874 877 —
906 851 944 885 P.
971 855 1027 887 25.
1053 855 1098 887 23
1129 853 1305 887 rutunda
1335 862 1354 886 e
1387 851 1466 887 cod.

131 897 163 930 A
189 898 394 941 (rutundia)
419 897 527 941 Bait„
554 909 598 932 ex
623 898 655 932 A
675 898 713 932 et
730 897 763 933 V
794 910 829 943 p.
857 903 911 933 62.
945 902 1001 942 25,
1028 903 1082 933 63.
1109 902 1154 933 20
1180 899 1218 933 et
1242 903 1298 942 31,
1330 902 1384 934 75.
1411 902 1468 943 35,

133 947 186 978 89.
219 948 258 987 43
290 955 323 978 v.
357 944 404 979 ad
436 945 542 980 Tusc.
575 956 610 989 p.
644 949 722 979 295.
756 949 788 979 2.
828 966 869 971 —
900 946 940 980 P.
972 950 1027 981 26.
1061 950 1082 980 9
1116 945 1220 990 Quod
1244 945 1356 990 vulg„
1381 947 1469 991 quia

131 990 250 1034 codd.,
276 990 359 1026 fori..
386 993 574 1037 quicquid,
602 992 700 1035 quod
724 992 798 1026 iam
824 991 908 1027 aliis
933 992 1086 1037 placuit.
1113 1013 1156 1018 —
1182 992 1220 1027 P.
1247 997 1302 1028 26.
1329 996 1373 1027 28
1399 994 1467 1028 de-

131 1042 225 1073 recto
245 1037 392 1083 scripsi,
417 1040 486 1074 dir.
514 1038 619 1073 codd.
647 1039 686 1073 et
710 1039 803 1082 edd,
829 1039 920 1074 item
944 1051 979 1084 p.
1007 1044 1062 1074 94.
1088 1043 1145 1083 20,
1171 1044 1226 1075 96.
1254 1043 1308 1083 15,
1335 1043 1390 1075 98.
1411 1044 1467 1083 29,

134 1088 211 1119 155.
234 1089 289 1128 11,
310 1089 388 1120 409.
405 1089 465 1128 29;
493 1085 558 1120 sed
577 1087 649 1121 der.
671 1085 787 1129 codd„
809 1085 954 1129 Christ„
974 1086 1094 1120 Halm.
1114 1098 1149 1131 p.
1165 1091 1243 1121 242.
1265 1091 1309 1122 25
1331 1089 1369 1122 eb
1388 1091 1467 1122 325.

133 1135 165 1174 8,
192 1131 271 1166 cod.
297 1131 327 1165 B
352 1144 387 1176 p.
417 1136 492 1166 101.
520 1136 563 1166 32
591 1133 739 1176 (dixerit
761 1144 796 1177 p.
826 1137 902 1168 157.
930 1136 981 1176 7);
1008 1134 1055 1167 ad
1074 1133 1187 1168 Acad.
1213 1146 1249 1178 p.
1271 1137 1325 1169 50.
1349 1138 1402 1168 11.
1424 1154 1468 1159 -

131 1178 170 1213 P.
204 1182 259 1214 28.
293 1182 336 1213 27
369 1180 678 1224 anticipatumque
708 1179 820 1224 vulg,
852 1179 1030 1222 Schoem.,
1058 1190 1127 1214 om.
1153 1179 1249 1214 Bait.
1277 1201 1320 1206 -—
1346 1179 1384 1215 P.
1412 1184 1467 1215 28.

132 1229 175 1260 33
205 1226 368 1270 primum
398 1226 577 1271 quidquid
608 1225 687 1260 cod.
715 1227 758 1270 A,
790 1228 960 1271 quiequid
985 1226 1059 1270 all„
1084 1237 1160 1261 non
1183 1226 1304 1262 minus
1329 1229 1371 1262 uh
1395 1227 1468 1262 usi-

131 1273 252 1307 tatum
285 1272 457 1307 Lucretio
495 1271 632 1317 (Madv.
667 1272 727 1307 fin.
764 1285 799 1318 p.
833 1277 925 1318 319),
964 1273 1018 1308 ita
1047 1274 1165 1318 recte,
1196 1275 1238 1308 1113
1269 1273 1414 1319 opinor,
1447 1286 1469 1309 a

134 1318 320 1354 Ciceronis
346 1319 551 1354 editoribus
576 1319 756 1355 reiectum
775 1331 884 1364 quam
908 1326 1084 1366 quatenus
1107 1322 1285 1366 quidquid
1303 1321 1363 1356 fin.
1382 1321 1416 1356 V
1436 1326 1467 1357 9.

134 1370 178 1401 24
205 1368 254 1411 (p.
288 1370 368 1402 245.
400 1369 472 1411 20),
504 1377 727 1411 quamquam
756 1367 827 1403 hoc
858 1367 1027 1402 defendit
1049 1367 1249 1413 Madvig.*)
1276 1389 1320 1394 -—
1345 1368 1384 1403 P.
1412 1373 1468 1405 29.

134 1417 154 1448 8
169 1425 221 1458 sq.
247 1415 437 1449 videbatur
462 1413 642 1458 Schoem.,
667 1415 833 1450 videatur
857 1414 976 1459 codd„
1001 1416 1143 1450 videtur
1160 1415 1256 1450 Bait.
1283 1436 1327 1442 -—
1352 1415 1390 1450 P.
1412 1420 1468 1451 29.

134 1464 178 1495 28
198 1460 295 1496 esse?
322 1460 535 1506 ‘pleraeque
556 1461 668 1504 edd.',
690 1460 868 1506 Schoem.,
888 1473 968 1497 esse.
1006 1461 1151 1506 Heind.,
1171 1461 1266 1497 Bait.
1287 1483 1332 1488 ——
1351 1463 1391 1498 P.
1412 1467 1468 1499 29.

134 1512 178 1542 36
205 1509 243 1542 et
267 1511 322 1542 30.
352 1513 369 1542 1
405 1519 545 1543 naevos
576 1508 694 1552 codd,
725 1508 839 1552 Bait.;
872 1508 916 1544 cf.
949 1521 984 1554 p.
1021 1513 1098 1544 210.
1127 1513 1181 1544 10.
1208 1529 1251 1535 —
1277 1509 1315 1544 P.
1343 1514 1398 1545 30.
1424 1515 1470 1546 34

134 1555 214 1590 ibin
238 1554 317 1590 cod.
344 1554 387 1597 A,
413 1556 502 1590 ibim
519 1555 599 1590 rell.
620 1556 660 1590 et
683 1555 764 1591 edd.
787 1576 830 1582 —
855 1555 894 1590 P.
921 1560 976 1591 31.
1004 1560 1024 1591 5
1044 1556 1163 1602 Argia
1183 1556 1301 1599 codd,
1326 1556 1421 1593 Bait.
1442 1558 1469 1601 I,

133 1602 275 1648 Argiva
298 1601 394 1636 Bait.
421 1602 464 1645 ΙΙ,
492 1602 677 1645 Schoem.;
703 1603 747 1637 cf.
774 1603 878 1646 Tusc.
906 1607 983 1638 323.
1012 1608 1067 1639 28.
1094 1623 1139 1629 —
1169 1603 1208 1637 P.
1235 1608 1290 1639 31.
1317 1608 1362 1639 33
1386 1605 1469 1640 visu

134 1650 246 1693 vulg.,
268 1648 446 1692 Schoem.,
467 1660 537 1684 om.
559 1649 676 1692 codd,
695 1649 790 1686 Bait.
812 1671 855 1676 ——
875 1650 912 1685 P.
934 1655 989 1685 31.
1011 1655 1057 1685 34
1074 1652 1129 1686 ita
1149 1661 1219 1685 om.
1242 1650 1408 1686 Schoem.
1426 1672 1468 1676 ——

133 1695 171 1730 P.
184 1701 239 1731 32.
256 1700 298 1730 11
313 1697 401 1740 quid
414 1695 593 1740 Schoem.,
607 1698 702 1741 quod
716 1696 822 1732 codd.
835 1699 874 1732 et
887 1697 973 1732 cett.
989 1697 1071 1732 edd.
1085 1718 1125 1722 —
1141 1697 1180 1733 P.
1196 1701 1251 1732 32.
1266 1702 1312 1732 24
1325 1709 1471 1734 numero

133 1743 312 1784 Walker.,
337 1747 474 1778 natura
494 1743 611 1786 codd.,
632 1744 730 1789 vulg.
755 1765 794 1769 —
816 1744 854 1778 P.
874 1749 931 1779 33.
954 1749 997 1779 10
1017 1749 1236 1791 aryumento
1260 1747 1471 1780 sententiam

134 1790 275 1834 Lamb.,
301 1789 446 1833 Heind.,
473 1792 676 1836 argumenti
699 1795 784 1826 sent.
813 1791 931 1835 codd.,
961 1793 1183 1838 aryumentis
1206 1795 1292 1827 sent.
1319 1791 1471 1836 Manno,

135 1841 348 1883 argumenta
371 1839 565 1873 sententiae
588 1837 698 1881 Bait„
724 1838 890 1873 Schoem.
918 1838 992 1883 (hic
1018 1838 1132 1873 etiam
1157 1840 1359 1884 aryumenti
1377 1850 1471 1874 sum-

134 1896 230 1919 mam
255 1884 347 1919 coni.
374 1894 497 1929 opusc.
523 1885 575 1919 III
600 1889 667 1920 289
693 1885 731 1919 et
756 1888 848 1930 328).
898 1885 1060 1931 Madvig.
1088 1886 1132 1920 de
1157 1885 1218 1920 fin.
1243 1897 1278 1930 p.
1307 1890 1361 1928 66,
1390 1897 1473 1921 cum

137 1931 183 1966 de
216 1930 450 1966 conclusione
480 1931 634 1966 rationis
667 1932 706 1967 et
738 1932 946 1977 argumenti
981 1933 1126 1977 ageret,
1165 1932 1255 1976 quid
1292 1933 1471 1978 scriptum

136 1978 268 2022 vellet,
292 1989 367 2013 non
386 1978 491 2021 dixit,
516 1989 644 2013 verum
666 1979 790 2024 ‘longe
811 1979 920 2015 aliter
938 1981 1280 2026 arqzomentationem
1305 1981 1474 2015 concludi

137 2028 204 2069 (or.
230 2030 286 2060 35.
315 2029 393 2068 122,
419 2025 492 2060 inv.
519 2025 536 2060 I
567 2030 622 2061 32.
649 2029 708 2069 54)
741 2027 831 2070 dici,
864 2026 908 2061 de
939 2027 1009 2061 fine
1036 2027 1075 2061 et
1099 2027 1262 2062 extrema
1286 2028 1392 2071 parte
1417 2038 1473 2061 ar-

334 2072 341 2078 .
398 2073 404 2078 .
430 2073 440 2089 ,
763 2073 770 2080 .
861 2075 872 2090 e
1140 2074 1146 2081 .
1302 2086 1310 2092 ,

137 2073 948 2165 ΞΞἚΞΠἱῗῖᾕῗέἒηὶἓὲἓγῗιίἓέἒὶ.,ἓῖοὶῖἒῖαᾱὲῗὲῑ,
973 2073 1473 2166 {⁷⁰e‘11f‘33‘323ffiffl0332522ffl‘3

136 2167 346 2201 sententiam
383 2168 604 2202 concludere'
645 2169 779 2203 censet.
844 2168 1095 2212 ‘Sententiam,
1132 2179 1205 2203 rem
1240 2178 1315 2202 non
1352 2167 1472 2212 magis

231 2259 265 2303 *)
295 2259 348 2294 Ib.
380 2271 415 2295 v.
449 2265 491 2296 19
524 2261 757 2296 scribendum
784 2261 932 2296 videtur
954 2273 1020 2298 nec
1043 2263 1131 2307 quid
1156 2263 1272 2307 ipsius
1295 2272 1314 2296 e
1336 2265 1473 2297 natura

136 2308 198 2350 sit3
227 2306 271 2342 ef.
297 2319 333 2352 p.
360 2310 439 2342 246.
466 2311 498 2351 8,
524 2312 603 2343 256.
630 2312 685 2343 20.
