1685 2568
139 551 183 582 54

206 93 294 133 400
728 93 792 129 DE
819 93 1023 128 LEGIBUS

208 188 386 244 licitum,
417 188 454 230 si
484 191 632 244 posset
662 190 775 231 inter
806 204 878 231 eos
911 189 1074 244 aliquid
1106 189 1342 231 convenire.
1387 190 1450 232 M.
1482 187 1549 231 Io·

207 247 350 289 culare
398 247 509 289 istuc
553 248 741 303 quidem,
790 247 1019 302 Pomponi,
1069 250 1112 289 et
1157 263 1182 289 a
1225 247 1376 289 multis
1421 263 1547 303 saepe

208 306 412 361 derisum,
456 307 529 348 sed
572 321 651 362 ego
696 307 823 361 plane
866 307 1023 348 vellem
1066 321 1134 348 me
1179 306 1393 348 arbitrum
1436 308 1549 348 inter

210 365 435 420 antiquam
467 366 745 407 Academiam
783 368 826 406 et
857 364 1070 407 Zenonem
1108 365 1266 407 datum.
1325 366 1426 407 Am.
1457 364 1549 413 Quo

208 424 383 466 tandem
413 424 526 466 istuc
557 425 712 466 modo‘?
762 424 824 465 M
857 423 966 472 Quia
997 424 1047 465 de
1078 438 1124 465 re
1152 439 1238 466 una
1264 424 1403 465 solum
1429 423 1549 465 dissi·
1585 436 1602 462 5

209 483 321 537 dent,
352 483 403 525 de
429 483 580 525 ceteris
607 482 784 524 mirifice
809 485 1063 538 congruunt.
1106 483 1206 525 ATT.
1233 483 1319 524 Ain
1343 482 1546 524 tandem?

209 557 347 583 unane
380 545 445 583 est
476 542 616 583 solum
649 541 886 582 dissensio?
934 542 998 584 M.
1031 540 1148 590 Quae
1180 542 1351 596 quidem
1377 541 1431 583 ad
1456 555 1548 583 rem

209 601 441 655 pertineat,
477 615 579 654 una,
612 600 768 654 quippe
801 614 929 654 quom
962 600 1129 654 antiqui
1160 615 1303 653 omne,
1342 599 1455 655 quod
1487 614 1549 641 se-

209 659 393 701 eundum
422 662 623 701 naturam
649 661 773 712 esset,
805 673 888 713 quo
914 659 1159 700 iuvaremur
1183 659 1229 700 in
1253 659 1356 713 vita,
1388 659 1548 700 bonum

211 733 302 760 esse
334 718 616 772 decreverint,
646 717 717 759 hie
746 718 870 768 nihil,
900 718 984 759 nisi
1017 718 1130 772 quod
1160 716 1391 759 honestum
1423 720 1549 772 esset,
1570 730 1601 755 lc

210 777 375 832 putarit
411 777 584 818 bonum.
633 777 734 819 Am
765 775 950 818 Parvam
987 791 1088 818 vero
1121 776 1459 818 controversiam
1492 776 1551 817 di-

211 836 282 889 cis,
315 838 360 877 at
390 850 477 877 non
509 850 614 889 eam,
647 850 755 890 quae
787 835 961 876 dirimat
993 835 1154 877 omnia!
1203 836 1266 877 M
1294 834 1435 877 Probe
1461 835 1551 890 qui·

141 898 194 939 21
212 895 306 936 dem
344 895 543 948 sentires,
581 894 617 936 si
654 909 700 936 re
738 909 786 936 ac
823 909 910 935 non
946 894 1089 935 verbis
1129 894 1395 936 dissiderent.
1450 895 1551 936 Am

143 1376 186 1408 55

211 954 329 1009 Ergo
371 953 600 996 adsentiris
638 953 872 1007 Antiocho,
914 953 1122 994 familiari
1165 967 1279 1008 meo,
1319 951 1550 1019 (magistro

212 1013 325 1054 enim
363 1027 451 1055 non
489 1012 622 1054 audeo
655 1011 811 1068 dicere)
844 1026 1027 1067 quocum
1064 1011 1170 1066 vixi,
1207 1013 1251 1053 et
1290 1012 1364 1067 qui
1401 1026 1468 1053 me
1501 1023 1604 1053 01115

211 1071 372 1113 nostris
404 1086 539 1127 paene
571 1072 776 1114 convellit
807 1070 992 1112 hortulis
1026 1071 1284 1125 deduxitque
1315 1071 1361 1112 in
1390 1070 1552 1113 Acade-

214 1131 344 1172 miam
375 1130 647 1186 perpauculis
679 1130 890 1185 passibus.
938 1130 1002 1171 M
1027 1129 1107 1171 Vir
1138 1130 1220 1171 iste
1251 1129 1335 1171 fuit
1364 1129 1440 1172 ille
1465 1130 1552 1183 qui-

212 1192 300 1232 dem
343 1189 528 1245 prudens
573 1192 616 1231 et
659 1192 810 1231 acutus
854 1192 898 1230 et
939 1189 984 1230 in
1027 1203 1104 1231 suo
1146 1203 1301 1244 genere
1337 1188 1551 1244 perfectus

213 1249 414 1303 mihique,
444 1250 494 1290 ut
525 1248 620 1303 8018,
650 1248 896 1302 familiaris3
928 1248 1029 1302 quoi
1057 1250 1205 1289 tamen
1229 1261 1309 1304 ego
1336 1247 1553 1289 adsentiar

212 1308 257 1349 in
294 1308 491 1349 omnibus
522 1322 671 1361 necne,
710 1322 809 1349 mox
839 1307 1004 1361 vider03
1047 1305 1129 1349 hoc
1160 1306 1272 1361 dico,
1309 1309 1552 1348 controver-
1572 1318 1606 1343 20

214 1367 322 1409 siam
359 1369 499 1408 totam
536 1366 666 1408 istam
703 1380 830 1432 posse
869 1366 1019 1407 sedari.
1075 1366 1175 1408 ATT.
1208 1363 1290 1414 Qui
1318 1365 1431 1407 istuc
1460 1367 1553 1406 tan-

214 1426 309 1467 dem
340 1425 487 1467 vides?
537 1426 599 1467 M.
631 1424 752 1479 Quia,
785 1425 833 1479 si,
863 1427 913 1466 ut
938 1424 1070 1466 Chius
1097 1424 1245 1466 Aristo
1279 1424 1386 1465 dixit
1411 1424 1553 1466 solum

213 1485 374 1527 bonum
411 1498 521 1539 esse,
559 1484 672 1538 quod
708 1483 937 1525 honestum
970 1486 1100 1537 esset,
1138 1483 1401 1548 malumque,
1439 1483 1554 1537 quod

213 1547 357 1599 turpe,
388 1546 551 1585 ceteras
583 1557 651 1585 res
685 1543 824 1584 omnis
855 1543 983 1598 plane
1013 1542 1130 1597 paris
1162 1556 1212 1584 ac
1242 1556 1295 1583 ne
1327 1541 1552 1583 minimum

215 1603 404 1658 quidem,
434 1605 580 1643 utrum
612 1602 811 1643 adessent
843 1616 897 1642 an
928 1602 1145 1654 abessent,
1175 1601 1395 1655 interesse,
1426 1601 1551 1642 valde
1570 1611 1605 1637 25

214 1677 240 1704 a
269 1661 510 1704 Xenocrate
548 1663 592 1703 et
622 1660 859 1702 Aristotele
890 1663 934 1702 et
964 1660 1018 1701 ab
1050 1660 1127 1701 illa
1157 1659 1354 1701 Platonis
1385 1634 1553 1701 ⁷familia

214 1721 476 1776 discreparet
520 1722 717 1775 essetque
760 1720 873 1761 inter
915 1733 986 1761 eos
1025 1719 1076 1760 de
1112 1733 1158 1760 re
1196 1719 1384 1760 maxima
1421 1721 1465 1760 et
1502 1718 1552 1760 de

215 1780 332 1822 omni
362 1778 533 1821 vivendi
563 1779 730 1821 ratione
762 1778 987 1832 dissensio,
1023 1792 1136 1819 1111110
1165 1791 1286 1831 vero,
1324 1792 1454 1832 quom
1486 1777 1553 1819 de·

215 1853 307 1892 0118,
339 1838 452 1893 quod
484 1838 650 1893 antiqui
682 1852 895 1879 summum
926 1837 1087 1878 bonum
1120 1850 1212 1878 esse
1244 1836 1451 1891 dixerant,
1481 1835 1553 1878 hic

215 1897 355 1939 solum
398 1897 559 1939 bonum
603 1897 733 1951 dicat,
775 1896 961 1950 itemque
1006 1895 1184 1937 dedecus
1228 1895 1294 1936 illi
1338 1905 1607 1936 summumao

214 1956 394 2011 malum,
436 1956 508 1998 hic
545 1956 699 2010 solum,
744 1955 932 2008 divitias,
971 1954 1280 2008 valetudinem,
1317 1954 1553 2009 pulchritu-

215 2015 357 2057 dinem
394 2015 640 2057 commodas
676 2029 744 2056 res
777 2014 983 2069 appellet,
1019 2028 1107 2055 non
1136 2013 1290 2067 bonas,
1327 2015 1553 2068 pauperta-

214 2077 321 2128 tem,
364 2074 649 2127 debilitatem,
693 2073 883 2115 dolorem
926 2072 1237 2125 incommodas,
1279 2086 1367 2114 non
1403 2072 1552 2126 1113138,

216 2131 349 2175 sentit
374 2132 499 2187 idem,
531 2132 645 2187 quod
668 2131 943 2186 Xenocrates,
975 2131 1088 2186 quod
1114 2130 1387 2185 Aristoteles,
1418 2131 1553 2184 loqui-

214 2195 286 2234 tur
323 2191 408 2234 alio
446 2191 585 2233 modo,
645 2191 712 2234 Ex
748 2191 829 2233 hac
866 2193 1010 2232 autem
1041 2205 1127 2232 non
1158 2204 1319 2243 rerum,
1357 2189 1431 2231 sed
1463 2204 1552 2231 ver·
1570 2199 1604 2225 3⁵

215 2251 368 2293 borum
407 2250 618 2293 discordia
654 2250 946 2292 controversia
983 2252 1049 2291 est
1079 2251 1184 2290 nata
1215 2248 1265 2290 de
1295 2248 1471 2302 finibus,
1508 2248 1553 2289 in

219 2323 319 2365 qua,
360 2310 562 2365 quoniam
593 2323 695 2351 usus
727 2309 949 2366 capionem
981 2307 1202 2350 duodecim
1232 2307 1407 2349 tabulae
1437 2307 1552 2348 intra
