1685 2568
358 67 446 103 LIB.
473 68 518 104 ΙῙ.
553 67 652 103 CAP.
679 72 830 104 47—50.
862 72 882 111 ξ
908 73 1081 104 98—104.
1302 69 1389 112 233

49 165 129 206 hoc
160 163 304 205 modo:
338 161 409 205 ‘Si
440 166 558 205 sunt
589 163 637 204 di
668 178 829 217 neque
862 166 978 205 ante
1011 164 1280 206 declarant
1304 166 1390 208 ho-

49 221 290 276 minibus,
335 237 460 277 quae
503 222 679 263 futura
723 222 846 275 sint,
891 225 979 263 aut
1020 237 1119 263 non
1163 223 1390 279 diligunt

49 281 280 323 homines
307 283 410 335 aut,
443 281 563 335 quid
588 283 886 322 eventurum
914 280 998 334 sit,
1030 280 1274 336 ignorant
1301 285 1389 323 aut

50 339 363 381 existumant
388 339 521 380 nihil
545 339 798 380 interesse
818 339 1075 380 hominum
1096 339 1245 393 scire,
1272 341 1389 394 quid

15 408 32 434 ⁵
51 398 120 440 sit
143 397 391 451 futurum,
418 400 504 439 aut
528 413 627 440 non
652 400 859 440 censent
879 412 988 439 esse
1009 412 1128 440 suae
1148 399 1388 440 maiesta-

50 456 117 498 tis
137 456 570 512 praesignificare
590 456 900 510 hominibus,
922 471 1047 510 quae
1067 460 1184 498 sunt
1202 457 1390 511 futura,

50 517 136 558 aut
175 529 233 556 ea
271 529 330 556 ne
370 515 473 570 ipsi
511 515 709 569 quidem
741 515 790 557 di
821 515 1124 571 significare
1155 518 1389 570 possunt3

50 576 100 616 at
129 587 291 627 neque
322 588 421 615 non
453 573 682 629 diligunt
713 588 803 616 nos
836 571 972 629 (sunt
999 574 1129 615 enim
1154 575 1460 617 benefici102

50 632 324 689 generique
356 632 617 674 hominum
649 630 818 688 amici)
850 647 1011 687 neque
1043 632 1293 688 ignorant
1318 649 1389 688 ea,

15 701 174 747 oquae
224 690 284 732 ab
329 691 459 745 ipsis
504 691 797 733 constituta
841 694 889 732 et
933 691 1209 747 designata
1253 695 1389 747 sunt3

48 763 207 804 neque
244 753 425 791 nostra
461 750 596 791 nihil
628 750 850 791 interest
882 750 1014 792 scire
1045 765 1119 804 ea,
1157 765 1283 806 quae
1315 751 1386 793 fu-

48 811 163 850 tura
195 811 329 862 sunt,
363 806 570 864 (erimus
603 809 735 850 enim
767 810 1051 863 cautiores,
1084 809 1126 850 si
1151 809 1388 866 sciemus)

47 881 206 922 neque
238 867 333 909 hoc
358 867 582 909 alienum
608 867 798 910 ducunt
824 868 1099 910 maiestate
1125 883 1214 910 sua
1239 867 1388 925 (nihil

49 927 126 968 est
157 926 289 967 enim
321 926 674 969 beneficentia
704 926 1080 982 praestantius)
1105 942 1267 983 neque
1291 943 1389 970 non

15 987 263 1041 ⁵possunt
294 985 472 1027 futura
496 1000 854 1041 praenoscere3
885 1000 984 1028 non
1009 986 1172 1042 igitur
1198 987 1246 1028 di
1272 990 1390 1028 sunt

46 1058 136 1086 nec
179 1043 489 1099 significant
531 1045 679 1086 nobis
725 1044 919 1098 futura3
964 1047 1081 1086 sunt
1120 1048 1286 1087 autem
1325 1046 1388 1099 di3

48 1102 358 1158 significant
390 1117 530 1159 ergo,
562 1106 611 1144 et
640 1117 756 1157 non,
790 1103 831 1144 si
864 1103 1171 1158 significant
1196 1104 1388 1158 futura,

46 1161 217 1204 nullas
274 1161 395 1203 dant
449 1161 559 1203 vias
614 1162 763 1203 nobis
821 1161 879 1203 ad
936 1161 1388 1217 significationum

48 1220 317 1262 scientiam
356 1219 570 1276 (frustra
608 1221 738 1262 enim
778 1220 1166 1276 significarent)
1199 1237 1308 1276 nec,
1346 1223 1389 1263 si

48 1279 168 1321 dant
205 1279 335 1333 vias,
378 1293 477 1321 non
515 1282 593 1320 est
631 1279 907 1334 divinati03
951 1282 1030 1320 est
1067 1280 1232 1335 igitur
1265 1281 1390 1322 divi-

46 1336 217 1380 natio?

45 1396 204 1438 fectum
229 1397 454 1452 negotium
478 1399 654 1452 putant!
685 1411 734 1438 ea
761 1400 936 1438 sumunt
961 1397 1015 1438 ad
1041 1398 1390 1453 concludendum,

48 1469 227 1511 quorum
258 1456 310 1496 iis
339 1456 448 1497 nihil
474 1456 731 1498 conceditur.
783 1455 1012 1498 Conclusio
1040 1459 1184 1498 autem
1209 1458 1389 1499 rationis

47 1528 98 1556 ea
126 1514 348 1569 probanda
379 1517 456 1568 est,
487 1514 533 1556 in
565 1529 649 1570 qua
680 1529 731 1556 ex
756 1515 884 1556 rebus
910 1529 998 1556 non
1023 1515 1163 1557 dubiis
1189 1516 1245 1571 id,
1277 1517 1390 1571 quod

49 1572 281 1626 dubitatur,
312 1573 508 1615 efficitur.

273 1337 308 1379 Ο
341 1340 489 1380 acutos
521 1338 734 1380 homines!
768 1353 897 1393 quam
928 1338 1074 1393 paucis
1107 1339 1249 1380 verbis
1282 1355 1377 1382 0011-
1394 1349 1461 1380 103

133 1631 319 1673 Videsne
345 1632 590 1687 Epicurum,
623 1647 749 1687 quem
780 1632 982 1674 hebetem
1008 1635 1051 1675 et
1077 1633 1225 1675 rudem
1251 1634 1389 1676 dicere
1405 1636 1463 1678 50

49 1690 188 1733 solent
213 1690 358 1745 Stoici,
391 1706 517 1746 quem
549 1691 602 1732 ad
633 1692 819 1745 modum,
852 1692 966 1746 quod
996 1692 1041 1733 in
1065 1695 1222 1734 natura
1247 1708 1389 1734 rerum

49 1763 188 1792 omne
233 1764 324 1791 esse
369 1750 566 1804 dicimus,
617 1750 660 1791 id
703 1750 920 1792 infinitum
966 1765 1058 1792 esse
1103 1752 1389 1793 concluserit?

50 1807 207 1857 ‘Quod
247 1808 457 1850 finitum
499 1808 610 1863 est',
656 1809 814 1863 inquit,
860 1809 1037 1851 ‘habet
1082 1811 1389 1852 extremuni?

0 1880 2 1897 >
49 1865 150 1916 Quis
181 1867 262 1909 hoc
287 1882 375 1909 non
400 1868 592 1909 dederit?
644 1867 805 1917 ‘Quod
838 1871 1006 1910 autem
1037 1868 1194 1911 habet
1226 1872 1390 1911 extre-

48 1940 193 1979 mum,
224 1926 274 1968 id
300 1927 528 1969 cernitur
555 1941 610 1968 ex
637 1927 740 1969 alio
768 1927 1119 1969 extrinsecus.'
1168 1927 1264 1970 Hoc
1290 1943 1390 1984 quo-

49 1998 128 2040 que
157 1987 222 2026 est
247 1986 576 2028 concedendum.
627 1985 725 2040 eAt,
758 1986 888 2040 quod
921 2001 1063 2029 omne
1090 1989 1185 2041 est,
1216 1987 1267 2029 id
1291 2002 1392 2029 non

48 2044 274 2086 cernitur
323 2059 380 2086 ex
424 2045 526 2086 alio
572 2044 923 2087 extrinsecus?
984 2044 1051 2087 Ne
1094 2045 1176 2088 hoc
1220 2046 1391 2101 quidem

47 2102 198 2158 negari
235 2105 391 2157 potest.
451 2103 618 2145 ‘Nihil
655 2103 817 2158 igitur
854 2119 962 2146 cum
999 2104 1189 2146 habeat
1228 2108 1391 2146 extre-

0 2167 5 2193 3
51 2175 196 2214 mum,
238 2162 507 2204 infinitum
552 2163 620 2204 sit
659 2177 868 2204 11000880
912 2162 1016 2205 est?
1077 2162 1282 2218 Videsne,
1326 2166 1374 2205 ut
1396 2171 1463 2202 104

50 2219 103 2261 ad
128 2234 219 2261 rem
245 2220 418 2262 dubiam
443 2235 470 2262 a
494 2221 709 2263 concessis
734 2221 861 2262 rebus
887 2222 1159 2277 pervenerit‘.>
1196 2222 1290 2264 Hoc
1316 2236 1392 2263 vos

50 2277 262 2320 dialectici
302 2294 388 2320 non
428 2279 588 2332 facitis,
628 2294 706 2322 nec
744 2280 885 2322 solum
923 2295 973 2322 ea
1011 2295 1099 2322 non
1135 2281 1305 2322 sumitis
1339 2280 1388 2321 ad
