1685 2568
531 100 813 137 ADNOTATIO
838 100 1042 136 CRITICA.
1382 102 1450 138 VII

114 207 186 231 uno
218 195 257 230 in
288 195 396 240 loco,
422 195 487 231 sed
520 195 574 229 ‘in
606 195 758 230 cunctas
783 194 946 238 undique
971 195 1096 240 partes
1122 195 1285 239 vagari’3
1313 207 1391 239 cur,
1418 195 1451 230 si

115 243 152 278 id
177 242 232 278 ita
263 244 335 286 est,
367 243 406 277 in
432 241 655 287 Capitolium
679 241 914 286 potissimum
940 252 1023 276 cum
1053 242 1310 286 pervenissent
1336 243 1449 287 ipsae,

114 289 162 324 ad
187 289 350 324 animum
375 288 597 325 referrentur
621 298 665 324 ac
689 298 763 322 non
787 287 911 322 ubivis
936 288 1100 322 animum
1129 287 1327 333 pellerent,
1363 289 1452 324 ‘loci

115 336 427 371 commemorandi
464 335 627 370 causam'
666 335 914 379 requirentem
949 345 1025 369 non
1062 334 1199 370 docuit.
1261 334 1340 380 Ego
1378 347 1452 370 non

115 382 262 426 dubito,
289 383 377 427 quin
396 381 540 426 Cicero,
567 381 597 417 si
623 381 657 416 ei
682 384 724 416 ut
743 381 852 417 docto
878 381 1020 416 homini
1045 381 1084 416 in
1102 383 1264 416 mentem
1289 383 1453 418 venisset

114 441 158 464 ac
181 431 369 465 mentione
394 428 548 474 dignum
572 427 694 463 visum
719 430 818 464 esset
841 428 897 472 id,
929 429 1029 473 quod
1058 428 1141 463 vult
1166 428 1451 472 Schoemannus,

115 477 160 511 de
192 476 375 511 erroribus
405 475 610 521 imaginum
640 475 806 520 illarum,
844 475 1002 510 absurde
1033 475 1242 510 addidisset
1270 477 1312 511 in
1345 476 1452 522 Capi-

113 525 240 559 tolium
259 535 339 559 cum
357 524 602 568 pervenerint,
629 522 687 556 sin
705 522 760 566 id,
788 522 887 567 quod
905 523 1038 558 natura
1056 533 1100 557 ac
1127 533 1217 557 sana
1241 534 1343 558 mens
1369 523 1453 567 fert,

117 571 236 606 dicere
262 569 437 614 voluerit,
470 569 602 605 animis
634 569 822 604 hominum
848 569 1030 614 imagines
1055 570 1284 604 mortuorum
1312 570 1366 605 ibi
1391 570 1453 605 ob-

116 617 254 652 versari
289 616 422 660 solere,
460 616 524 652 ubi
560 617 692 651 horum
728 616 835 661 quasi
871 616 1050 651 memoria
1079 616 1184 651 vivat
1215 618 1253 652 et
1283 617 1452 651 habitare

117 663 302 708 videatur,
328 663 624 699 commodissime
657 663 844 708 scripserit
867 665 1112 708 pervenerim.
1164 662 1216 698 Cf.
1245 663 1290 698 de
1317 664 1390 698 div.
1417 677 1452 709 p.

117 715 193 746 246.
220 714 334 755 8sqq.
364 731 407 737 —-
437 710 476 745 P.
504 715 558 746 39.
585 714 631 745 20
662 712 822 747 omnium
854 711 973 754 codd,
999 710 1112 755 vulg„
1137 711 1322 746 hominum
1345 710 1454 755 Bait.,

116 758 273 804 omnium
290 769 398 802 quam
424 757 518 792 coni.
538 756 670 792 Heind.
689 769 725 802 p.
746 757 824 792 XH.
849 778 897 784 —
920 757 959 792 P.
980 761 1035 792 40.
1058 762 1100 792 11
1127 758 1203 793 sint
1225 769 1316 803 quae
1335 758 1454 801 codd,

115 803 222 848 Bait„
248 809 334 839 sunt
357 816 448 849 quae
472 804 616 848 Heind,
643 804 810 839 Schoem.
838 825 881 830 —
905 803 944 839 P.
971 808 1026 839 40.
1056 808 1098 839 15
1128 816 1219 850 quae
1243 806 1347 840 nulla
1370 810 1456 841 sunt

117 862 186 886 om.
212 851 318 887 codd.
344 851 423 895 AH,
454 851 541 886 incl.
573 851 682 895 Bait,
715 851 882 886 Schoem.
909 872 953 877 —-
983 850 1022 886 P.
1049 856 1105 887 40.
1135 857 1177 887 16
1211 854 1384 898 agitare?
1412 873 1455 878 —

115 898 155 933 P.
175 902 230 933 40.
251 902 294 933 27
320 900 552 944 quarundam
576 900 805 943 (carundam)
824 898 973 933 Lachm.
994 897 1099 933 Lucr.
1118 910 1154 944 p.
1175 903 1255 942 220,
1277 899 1455 942 Schoem.,

115 946 309 981 earundem
334 946 414 981 cod.
440 945 485 988 H,
512 957 634 981 earum
659 945 700 988 B,
725 945 838 989 vulg.,
863 945 972 990 Bait,
997 946 1118 981 eadem
1144 945 1222 980 cod.
1249 946 1297 989 A;
1325 958 1364 981 eo
1389 958 1455 991 pro

115 1003 153 1028 eo
179 993 236 1027 est
259 991 298 1027 in
324 992 403 1027 cod.
430 991 460 1026 B
485 1004 520 1036 p.
548 996 625 1027 399.
653 997 708 1036 35,
734 1004 814 1027 eum
839 1003 907 1038 pro
938 1003 1018 1028 eum
1048 993 1087 1026 in
1112 993 1282 1028 omnibus
1313 1005 1349 1038 p.
1375 998 1455 1028 403.

115 1043 171 1083 22,
203 1049 353 1084 quorum
384 1038 423 1074 in
448 1039 511 1074 AB
537 1043 616 1074 396.
642 1043 699 1083 23,
725 1050 845 1074 corum
864 1039 904 1073 in
922 1039 966 1083 A,
992 1051 1142 1085 quorum
1167 1040 1205 1074 in
1223 1039 1253 1073 B
1274 1041 1312 1074 et
1331 1040 1365 1074 H
1390 1051 1456 1085 pro

115 1097 237 1121 eorum
261 1098 297 1130 p.
325 1090 403 1121 420.
431 1090 451 1120 9
478 1087 547 1121 etc.
575 1107 617 1111 —
642 1085 682 1121 P.
702 1090 758 1121 40.
781 1091 824 1121 32
851 1087 1009 1122 colorum
1032 1097 1099 1131 pro
1125 1088 1254 1131 florum
1277 1086 1456 1130 Walker.,

115 1133 212 1176 Ern.,
238 1132 382 1176 Heind.,
416 1132 582 1167 Schoem.
610 1153 653 1159 —-
684 1132 723 1167 P.
750 1138 805 1167 40.
833 1137 878 1168 34
909 1133 963 1168 Et
987 1133 1165 1177 Walker.,
1189 1138 1232 1169 ut
1257 1133 1375 1177 codd,
1401 1135 1458 1169 Ac

114 1180 213 1224 vulg.
241 1200 284 1204 —
309 1179 348 1215 P.
369 1183 425 1214 41.
449 1183 493 1214 25
517 1183 681 1215 vereatur
701 1179 806 1215 codd.
826 1179 902 1222 AB,
928 1179 1041 1225 vulg„
1068 1179 1248 1222 Schoem.,
1272 1186 1456 1216 moveatur

116 1225 195 1261 cod.
227 1225 272 1268 H,
298 1230 424 1271 pereat
448 1225 561 1269 Bait.;
592 1237 637 1262 ne
661 1227 814 1261 intereat
839 1226 918 1261 cod.
951 1225 992 1269 B,
1024 1227 1138 1271 vulg,
1171 1226 1351 1270 Schoem.,
1385 1239 1454 1263 om.

115 1273 193 1316 AH,
219 1272 314 1309 Bait.
342 1293 386 1298 ——
410 1273 449 1308 P.
483 1277 538 1308 41.
565 1277 611 1308 34
643 1273 781 1309 Xeroees
806 1273 901 1316 edd,
928 1273 1058 1309 Xerses
1084 1275 1297 1310 constanter
1322 1274 1457 1310 dixisse

114 1320 288 1355 videntur
323 1319 464 1362 Latini,
499 1320 599 1365 apud
632 1319 846 1355 Ciceronem
882 1320 970 1356 boni
1010 1320 1116 1355 codd.
1156 1321 1325 1356 omnibus
1364 1322 1457 1357 locis

115 1368 263 1412 praeter
287 1366 392 1402 Tusc.
424 1366 458 1401 V
484 1371 516 1403 7.
548 1371 593 1401 20
626 1368 691 1401 aut
717 1367 846 1403 Xerses
874 1368 939 1401 aut
963 1378 1098 1403 exerses
1128 1367 1287 1412 habent,
1318 1368 1379 1403 hic
1413 1369 1457 1403 de

114 1413 317 1449 Heinsiano
344 1415 443 1449 certe
468 1414 629 1448 testatur
653 1413 766 1457 Bait.;
792 1426 826 1449 v.
855 1414 910 1449 ed.
933 1413 992 1450 Or.
1019 1415 1053 1449 Π
1076 1427 1112 1460 p.
1135 1418 1213 1450 720.
1234 1419 1278 1450 29
1306 1415 1379 1460 (off.
1405 1416 1458 1451 III

118 1465 170 1496 11.
191 1463 262 1505 48),
283 1464 361 1496 820.
383 1465 426 1496 27
448 1460 524 1505 (hio
541 1473 577 1506 p.
599 1466 677 1497 337.
699 1464 746 1504 5),
772 1465 851 1496 888.
873 1466 893 1496 9
915 1463 1008 1505 (415.
1029 1464 1075 1506 8).
1098 1483 1141 1487 —
1167 1463 1206 1496 P.
1233 1466 1289 1497 42.
1319 1466 1360 1498 15
1375 1474 1457 1507 sqq.

114 1509 299 1544 videamus
329 1508 485 1543 fortasse
517 1508 618 1543 recte
649 1507 745 1544 Bait.
781 1508 837 1543 ed.
870 1508 1047 1552 Tauchn.,
1077 1508 1296 1554 prudentius
1333 1510 1457 1545 tamen

114 1554 238 1590 Madv.
259 1554 304 1589 de
323 1555 383 1589 fin.
403 1567 439 1600 p.
462 1559 545 1598 1613
567 1554 612 1591 cf.
633 1555 680 1589 ad
699 1568 734 1600 p.
756 1560 811 1591 20.
832 1560 888 1591 20.
910 1576 953 1581 ——
972 1555 1011 1591 P.
1031 1560 1087 1591 43.
1109 1560 1153 1590 23
1173 1557 1216 1591 in
1233 1557 1291 1592 dis
1309 1556 1457 1591 Halmio

115 1603 266 1637 auctore
279 1601 386 1645 Bait,
406 1601 490 1637 fort.
511 1603 554 1638 de
572 1603 644 1645 dis;
667 1602 711 1637 cf.
726 1602 839 1638 Acad.
854 1603 871 1637 Ι
887 1606 940 1639 10.
955 1606 1000 1638 38
1014 1603 1324 1647 perturbationem
1342 1605 1460 1639 animi

115 1660 159 1684 eae
183 1649 323 1685 homine
346 1650 474 1685 tollere.
499 1670 542 1674 ——
562 1648 600 1684 P.
621 1654 677 1684 44.
699 1654 718 1685 7
739 1651 929 1696 diliyemus
948 1649 1054 1684 codd.
1074 1649 1149 1694 AB,
1170 1649 1349 1694 Schoem.,
1375 1652 1459 1686 dili-

141 1697 233 1731 imus
257 1696 376 1741 vulg.;
410 1695 454 1731 cf.
480 1708 517 1742 p.
544 1700 622 1731 222.
651 1701 706 1740 31,
732 1699 812 1732 288.
838 1701 894 1740 37,
921 1701 1001 1732 381.
1028 1701 1084 1740 23,
1111 1701 1191 1732 395.
1219 1702 1275 1741 19,
1300 1702 1380 1733 435.
1402 1702 1458 1741 33,

147 1753 222 1778 uso.
247 1755 282 1788 p.
304 1747 382 1778 343.
412 1747 465 1777 17.
493 1763 535 1768 —
561 1743 600 1777 P.
626 1747 682 1780 44.
714 1747 759 1778 30
790 1744 878 1788 post
906 1745 1052 1779 omnino
1083 1754 1167 1778 cum
1198 1744 1281 1778 aliis
1314 1755 1460 1780 comma

115 1790 241 1835 posuit
271 1789 379 1834 Bait,
410 1790 506 1826 nihil
535 1791 680 1825 omnino
711 1790 843 1825 Heind.
869 1811 915 1816 —
946 1790 985 1825 P.
1011 1795 1067 1826 47.
1096 1794 1138 1825 10
1163 1792 1289 1826 malim
1316 1791 1458 1836 ‘utique

116 1837 294 1871 sermonis
313 1836 397 1881 lege
409 1836 561 1881 requiri’
585 1838 712 1872 censet
724 1837 856 1872 Heind.
876 1838 989 1881 recte,
1008 1838 1135 1873 malem
1155 1838 1235 1873 cod.
1255 1838 1299 1881 A,
1318 1840 1459 1874 mallem

117 1884 204 1918 cett.
232 1884 271 1918 et
295 1883 377 1918 edd.
405 1883 661 1927 (Schoemann.
689 1895 814 1929 opusc.
840 1884 891 1918 III
917 1886 1016 1928 324);
1049 1896 1084 1930 p.
1114 1889 1191 1920 114.
1218 1890 1262 1920 22
1288 1885 1327 1919 in
1352 1885 1458 1920 codd.

115 1930 183 1965 AV
202 1931 259 1965 est
276 1932 376 1966 vellis
394 1942 462 1975 pro
480 1932 583 1975 velis,
612 1936 690 1968 114.
714 1936 731 1966 1
752 1930 790 1965 in
809 1930 943 1966 iisdem
964 1932 1002 1966 et
1020 1931 1065 1975 H,
1087 1935 1142 1966 99.
1164 1937 1205 1966 31
1220 1943 1286 1976 sq.,
1314 1937 1391 1967 110.
1413 1937 1456 1967 27

115 1977 156 2011 in
176 1977 344 2012 omnibus
363 1979 468 2013 velim
486 1979 526 2012 et
541 1978 629 2013 velis
646 1988 714 2023 pro
732 1979 854 2013 vellem
873 1979 912 2012 et
928 1979 1042 2020 velles,
1062 1979 1188 2014 vellint
1202 1978 1242 2013 in
1254 1978 1284 2012 B
1298 1983 1377 2014 449.
1394 1984 1458 2021 20,

117 2023 162 2058 cf.
189 2024 236 2059 ad
260 2036 296 2069 p.
324 2028 379 2060 34.
405 2029 437 2059 4.
465 2045 508 2050 —-
539 2024 580 2059 P.
606 2029 661 2060 48.
690 2029 707 2059 1
740 2024 869 2059 malim
896 2026 971 2060 sint
996 2024 1054 2068 (cf.
1081 2037 1117 2070 p.
1144 2029 1199 2060 20.
1227 2027 1287 2070 20)
1313 2026 1353 2061 et
1376 2038 1410 2061 V.
1439 2030 1458 2061 7

116 2082 140 2105 a
170 2082 237 2115 quo
263 2070 322 2115 (cf.
349 2083 385 2116 p.
412 2075 466 2107 52.
494 2074 564 2113 27).
599 2092 642 2097 --
674 2071 712 2106 P.
745 2075 801 2107 48.
838 2075 880 2106 10
911 2073 1060 2107 sublime
1093 2071 1198 2107 codd.
1227 2071 1312 2117 Cio„
1345 2072 1457 2115 Festi,

115 2116 282 2161 Apuleii,
307 2117 438 2163 Probi,
463 2119 639 2154 sublimen
660 2117 772 2162 Bait,
799 2117 977 2163 Schoem.,
1002 2118 1094 2154 item
1117 2131 1153 2164 p.
1177 2124 1230 2155 69.
1252 2124 1296 2155 20
1317 2120 1356 2155 et
1378 2124 1454 2155 120.

117 2168 172 2199 22.
206 2184 249 2189 -—
280 2163 318 2198 P.
351 2169 406 2200 49.
441 2169 458 2200 1
493 2166 531 2200 et
561 2170 583 2200 4
613 2165 765 2201 Persem
803 2165 920 2209 codd,
959 2165 1072 2211 vulg„
1104 2166 1237 2202 Persen
1267 2166 1363 2202 Bait.
1401 2167 1456 2201 ed.

117 2210 280 2245 Tauchn.
307 2232 351 2237 -
381 2212 422 2246 P.
448 2216 503 2247 49.
532 2216 552 2247 5
577 2214 782 2256 nuntiavit;
815 2217 849 2248 et
878 2212 990 2257 vulg,
1021 2214 1195 2248 nuntiavi
1225 2218 1276 2249 set
1308 2213 1386 2248 cod.
1414 2214 1457 2257 A,

115 2259 386 2293 nunciavissent
410 2261 450 2302 (n
474 2261 559 2294 ante
585 2264 599 2295 t
632 2261 816 2304 expunct.)
849 2259 890 2303 B,
923 2261 1127 2295 nuntiasset
1156 2260 1202 2304 H,
1233 2262 1460 2306 senatuique

114 2306 356 2341 nuntiavisset
381 2315 400 2339 e
428 2305 506 2340 cod.
534 2305 640 2351 Glog.
667 2306 812 2351 Heind,
838 2306 933 2341 Bait.
957 2307 1002 2343 Π.
1028 2327 1074 2333 -
1098 2307 1136 2341 Ρ.
1163 2311 1220 2343 49.
1247 2312 1290 2342 32
1320 2307 1460 2343 Coelius
