1685 2568
193 464 237 495 82

196 1453 249 1493 40

196 2105 240 2136 84

219 1169 237 1197 3
267 1174 346 1214 que
384 1159 427 1200 id
459 1158 612 1199 melius
644 1158 879 1199 videbatur.
936 1157 1054 1199 Haec
1085 1159 1247 1212 quanta
1279 1157 1487 1200 dissensio
1521 1161 1600 1200 est!
1658 1156 1661 1204 J

264 124 350 165 226
729 123 794 158 DE
819 123 1138 159 DIVINATIONE

264 220 363 262 tur?
396 223 470 261 aut
500 235 602 261 num
634 220 850 275 plerisque
881 219 926 260 in
956 219 1083 261 rebus
1116 220 1309 274 sequitur
1335 235 1482 262 eorum
1508 236 1602 263 auc-

263 279 485 320 toritatem
523 279 784 320 multitudo?
835 277 945 326 Quid
989 278 1146 319 mirum
1183 278 1334 333 igitur,
1377 279 1414 320 si
1448 279 1495 320 in
1531 295 1601 321 au-

264 337 409 392 spiciis
447 339 490 379 et
526 337 572 379 in
609 337 726 379 omni
763 336 1026 378 divinatione
1062 337 1254 378 inbecilli
1291 337 1424 378 animi
1458 352 1602 392 super-

264 397 436 437 stitiosa
466 396 553 437 ista
584 395 839 450 concipiant,
869 409 1019 436 verum
1051 395 1256 450 dispicere
1287 411 1372 437 non
1403 397 1601 451 possint?

265 454 381 502 Quae
414 457 557 496 autem
591 457 655 495 est
680 454 793 494 inter
819 467 1001 507 augures
1027 453 1282 495 conveniens
1309 457 1352 495 et
1377 455 1602 496 coniuncta
1619 466 1636 493 5

263 513 535 555 constantia?
597 513 665 553 Ad
708 511 848 553 nostri
892 511 1059 567 augurii
1102 513 1452 554 consuetudinem
1496 513 1602 554 dixit
1668 508 1670 511 ’

262 572 445 613 Ennius:

322 642 442 683 Tum
476 641 647 683 tonuit
678 641 878 683 laevum
910 642 1036 683 bene
1067 643 1379 696 tempestate
1411 656 1602 684 serena.

267 712 324 754 At
355 712 608 753 Homericus
640 710 751 752 Aiax
791 711 904 766 apud
935 711 1150 753 Achillem
1189 726 1369 766 querens
1409 711 1458 753 de
1495 711 1602 755 fero·
1666 745 1667 750 ,

263 772 393 813 citate
426 770 709 811 Troianorum
740 770 883 811 nescio
916 770 1017 824 quid
1048 770 1129 811 hoc
1161 770 1287 811 modo
1318 771 1507 811 nuntiat:
1621 783 1665 809 ιο

321 841 575 896 Prospera
594 840 830 896 Iuppiter
854 840 933 882 his
955 841 1148 882 dextris
1168 840 1464 896 fulgoribus
1486 842 1601 883 edit.
1662 886 1665 901 Δ

262 924 331 966 Ita
349 923 474 964 nobis
495 922 671 963 sinistra
690 923 899 976 videntur,
920 921 1060 963 Graiis
1081 924 1124 963 et
1143 922 1340 963 barbaris
1356 923 1505 964 dextra
1519 939 1603 965 me-
1662 928 1664 977 ζ

263 984 383 1025 liora.
422 981 691 1035 Quamquam
713 981 829 1023 haud
848 982 1013 1037 ignoro,
1041 995 1148 1035 quae
1168 981 1282 1021 bona
1302 981 1399 1036 sint,
1426 982 1602 1024 sinistra
1662 985 1663 1024 ἶ

263 1056 342 1083 1103
375 1041 523 1094 dicere,
556 1040 727 1081 etiamsi
758 1040 908 1082 dextra
940 1040 1045 1094 sint3
1085 1039 1158 1081 sed
1189 1042 1303 1081 certe
1333 1041 1472 1082 nostri
1504 1041 1601 1082 sim·-
1662 1038 1663 1047 ¹

265 1103 401 1142 strum
427 1099 757 1140 nominaverunt
782 1099 1029 1153 externique
1056 1098 1265 1153 dextrum,
1295 1099 1395 1152 quia
1419 1097 1661 1154 plerum-15

264 1218 402 1267 Quid‘?
445 1217 556 1272 quod
595 1216 690 1258 aliis
730 1217 880 1258 avibus
919 1218 1117 1270 utuntur,
1155 1216 1251 1257 aliis
1284 1216 1437 1271 signis,
1477 1217 1602 1259 aliter
1656 1234 1659 1293 4

264 1278 513 1329 observant,
562 1275 647 1316 alia
693 1275 969 1329 respondent,
1019 1289 1106 1316 non
1151 1289 1322 1316 necesse
1364 1277 1430 1317 est
1475 1275 1603 1317 fateri
1657 1314 1658 1326 ,

263 1335 423 1391 partim
460 1334 614 1375 horum
654 1349 795 1375 errore
835 1336 1080 1388 susceptum
1118 1348 1227 1387 6336,
1265 1334 1425 1388 partim
1459 1349 1601 1389 super·
1677 1333 1680 1338 ⁸

265 1394 453 1447 stitione,
485 1394 623 1434 multa
653 1392 872 1434 fallendo?
1620 1404 1657 1430 20

340 1427 481 1506 Atqrie
500 1452 567 1492 1113
590 1451 964 1506 superstitionibus
982 1465 1069 1492 non
1089 1450 1297 1492 dubitasti
1311 1450 1442 1492 etiam
1456 1451 1603 1493 omina
1654 1454 1657 1472 ‘

265 1512 506 1566 adiungere
556 1510 743 1593 Aemilia
768 1510 902 1576 Paulo
927 1509 1103 1551 Persam
1135 1509 1309 1575 perisse,
1341 1510 1453 1564 quod
1478 1513 1655 1576 pater

264 1630 443 1671 tiQadere
506 1628 599 1669 Iam
642 1627 736 1669 illa:
779 1627 965 1669 Favete
1009 1627 1204 1682 linguis
1246 1629 1288 1668 et
1329 1641 1601 1683 praeroga-

264 1689 440 1742 tivam,
467 1701 609 1728 omen
634 1687 969 1728 comitiorum.
1008 1685 1102 1727 Hoc
1129 1688 1196 1726 est
1220 1685 1361 1751 ipsum
1388 1700 1478 1727 esse
1506 1701 1599 1728 con·
1619 1695 1652 1721 25

264 1750 334 1788 tra
371 1761 416 1787 se
453 1746 674 1800 copiosum
707 1748 748 1786 et
780 1745 997 1786 disertum.
1059 1743 1237 1792 Quando
1270 1744 1382 1785 enim
1413 1744 1499 1786 ista
1531 1746 1601 1786 ob-

265 1819 439 1847 servans
467 1804 611 1858 quieto
639 1806 681 1845 et
706 1804 842 1845 libeio
869 1804 1011 1845 animo
1039 1818 1129 1844 esse
1156 1803 1328 1857 poteris,
1358 1805 1408 1844 ut
1433 1804 1484 1844 ad
1510 1818 1601 1845 rem
1648 1798 1651 1846 Ξ
1679 1807 1685 1826 ¹*

266 1863 496 1919 gerendam
539 1878 625 1904 non
668 1862 1018 1918 superstitionem
1056 1862 1234 1916 habeas,
1279 1862 1351 1903 sed
1389 1862 1600 1903 rationem
1646 1844 1685 1910 4)

266 1922 443 1964 ducem?
494 1921 644 1963 Itane?
686 1922 723 1963 si
764 1922 858 1976 quis
901 1921 1062 1975 aliquid
1100 1935 1150 1962 ex
1189 1895 1265 1961 siia
1302 1935 1346 1961 ie
1384 1923 1512 1975 atque
1550 1935 1601 1962 ex
1647 1940 1649 1951 ι

266 1996 342 2022 3110
381 1995 576 2022 sermone
612 1980 765 2022 dixerit
797 1983 839 2021 et
871 1980 959 2021 eius
992 1980 1170 2021 verbum
1203 1979 1376 2033 aliquod
1408 1982 1506 2034 apte
1539 1994 1599 2021 ce·
1617 1989 1640 2015 3(

266 2039 416 2082 ciderit
448 2040 500 2080 ad
531 2039 585 2092 id,
618 2039 730 2094 quod
762 2053 863 2094 ages
897 2041 970 2080 aut
996 2038 1220 2094 cogitabis,
1252 2052 1302 2079 ea
1326 2052 1394 2079 res
1419 2038 1500 2079 tibi
1527 2040 1601 2079 aut

265 2099 464 2139 timorem
509 2098 672 2138 adferet
716 2100 789 2139 aut
834 2097 1129 2139 alacritatem?
1181 2095 1287 2138 Cum
1325 2096 1381 2137 M.
1419 2096 1600 2139 Crassus

266 2157 497 2198 exercitum
516 2155 735 2197 Brundisii
759 2157 994 2211 inponeret,
1021 2156 1192 2210 quidam
1218 2155 1262 2196 in
1288 2158 1414 2209 portu
1440 2155 1599 2197 caricas
1642 2194 1645 2201 ,

266 2215 413 2258 Cauno
453 2215 652 2257 advectas
684 2215 869 2257 vendens
901 2214 1127 2256 Cauneas
1161 2214 1422 2256 clamitabat.
1478 2214 1599 2255 Dica-
1642 2230 1644 2239 ·

266 2289 372 2328 mus,
405 2273 441 2315 si
471 2274 626 2329 placet,
658 2274 867 2315 monitum
900 2274 953 2315 ab
986 2288 1034 2315 eo
1062 2272 1276 2327 Crassum7
1309 2275 1511 2314 caveret
1541 2286 1598 2313 ne
1615 2281 1636 2307 δέ

265 2333 382 2386 irot3
412 2347 499 2374 non
529 2332 660 2373 fuisse
692 2333 941 2387 periturum,
974 2332 1010 2373 si
1042 2332 1173 2374 omini
1204 2331 1426 2386 paruisset.
1483 2330 1598 2380 Quae
