1685 2568
250 68 333 109 172
735 67 800 101 DE
826 66 1147 102 DIVINATIONE

247 164 469 219 perterriti
500 165 619 205 metu
649 162 956 205 conscendistis
988 165 1033 204 et
1063 164 1193 204 noctu
1220 162 1274 204 ad
1299 163 1502 218 oppidum
1528 177 1590 204 re-

249 223 478 288 spicientes
510 222 736 287 flagrantis
769 221 999 275 onerarias
1032 235 1138 275 quas
1170 221 1446 263 incenderant
1477 222 1589 263 mili-

247 284 326 335 tes,
359 281 460 335 quia
491 281 612 335 sequi
642 281 880 333 noluerant,
912 280 1144 333 videbatis3
1175 282 1394 334 postremo
1427 295 1452 322 a
1477 280 1590 321 Rho-

250 340 321 381 dia
352 340 489 381 classe
522 339 680 380 deserti
710 353 859 381 verum
891 340 1034 379 vatem
1065 337 1198 378 fuisse
1231 338 1437 380 sensistis

181 408 223 438 70
338 398 532 452 Exposui
570 413 699 452 quam
735 396 987 438 brevissime
1018 396 1141 451 potui
1173 396 1328 438 somnii
1360 399 1403 438 et
1433 396 1590 438 furoris
1628 408 1644 434 5

251 457 408 510 oracla,
441 471 548 511 quae
581 470 724 498 carere
757 457 848 496 arte
882 455 1082 496 dixeram.
1144 454 1334 503 Quorum
1367 455 1593 497 amborum

251 529 456 570 generum
488 530 573 556 una
599 515 710 556 ratio
738 516 815 568 est,
847 528 930 568 qua
952 513 1182 568 Cratippus
1208 516 1356 555 noster
1380 514 1445 555 uti
1471 514 1593 568 solet,

250 574 417 615 animos
461 574 684 620 hominum
730 572 915 627 quadam
953 587 1003 614 ex
1040 575 1163 627 parte
1200 572 1462 614 extrinsecus
1501 587 1593 614 esse

250 634 413 674 tractos
454 635 496 674 et
529 633 709 673 haustos
743 629 811 686 (ex
844 645 927 685 quo
959 630 1228 686 intellegitur
1260 645 1351 672 esse
1383 633 1505 673 extra
1536 631 1593 672 di-

250 691 397 732 vinum
419 691 622 744 animum,
647 690 859 731 humanus
885 690 996 730 unde
1017 688 1226 745 ducatur),
1252 689 1429 731 humani
1450 692 1594 731 autem
1613 703 1647 726 ιο

252 750 386 791 animi
418 764 512 790 eam
543 751 729 804 partem,
769 763 876 802 quae
909 762 1097 802 sensum,
1131 762 1238 802 quae
1270 751 1453 803 motum,
1486 763 1594 803 quae

251 808 492 863 adpetitum
523 808 700 861 habeat,
737 822 823 849 non
855 821 947 848 esse
980 807 1033 848 ab
1067 807 1233 848 actione
1265 807 1455 862 corporis
1488 807 1595 849 seiu-

253 870 419 922 gatam3
452 881 559 921 quae
593 868 737 908 autem
768 880 869 921 pars
901 865 1034 907 animi
1065 865 1244 906 rationis
1277 868 1405 920 atque
1429 866 1595 907 intelle-

253 926 425 982 gentiae
456 925 515 966 sit
546 925 782 980 particeps,
825 939 918 966 eam
950 928 1042 965 tum
1075 939 1272 965 maxume
1304 924 1466 980 vigere,
1499 940 1595 966 cum

181 995 223 1026 71
252 985 488 1039 plurimum
521 984 636 1025 absit
668 999 693 1025 a
724 998 912 1038 corpore.
967 983 1118 1037 Itaque
1151 983 1357 1037 expositis
1390 983 1595 1038 exemplis
1616 994 1649 1020 15

251 1058 452 1085 verarum
483 1042 841 1085 vaticinationum
873 1045 916 1083 et
942 1041 1205 1084 somniorum
1227 1040 1458 1097 Cratippus
1485 1042 1597 1084 solet

251 1103 464 1143 rationem
496 1101 745 1143 concludere
776 1101 858 1143 hoc
889 1101 1032 1142 modo:
1066 1099 1138 1141 <Si
1170 1100 1278 1142 sine
1311 1101 1473 1143 oculis
1498 1116 1596 1143 non

252 1164 428 1216 potest
476 1164 677 1202 exstare
722 1159 956 1201 officium
1000 1162 1048 1201 et
1091 1174 1270 1201 munus
1315 1160 1596 1214 oculorum,

252 1222 471 1275 possunt
509 1222 677 1261 autem
716 1218 992 1272 aliquando
1032 1218 1168 1260 oculi
1199 1233 1297 1260 non
1327 1218 1475 1274 fungi
1506 1233 1595 1260 suo

253 1293 477 1332 munere,
516 1278 601 1332 qui
638 1278 718 1319 vel
757 1278 911 1318 semel
950 1277 1025 1318 ita
1062 1279 1138 1318 est
1170 1291 1288 1319 usus
1322 1278 1503 1331 oculis,
1541 1279 1595 1318 ut
1616 1289 1650 1314 20

253 1353 372 1380 vera
403 1339 654 1390 cerneret,
686 1336 729 1377 is
760 1336 918 1377 habet
950 1350 1150 1377 sensum
1182 1336 1445 1377 oculorum
1476 1350 1596 1378 vera

253 1396 584 1439 cernentium.
646 1394 775 1436 Item
815 1394 998 1450 igitur,
1041 1394 1085 1435 si
1123 1394 1231 1435 sine
1274 1394 1596 1436 divinatione

253 1470 352 1497 non
383 1456 558 1510 potest
590 1453 825 1495 officium
858 1455 906 1495 et
937 1467 1115 1494 munus
1143 1453 1485 1495 divinationis
1518 1468 1597 1495 ex-

255 1516 412 1567 stare,
461 1515 635 1568 potest
679 1514 845 1554 autem
890 1512 1020 1566 quiS,
1071 1526 1178 1553 cum
1223 1511 1596 1554 divinationem

253 1573 467 1626 habeat,
517 1586 689 1613 errare
740 1571 1017 1625 aliquando
1067 1585 1156 1612 nec
1205 1585 1325 1612 vera
1373 1585 1595 1624 cernere,
1616 1581 1650 1608 25

254 1631 385 1673 satis
419 1633 496 1672 est
522 1631 581 1672 ad
608 1629 1013 1672 confirmandam
1040 1629 1413 1671 divinationem
1439 1630 1596 1671 semel

255 1689 456 1744 aliquid
497 1704 607 1731 esse
650 1689 725 1730 ita
766 1689 1067 1742 divinatum,
1110 1690 1164 1729 ut
1203 1688 1337 1729 nihil
1374 1688 1595 1730 fortuito

254 1748 503 1791 cecidisse
548 1748 798 1790 videatur.
861 1745 987 1788 Sunt
1031 1749 1197 1789 autem
1242 1746 1348 1788 eius
1390 1748 1595 1802 generis

254 1807 674 1861 innumerabilia3
719 1821 829 1848 esse
867 1806 1031 1862 igitur
1070 1805 1442 1847 divinationem
1482 1820 1596 1847 con-

253 1866 504 1908 fitendum
537 1865 642 1907 est?
1615 1876 1650 1902 30

183 1911 240 1953 33
344 1924 460 1974 Quae
498 1939 599 1966 vero
640 1926 715 1966 aut
752 1924 996 1966 coniectura
1028 1923 1295 1978 explicantur
1327 1925 1401 1964 aut
1433 1923 1597 1965 eventis

185 1963 228 1994 72
256 1983 555 2026 animadversa
587 1997 636 2025 ac
666 1985 820 2025 notata
852 1985 968 2036 sunt,
1006 1997 1056 2024 ea
1087 1996 1244 2037 genera
1277 1981 1512 2036 divinandi,
1548 1985 1598 2024 ut

255 2057 386 2098 supra
419 2042 522 2096 dixi,
553 2056 641 2083 non
672 2042 906 2095 naturalia,
939 2041 1012 2082 sed
1044 2040 1277 2082 artificiosa
1309 2040 1522 2095 dicuntur3
1552 2041 1598 2082 in

255 2116 338 2156 quo
382 2101 651 2155 haruspices,
695 2115 878 2155 augures
923 2099 1269 2153 coniectoresque
1307 2102 1597 2141 numerantur.

253 2160 373 2202 Haec
404 2160 692 2214 inprobantur
724 2174 749 2200 a
779 2158 1092 2213 Peripateticis,
1124 2173 1149 2199 a
1181 2156 1335 2199 Stoicis
1369 2157 1596 2200 defendun-
1616 2168 1650 2195 35

254 2222 336 2261 tur.
381 2217 572 2267 Quorum
605 2217 690 2259 alia
723 2219 822 2258 sunt
851 2217 996 2273 posita
1019 2218 1065 2258 in
1091 2216 1380 2259 monumentis
1408 2220 1450 2258 et
1476 2216 1597 2259 disci—

252 2279 391 2336 plina,
436 2277 549 2332 quod
585 2276 869 2318 Etruscorum
915 2276 1134 2318 declarant
1173 2278 1215 2317 et
1252 2275 1516 2331 haruspicini
1554 2278 1598 2318 et
