1685 2568
403 60 492 96 LIB.
518 61 546 97 I.
575 60 674 96 CAP.
701 65 850 96 44-47.
878 64 898 103 ξ
923 65 1096 96 99-105,
1345 62 1428 104 183

86 159 252 211 verunt,
279 156 354 198 sed
379 156 510 198 etiam
535 156 770 210 hominum,
795 169 903 210 quae
929 158 1085 197 vocant
1111 157 1266 198 omina.
1311 156 1428 205 Quae

87 215 271 258 maiores
303 215 443 256 nostri
475 215 574 270 quia
599 214 743 256 valere
769 214 1013 268 censebant,
1044 214 1201 256 idcirco
1229 215 1427 257 omnibus

87 274 215 316 rebus
248 274 424 329 agendis
458 273 605 323 ‘QUOD
631 284 806 326 BONUM,
836 284 1062 327 FAUSTUM,
1094 284 1234 314 FELIX
1258 284 1429 315 FORTU-

87 344 342 382 NATUMQUE
368 331 524 375 ESSET'
549 331 870 387 praefabantur,
895 331 1107 386 rebusque
1128 331 1294 385 divinis,
1321 346 1429 385 quae

52 391 256 446 spublice
294 391 462 445 fierent,
499 392 548 431 ut
580 389 848 431 ‘FAVERENT
879 389 1102 444 LINGUIS’,
1135 390 1430 444 imperabatur

87 450 214 504 inque
258 449 376 491 feriis
420 448 700 504 imperandis,
744 451 793 490 ut
831 448 1032 491 ‘LITIBUS
1070 460 1128 490 ΕΤ
1167 460 1336 491 IURGHS
1376 460 1428 491 SE

88 507 444 550 ABSTINERENT'.
504 507 700 562 Itemque
738 507 783 548 in
820 507 1046 549 lustranda
1079 507 1249 549 colonia
1281 507 1334 549 ab
1368 522 1431 562 eo,

89 567 162 621 qui
194 582 288 608 eam
320 567 556 619 deduceret,
591 568 634 607 et
666 581 761 608 cum
793 566 1029 621 imperator
1060 566 1306 620 exercitum,
1338 580 1431 608 cen-

89 640 160 667 sor
196 625 404 680 populum
435 625 659 679 lustraret,
697 625 821 666 bonis
853 624 1118 679 nominibus,
1157 625 1230 679 qui
1261 625 1429 667 hostias

36 696 69 722 10
90 684 301 738 ducerent,
334 683 615 739 eligebantur.
671 683 793 732 Quod
823 683 936 725 idem
967 683 1012 724 in
1044 683 1202 725 dilectu
1232 684 1429 725 consules

88 742 338 797 observant,
370 745 419 783 ut
448 742 613 797 primus
647 742 768 783 miles
800 742 877 784 fiat
908 743 1022 784 bono
1053 742 1237 784 nomine.
1295 741 1411 791 Quae
1434 752 1500 783 103

88 800 259 855 quidem
286 816 312 842 a
336 803 380 842 te
406 801 488 843 scis
516 804 559 842 et
584 802 757 843 consule
784 804 826 842 et
850 801 1112 856 imperatore
1139 816 1307 843 summa
1334 817 1430 843 cum

87 859 295 915 religione
335 874 427 901 esse
463 862 645 901 servata.
695 859 1050 915 Praerogativam
1083 860 1214 902 etiam
1246 860 1430 902 maiores

89 933 214 960 omen
238 919 450 960 iustorum
478 919 749 961 comitiorum
777 933 868 960 esse
894 919 1134 960 voluerunt.
1184 918 1329 974 Atque
1350 933 1430 975 ego
1445 921 1501 963 46

35 989 68 1015 15
89 977 285 1032 exempla
329 978 519 1019 ominum
561 980 667 1019 nota
705 977 940 1033 proferam:
989 977 1035 1019 L.
1073 977 1234 1020 Paulus
1282 979 1431 1020 consul

88 1036 257 1090 iterum,
289 1051 385 1078 cum
418 1037 455 1077 ei
480 1036 642 1078 bellum
675 1040 724 1078 ut
756 1052 851 1078 cum
882 1050 983 1092 rege
1009 1036 1139 1078 Perse
1166 1039 1336 1093 gereret
1361 1038 1432 1079 ob-

88 1095 280 1150 tigisset,
319 1097 369 1136 ut
407 1109 456 1136 ea
493 1095 588 1150 ipsa
626 1095 692 1137 die
731 1095 904 1137 domum
943 1095 996 1136 ad
1034 1110 1261 1150 vesperum
1293 1096 1432 1150 rediit,

87 1154 269 1195 filiolam
296 1168 417 1195 suam
437 1153 642 1208 Tertiam,
668 1168 776 1208 quae
801 1156 891 1194 tum
922 1156 1016 1205 erat
1036 1154 1265 1196 admodum
1286 1170 1432 1209 parva,

89 1212 287 1254 osculans
333 1212 522 1253 animum
567 1212 755 1254 advertit
797 1212 1070 1254 tristiculam.
1129 1212 1279 1262 ‘Quid
1322 1213 1433 1267 est’,

36 1283 70 1309 20
88 1271 240 1325 inquit,
268 1270 395 1312 ‘mea
419 1270 624 1312 Tertia?
655 1271 774 1326 quid
799 1271 974 1312 tristis
1002 1271 1105 1313 es‘?'
1138 1271 1226 1313 ‘Mi
1251 1271 1433 1327 pater',

88 1330 241 1384 inquit,
275 1329 453 1371 ‘Persa
482 1329 669 1384 periit?
719 1329 829 1371 Tum
857 1330 932 1371 ille
959 1330 1094 1372 artius
1120 1331 1312 1386 puellam
1338 1345 1434 1373 con-

88 1389 255 1443 plexus:
290 1388 556 1444 ‘Accipio',
587 1389 739 1444 inquit,
776 1389 904 1430 ‘mea
928 1388 1066 1444 filia,
1098 1389 1276 1432 omen'.
1324 1390 1434 1432 Erat

90 1450 232 1489 autem
264 1450 460 1489 mortuus
492 1448 674 1489 catellus
706 1462 755 1490 eo
787 1448 972 1490 nomine.
1028 1448 1074 1490 L.
1100 1447 1314 1503 Flaccum,
1349 1449 1421 1490 fla-
1439 1458 1506 1489 104

90 1506 248 1547 minem
279 1506 542 1560 Martialem,
575 1521 655 1562 ego
689 1506 849 1561 audivi,
882 1522 977 1549 cum
1010 1507 1170 1549 diceret
1202 1507 1434 1550 Caeciliam

37 1577 71 1603 25
88 1565 267 1619 Metelli,
293 1580 389 1607 cum
414 1565 546 1607 vellet
573 1565 734 1608 sororis
762 1580 862 1607 suae
887 1565 1022 1607 filiam
1042 1566 1088 1607 in
1107 1567 1435 1609 matrimonium

90 1624 326 1682 conlocare,
353 1624 489 1666 exisse
514 1624 561 1666 in
586 1625 800 1679 quoddam
827 1625 1033 1667 sacellum
1057 1625 1212 1667 ominis
1239 1626 1435 1681 capiendi

91 1697 235 1737 causa,
278 1683 392 1737 quod
427 1682 518 1725 fieri
550 1698 669 1725 more
700 1686 895 1725 veterum
926 1684 1107 1726 solebat.
1169 1683 1278 1726 Cum
1308 1685 1433 1740 virgo

92 1743 227 1783 staret
259 1744 302 1783 et
329 1741 515 1784 Caecilia
545 1742 590 1783 in
622 1743 730 1784 sella
761 1743 928 1784 sederet
957 1757 1096 1797 neque
1128 1742 1200 1784 diu
1231 1744 1321 1785 ulla
1352 1758 1437 1785 vox

92 1801 345 1854 exstitisset,
383 1801 574 1856 puellam
612 1801 896 1857 defatigatam
933 1801 1095 1856 petisse
1135 1817 1160 1843 a
1192 1804 1436 1857 matertera,

39 1870 73 1896 30
92 1861 141 1900 ut
166 1859 249 1901 sibi
274 1860 536 1914 concederet,
561 1860 782 1915 paulipser
807 1862 856 1902 ut
880 1860 925 1902 in
951 1861 1040 1902 eius
1069 1861 1177 1902 sella
1201 1861 1437 1916 requiesce-

93 1920 176 1972 ret3
216 1918 339 1959 illam
371 1921 515 1960 autem
548 1919 721 1960 dixisse:
761 1919 926 1973 eVero,
968 1934 1076 1961 mea
1106 1920 1299 1975 puella,
1335 1920 1437 1961 tibi

93 1977 310 2018 concedo
354 1992 489 2020 meas
532 1978 689 2019 sedes.
768 1977 890 2027 Quod
931 1993 1058 2020 omen
1098 1993 1167 2020 res
1208 1982 1439 2021 consecuta

36 2084 41 2090 1
94 2037 178 2089 est3
208 2035 303 2090 ipsa
335 2036 444 2078 enim
479 2037 600 2079 brevi
632 2039 804 2078 mortua
836 2039 913 2091 est,
944 2037 1068 2093 virgo
1103 2040 1246 2079 autem
1276 2039 1438 2094 nupsit,

93 2094 160 2135 cui
192 2093 377 2136 Caecilia
413 2098 548 2150 nupta
584 2095 739 2137 fuerat.
794 2095 912 2138 Haec
949 2111 1077 2151 posse
1116 2097 1331 2138 contemni
1369 2097 1437 2138 vel

41 2163 75 2189 35
96 2152 226 2194 etiam
258 2152 389 2194 rideri
412 2154 632 2208 praeclare
657 2155 878 2210 intellego,
911 2155 986 2196 sed
1010 2155 1054 2197 id
1079 2155 1222 2211 ipsum
1246 2158 1311 2198 est
1337 2155 1437 2197 deos

93 2225 181 2254 non
211 2214 376 2266 putare,
409 2226 516 2267 quae
548 2213 602 2254 ab
634 2213 687 2254 iis
721 2213 1032 2269 significantur,
1064 2217 1348 2256 contemnere.
1451 2247 1506 2287 47

181 2269 291 2317 Quid
317 2270 368 2312 de
394 2271 629 2323 auguribus
649 2272 832 2326 loquar?
864 2272 981 2314 Tuae
1000 2276 1147 2328 partes
1169 2276 1280 2328 sunt,
1303 2275 1425 2315 tuum
1442 2299 1507 2330 105

693 1977 705 1994 9
