1685 2568
427 77 516 114 LIB.
543 78 570 114 I.
598 76 698 114 CAP.
725 81 875 114 25—28.
902 81 923 120 ξ
948 82 1097 114 40-44.
1346 80 1433 122 291

92 190 188 218 011111
224 188 355 230 penes
393 189 525 216 unum
563 176 630 216 est
667 173 858 215 omnium
890 187 1059 215 summa
1089 188 1250 228 rerum,
1288 190 1436 231 regem

91 234 216 276 illum
245 233 250 288 Ι
277 248 410 275 111111111
441 246 644 275 vocamus
671 234 714 273 et
739 246 921 287 regnum
947 232 1036 273 eius
1062 232 1124 274 rei
1150 232 1288 287 publi·
1316 235 1368 285 [p.
1390 245 1435 276 95

92 307 165 335 cae
198 294 372 334 statum.
428 290 537 334 Cum
569 294 713 333 autem
745 293 810 332 0313
841 304 970 345 penes
1004 291 1204 344 delectos,
1234 293 1327 333 tum
1358 292 1437 334 illa

92 351 246 394 civitas
283 351 560 406 optimatium
599 349 780 391 arbitrio
818 349 911 405 regi
951 349 1116 391 dicitur.
1176 349 1261 392 Illa
1293 352 1437 392 autem

56 420 73 449 5
93 412 159 452 est
197 409 349 452 civitas
386 408 608 464 popularis
647 406 726 464 (sic
759 407 869 449 enim
903 406 1165 464 appellant),
1200 409 1246 450 in
1278 423 1362 464 qua
1392 409 1438 450 in

91 469 253 524 populo
305 470 406 509 sunt
449 468 604 509 omnia.
667 467 811 521 Atque
855 466 1009 508 horum
1053 467 1186 509 trium
1231 481 1438 523 generum

93 527 285 582 quodvis,
318 527 354 567 si
385 529 531 567 teneat
561 525 671 567 illud
700 526 902 580 vinclum,
938 525 1051 580 quod
1081 526 1270 580 primum
1300 526 1437 568 homi-

91 600 167 628 nes
198 585 312 627 inter
344 599 389 626 se
420 585 482 626 rei
513 584 712 639 publicae
744 584 949 626 societate
982 584 1189 639 devinxit,
1228 599 1316 627 non
1345 600 1439 640 per-

90 644 252 700 fectum
294 643 404 685 illud
445 643 616 697 quidem
653 657 791 697 neque
831 657 927 685 mea
967 643 1183 685 sententia
1225 644 1438 699 optimum

39 717 74 742 ιο
92 707 165 757 est,
204 702 278 745 sed
313 702 542 744 tolerabile
576 702 581 756 Ι
619 703 783 756 tamen,
821 704 870 743 ut
908 701 1026 744 aliud
1058 702 1143 744 alio
1174 717 1274 758 pos·
1313 703 1366 755 [p.
1393 713 1438 745 96

92 762 150 805 3113
181 776 275 803 0330
299 760 604 817 praestantius.
651 759 766 802 Nam
797 761 866 802 vel
898 776 972 802 rex
1005 775 1166 816 aequus
1192 776 1241 804 30
1266 761 1439 817 sapiens

91 821 161 864 vel
193 820 347 862 delecti
380 835 429 862 ac
460 819 676 875 principes
708 819 821 861 cives
849 819 919 861 vel
944 820 1037 874 ipse
1062 820 1262 875 populus,
1294 835 1440 875 quam-

92 894 222 936 quam
260 879 305 921 id
337 882 402 921 est
434 879 609 920 minime
640 878 928 933 probandum,
969 881 1116 920 tamen
1145 879 1278 921 nullis
1310 880 1439 921 inter-

91 939 213 981 iectis
244 938 549 993 iniquitatibus
582 940 657 979 aut
682 937 999 992 cupiditatibus
1017 952 1144 993 posse
1169 938 1340 980 videtur
1365 938 1440 980 311-

39 1011 73 1037 15
93 1012 176 1053 quo
210 1012 302 1039 esse
333 1012 421 1039 non
451 998 614 1039 incerto
648 999 778 1038 statu.

182 1055 265 1098 Sed
303 1058 346 1097 et
381 1056 427 1097 in
464 1055 610 1111 regnis
641 1055 770 1096 nimis
803 1057 999 1110 expertes
1033 1058 1135 1097 sunt
1166 1055 1297 1098 ceteri
1329 1033 1509 1117 com-{g

93 1116 234 1157 munis
278 1114 383 1156 iuris
429 1117 472 1156 et
510 1114 694 1168 consilii,
739 1116 782 1155 et
818 1114 863 1154 in
901 1114 1180 1169 optimatium
1217 1114 1440 1156 dominatu

91 1175 164 1217 vix
195 1174 412 1230 particeps
444 1173 661 1214 libertatis
688 1175 833 1227 potest
859 1187 951 1214 esse
979 1172 984 1226 Ι
1012 1173 1258 1228 multitudo,
1291 1174 1343 1225 [p.
1373 1183 1439 1215 105

92 1248 189 1276 cum
230 1233 348 1275 omni
385 1232 565 1274 consilio
604 1231 818 1274 communi
856 1246 905 1273 30
942 1234 1160 1286 potestate
1192 1234 1356 1286 careat,
1396 1234 1440 1273 et

40 1305 76 1331 20
93 1307 190 1335 cum
236 1291 381 1334 omnia
427 1305 504 1346 per
540 1292 746 1346 populum
786 1292 994 1346 geruntur
1038 1290 1234 1345 quamvis
1276 1291 1441 1332 iustum

93 1354 223 1406 atque
254 1350 536 1404 moderatum,
567 1352 715 1390 tamen
746 1349 842 1404 ipsa
874 1350 1161 1404 aequabilitas
1189 1352 1255 1391 est
1279 1350 1441 1404 iniqua,

93 1425 190 1453 cum
221 1409 354 1451 habet
384 1409 528 1450 nullos
562 1408 720 1464 gradus
754 1408 990 1464 dignitatis.
1047 1407 1201 1463 Itaque
1233 1409 1270 1450 si
1302 1408 1439 1463 Cyrus

92 1469 168 1511 ille
197 1468 350 1510 Perses
381 1467 646 1509 iustissimus
677 1467 762 1509 fuit
794 1467 1229 1522 sapientissimusque
1261 1483 1346 1523 reX,
1377 1470 1441 1509 ta-

93 1543 193 1570 men
224 1527 331 1569 mihi
362 1526 512 1582 populi
543 1541 611 1568 res
645 1524 714 1582 (ea
746 1526 859 1567 enim
892 1529 969 1581 est,
1001 1528 1051 1568 ut
1082 1527 1169 1568 dixi
1198 1529 1337 1582 antea,
1367 1542 1442 1582 pu-

0 1623 2 1637 ,
41 1598 76 1625 25
95 1585 228 1643 blica)
259 1600 348 1628 non
379 1586 564 1627 maxime
597 1585 835 1640 expetenda
863 1585 998 1627 fuisse
1028 1585 1107 1627 illa
1131 1585 1313 1640 videtur,
1345 1600 1442 1627 cum

93 1648 317 1702 regeretur
340 1645 466 1686 unius
490 1647 599 1686 nutu
625 1659 673 1686 ac
701 1644 707 1699 Ι
734 1644 880 1699 mod03
913 1645 949 1685 si
968 1644 1272 1699 Massilienses,
1300 1646 1352 1697 [p.
1375 1655 1441 1686 106

92 1705 232 1747 nostri
264 1704 454 1757 clientes,
484 1718 561 1759 per
592 1703 779 1745 delectos
812 1705 855 1745 et
886 1703 1101 1759 principes
1134 1703 1246 1745 cives
1274 1718 1443 1745 summa

93 1763 263 1806 iustitia
294 1765 515 1819 reguntur,
546 1762 660 1803 inest
690 1764 837 1804 tamen
867 1762 913 1803 111
942 1777 993 1804 03
1018 1762 1264 1804 condicione
1289 1761 1441 1817 populi

96 1822 334 1865 similitudo
367 1821 576 1876 quaedam
609 1821 849 1875 servitutis3
881 1821 919 1862 si
949 1821 1237 1863 Athenienses
1270 1821 1443 1876 quibus·

0 1909 4 1935 ,
43 1882 195 1924 80113111
234 1880 504 1936 temporibus
543 1880 716 1922 sublato
755 1880 984 1936 Areopago
1022 1880 1132 1921 nihil
1169 1879 1255 1921 nisi
1290 1879 1443 1935 populi

97 1941 216 1983 scitis
254 1955 303 1982 30
341 1939 522 1982 decretis
561 1939 768 1994 agebant,
806 1939 1008 1994 quoniam
1047 1939 1273 1981 distinctos
1305 1938 1442 1995 digni—

50 1997 55 2002 ’
95 2000 202 2042 1331313
229 1999 387 2055 gradus
411 2013 499 2040 non
524 1998 756 2052 habebant,
781 2013 868 2039 non
892 1998 1070 2040 tenebat
1095 2000 1297 2040 ornatum
1317 2012 1441 2039 suum

97 2059 261 2101 clvitas.
1455 2082 1511 2123 28

184 2117 329 2172 Atque
366 2117 449 2159 hoc
485 2116 640 2171 loquor
679 2115 729 2156 de
765 2115 904 2157 tribus
936 2115 1005 2158 his
1038 2116 1265 2171 generibus
1297 2130 1441 2157 rerum
1467 2133 1508 2165 44

46 2176 367 2232 &publicarum
397 2190 486 2217 non
515 2174 703 2216 turbatis
737 2177 866 2228 atque
896 2175 1153 2231 permixltis,
1185 2175 1259 2216 sed
1292 2176 1345 2227 [p.
1373 2183 1440 2215 225

99 2249 224 2277 suum
262 2237 427 2277 statum
463 2234 722 2275 tenentibus.
779 2232 895 2282 Quae
933 2248 1091 2289 genera
1121 2234 1308 2289 primum
1341 2234 1442 2274 sunt

98 2293 145 2335 in
179 2293 234 2336 113
272 2293 444 2349 singula
480 2292 618 2347 vitiis,
662 2306 769 2348 quae
807 2294 907 2334 ante
945 2292 1048 2348 dixi,
1093 2292 1242 2334 deinde
1279 2291 1441 2333 habent

1084 2360 1155 2395 19*
