1685 2568
459 105 547 140 LIB.
573 105 618 140 II.
653 105 753 140 CAP.
782 110 930 141 13-17.
963 110 982 148 ἓ
1008 110 1160 141 25—31.
1393 109 1477 150 315

140 200 328 242 Numam
366 200 642 256 Pythagorae
678 201 814 256 ipsius
852 201 1108 255 discipulum
1145 204 1219 243 aut
1256 206 1370 244 certe
1400 203 1481 258 Py-

139 259 398 315 thagoreum
428 259 591 301 fuisse?
619 260 624 314 Ι
653 274 778 314 saepe
807 259 919 301 enim
946 260 1027 301 hoc
1053 260 1103 300 de
1129 260 1298 301 maiori·
1330 263 1382 312 [p.
1411 272 1478 303 ‘295

139 318 220 359 bus
257 320 364 360 natu
402 318 641 360 audivimus
681 321 723 359 et
760 319 823 360 ita
852 318 1141 372 intellegimus
1174 319 1305 374 vulgo
1339 319 1480 360 existi-

141 376 269 430 mari3
305 391 443 431 neque
481 391 582 418 vero
616 377 722 418 satis
760 377 802 418 id
834 377 1053 418 annalium
1084 377 1355 432 publicorum
1388 392 1481 419 auc-

106 436 319 476 5toritate
364 435 628 477 declaratum
671 435 875 477 videmus.
941 436 1050 476 Tum
1093 433 1254 490 Scipio:
1304 435 1481 477 Falsum

141 497 207 535 est
256 494 386 547 enim,
441 493 610 546 Manili,
658 494 816 548 inquit,
865 494 909 535 id
951 496 1113 547 totum,
1160 509 1297 548 neque
1341 495 1480 536 solum

139 553 300 607 fictum,
332 552 405 593 sed
437 552 568 593 etiam
593 552 791 607 imperite
818 553 1082 607 absurdeque
1108 553 1274 606 fictum,
1306 567 1356 594 ea
1381 555 1482 594 sunt

140 611 253 652 enim
303 610 474 651 demum
518 625 605 652 non
648 611 823 652 ferenda
867 612 911 652 in
955 611 1192 665 mendacio,
1243 626 1351 665 quae
1393 626 1481 653 non

140 670 280 712 solum
322 669 424 710 ficta
469 683 580 723 esse,
625 669 698 709 sed
728 684 781 710 ne
821 670 914 711 fieri
957 670 1127 724 quidem
1163 670 1356 725 potuisse
1393 685 1480 712 cer-

88 740 121 765 10
138 728 291 770 nimus.
352 726 465 768 Nam
508 730 709 782 quartum
737 728 742 782 Ι
770 728 856 769 iam
896 743 1053 770 annum
1090 731 1298 784 regnante
1332 730 1385 781 [p.
1412 740 1480 771 296

138 786 269 828 Lucio
297 785 530 841 Tarquinio
561 784 753 841 Superbo
788 785 986 841 Sybarim
1025 790 1067 828 et
1098 786 1331 829 Crotonem
1363 790 1406 828 et
1436 788 1482 828 in

139 859 210 887 eas
236 844 391 886 Italiae
423 845 560 899 partis
581 844 853 900 Pythagoras
880 846 1047 886 venisse
1073 846 1302 901 reperitur,
1334 845 1481 900 Olym-

137 904 233 959 pias
263 904 376 945 enim
403 904 586 945 secunda
613 906 656 945 et
682 904 952 959 sexagesima
978 905 1124 945 eadem
1151 903 1333 959 Superbi
1358 905 1482 961 regni

137 962 309 1004 initium
354 965 396 1004 et
433 961 707 1017 Pythagorae
753 963 942 1004 declarat
986 963 1228 1004 adventum.
1291 963 1358 1005 Ex
1396 979 1479 1018 quo
1507 974 1551 1004 29

87 1031 120 1058 15
138 1021 336 1077 intellegi
376 1021 506 1075 regiis
550 1021 672 1062 annis
717 1021 998 1062 dinumeratis
1042 1024 1188 1076 potest
1237 1037 1348 1064 anno
1392 1022 1481 1064 fere

139 1081 373 1122 centesimo
407 1082 450 1121 et
483 1080 811 1135 quadragesimo
849 1083 949 1135 post
980 1083 1164 1121 mortem
1195 1079 1363 1122 Numae
1398 1081 1481 1137 pri-

139 1154 256 1180 mum
288 1138 460 1180 Italiam
486 1138 781 1194 Pythagoram
810 1137 815 1192 Ι
844 1139 1059 1194 attigisse3
1090 1153 1228 1193 neque
1253 1139 1335 1181 hoc
1363 1141 1415 1191 [p.
1436 1151 1480 1182 39

138 1197 250 1239 inter
283 1212 366 1252 eos,
400 1197 472 1251 qui
505 1197 834 1253 diligentissime
865 1198 1080 1252 persecuti
1112 1200 1213 1239 sunt
1237 1200 1481 1252 temporum

139 1256 333 1310 annales,
376 1256 467 1296 ulla
511 1259 576 1297 est
619 1271 823 1310 umquam
861 1256 907 1297 in
944 1256 1212 1298 dubitatione
1249 1260 1481 1298 versatum.

86 1327 119 1351 20
138 1314 195 1356 Di
230 1314 502 1368 inmortales,
540 1315 680 1369 inquit
714 1314 934 1369 Manilius,
973 1318 1158 1369 quantus
1196 1315 1279 1356 iste
1311 1319 1377 1357 est
1408 1316 1482 1357 ho·

139 1373 302 1415 minum
340 1375 383 1415 et
420 1387 550 1428 quam
587 1373 852 1414 inveteratus
891 1374 1028 1415 error!
1077 1374 1142 1415 Ac
1177 1376 1325 1415 tamen
1354 1374 1482 1416 facile

138 1432 283 1487 patior
319 1446 408 1474 non
438 1446 530 1473 esse
560 1446 640 1474 nos
674 1432 974 1473 transmarinis
1006 1447 1084 1474 nec
1115 1432 1347 1487 inportatis
1381 1433 1481 1474 arti-

138 1491 219 1532 bus
260 1491 467 1546 eruditos,
512 1491 585 1532 sed
628 1491 824 1546 genuinis
865 1491 1194 1545 domesticisque
1235 1492 1552 1561 virtutibus¹16

138 1549 274 1605 Atqui
310 1550 448 1591 multo
485 1549 530 1591 id
565 1549 735 1591 facilius
773 1564 1022 1605 cognosces,
1059 1550 1200 1604 inquit
1239 1550 1482 1605 Africanus,
1507 1572 1553 1602 30

87 1619 120 1645 25
141 1609 178 1650 si
205 1608 210 1662 Ι
238 1608 585 1664 progredientem
623 1623 713 1649 rem
750 1608 969 1663 publicam
1008 1611 1136 1663 atque
1173 1609 1220 1650 in
1253 1624 1323 1664 op-
1356 1611 1409 1662 [p.
1436 1620 1482 1652 40

139 1667 295 1709 timum
333 1669 497 1708 statum
531 1667 721 1708 naturali
759 1668 944 1722 quodam
981 1667 1135 1709 itinere
1175 1670 1217 1709 et
1255 1683 1381 1709 cursu
1414 1682 1483 1710 ve-

137 1726 329 1768 nientem
365 1725 542 1780 videris,
583 1726 686 1780 quin
723 1726 805 1768 hoc
841 1727 935 1781 ipso
975 1726 1232 1781 sapientiam
1270 1727 1483 1768 maiorum

140 1787 305 1826 statues
338 1799 430 1826 esse
462 1784 737 1840 laudandam,
776 1785 889 1840 quod
920 1785 1059 1826 multa
1089 1785 1316 1841 intelleges
1350 1786 1482 1827 etiam

140 1843 311 1886 aliunde
356 1846 499 1885 sumta
541 1843 721 1885 meliora
764 1844 878 1898 apud
919 1858 998 1885 nos
1043 1844 1180 1885 multo
1222 1858 1314 1885 esse
1354 1844 1482 1899 facta,

86 1914 119 1940 ³0
140 1917 269 1958 quam
311 1902 374 1944 ibi
409 1902 608 1956 fuissent,
651 1903 762 1944 unde
798 1903 882 1944 huc
917 1903 1133 1944 translata
1171 1905 1314 1944 essent
1354 1905 1482 1957 atque

139 1961 214 2003 ubi
244 1961 432 2017 primum
459 1961 717 2015 extitissent,
745 1961 1058 2017 intellegesque
1087 1976 1174 2003 non
1201 1961 1383 2003 fortuito
1409 1976 1482 2016 po-

138 2021 289 2076 pulum
328 2019 590 2074 Romanum,
635 2019 709 2061 sed
752 2020 930 2062 consilio
975 2022 1018 2061 et
1062 2020 1290 2075 disciplina
1333 2021 1483 2062 confir-

139 2078 317 2136 maffitum
349 2093 441 2120 esse
472 2093 550 2121 nec
581 2081 728 2119 tamen
759 2078 1014 2120 adversante
1045 2078 1232 2120 fortuna.
1338 2081 1392 2131 [p.
1413 2089 1481 2120 217

226 2137 399 2180 Mortuo
440 2152 540 2193 rege
571 2137 787 2192 Pompilio
819 2137 992 2179 Tullum
1024 2137 1264 2179 Hostilium
1295 2137 1480 2192 populus

87 2207 121 2233 85
140 2211 287 2253 regem
311 2197 526 2251 interrege
552 2198 734 2251 rogante
754 2196 940 2237 comitiis
961 2197 1136 2238 curiatis
1157 2196 1330 2249 creavit,
1359 2196 1481 2249 isque

139 2255 190 2297 de
226 2255 407 2310 imperio
447 2269 524 2296 suo
563 2255 758 2309 exemplo
789 2253 992 2310 Pompilii
1022 2256 1231 2310 populum
1266 2253 1482 2295 consuluit

138 2313 349 2356 curiatim.
411 2312 543 2356 Cuius
582 2314 793 2354 excellens
829 2314 876 2355 in
912 2328 957 2355 re
995 2313 1176 2355 militari
1214 2312 1354 2369 gloria
1394 2327 1481 2354 ma-

1499 2116 1550 2157 17

1507 2168 1548 2199 31
