1685 2568
348 134 437 168 LIB.
464 134 508 170 II.
536 133 636 170 CAP.
663 138 802 169 64—66
827 138 847 176 ἓ
875 138 1068 169 131-136.
1294 135 1380 176 245

46 230 300 286 quantulum
319 230 460 271 visum
480 231 546 271 est
565 229 615 271 de
635 231 827 285 argento.
870 229 978 271 Tum
997 229 1089 270 ille:
1117 228 1381 283 ‘Nihilne',

43 288 199 343 inquit,
245 288 322 329 ‘de
362 287 599 330 vitello?’
643 288 685 329 id
723 288 835 329 enim
872 287 911 329 ei
949 302 998 329 ex
1036 302 1116 329 ovo
1156 287 1382 329 videbatur

43 362 195 390 aurum
228 345 478 400 declarasse,
509 347 722 400 reliquum
749 348 987 401 argentum.
1030 345 1224 388 Nemone
1248 346 1382 401 igitur

44 420 249 460 umquam
286 405 396 447 alius
435 420 563 447 ovum
600 405 860 447 somniavit?
898 419 972 446 cur
1004 419 1106 459 ergo
1138 403 1208 446 hic
1238 405 1381 446 nescio

9 476 26 504 5
44 464 116 520 qui
141 463 421 505 thensaurum
442 464 559 505 solus
580 464 772 505 invenit?
800 478 928 518 quam
948 463 1075 504 multi
1094 463 1243 517 inopes
1264 462 1382 519 digni

42 522 256 579 praesidio
299 522 474 563 deorum
510 522 631 564 nullo
672 522 837 564 somnio
870 522 923 564 ad
954 522 1235 563 thensaurum
1266 536 1382 576 repe-

43 581 237 623 riendum
274 581 576 622 admonentur!
631 579 769 629 Quam
807 583 952 622 autem
989 581 1044 622 ob
1082 595 1254 622 causam
1291 582 1382 622 tam

43 642 109 681 est
138 640 317 681 obscure
344 639 601 693 admonitus,
632 642 681 681 ut
706 654 755 681 ex
783 653 864 682 ovo
889 641 1135 682 nasceretur
1160 638 1383 680 thensauri

43 698 298 752 similitudo,
335 698 479 753 potius
518 713 646 752 quam
685 700 831 753 aperte
868 698 1148 740 thensaurum
1180 711 1382 752 quaerere

0 769 25 794 ιο
43 757 274 811 iuberetur,
301 756 411 798 siout
438 759 584 811 aperte
608 755 847 798 Simonides
873 758 1032 799 vetitus
1058 759 1123 798 est
1147 756 1382 812 navigare?

0 929 2 949 1

42 815 160 871 Ergo
203 815 385 857 obscura
423 816 591 857 somnia
628 815 803 857 minime
836 818 1123 857 consentanea
1152 814 1370 857 maiestati
1388 822 1452 853 135

43 875 230 916 deorum.

131 932 201 973 Ad
232 935 384 987 aperta
415 934 459 974 et
490 933 607 974 clara
634 933 868 986 veniamus,
902 933 1026 987 quale
1053 935 1119 974 est
1144 933 1193 974 de
1219 933 1296 975 illo
1322 932 1383 974 in·
1398 934 1453 976 66

42 991 222 1033 terfecto
262 1007 287 1032 a
325 1006 514 1046 caupone
546 991 754 1046 Megaris,
792 991 917 1045 quale
956 992 1006 1033 de
1038 989 1272 1057 Simonide,
1312 991 1384 1045 qui

44 1050 97 1092 ab
141 1065 210 1104 eo,
254 1064 382 1105 quem
425 1050 644 1103 humarat,
687 1050 847 1091 vetitus
892 1052 958 1091 est
992 1051 1217 1106 navigare,
1259 1050 1384 1105 quale

42 1109 175 1150 etiam
202 1108 252 1150 de
275 1108 531 1162 Alexandro,
559 1108 672 1163 quod
697 1123 722 1150 a
747 1112 789 1149 te
814 1108 1096 1163 praeteritum
1122 1123 1214 1150 esse
1240 1109 1385 1162 miror,

42 1166 212 1216 Quinte.
266 1166 373 1209 Cum
404 1167 699 1221 Ptolomaeus,
736 1167 964 1208 familiaris
997 1167 1105 1222 eius,
1142 1168 1188 1208 in
1218 1167 1383 1222 proelio

43 1226 131 1268 telo
169 1228 381 1267 venenato
418 1226 528 1267 ictus
567 1228 680 1267 esset
718 1240 850 1280 eoque
881 1226 1057 1267 vulnere
1089 1240 1255 1267 summo
1288 1241 1383 1268 cum

43 1284 190 1327 dolore
222 1287 472 1338 moreretur,
504 1284 748 1326 Alexander
779 1284 976 1326 adsidens
1009 1299 1159 1326 somno
1193 1287 1258 1326 est
1290 1299 1384 1327 con-

45 1343 223 1399 sopitus.
267 1343 376 1384 Tum
403 1343 634 1385 secundum
661 1343 848 1397 quietem
873 1343 990 1385 visus
1017 1344 1056 1384 ei
1083 1343 1237 1385 dicitur
1258 1344 1383 1385 draco

41 1402 97 1457 is,
129 1417 257 1456 quem
288 1405 427 1443 mater
459 1401 681 1456 Olympias
715 1403 871 1457 alebat,
902 1402 1138 1444 radicula-m
1170 1417 1241 1444 ore
1272 1402 1384 1444 ferre

43 1463 86 1503 et
112 1461 241 1502 simul
267 1461 417 1514 dicere,
443 1475 526 1515 quo
552 1461 630 1502 illa
655 1461 740 1503 loci
758 1463 1005 1503 nasceretur
1024 1458 1179 1516 (neque
1198 1461 1234 1502 is
1255 1461 1384 1518 longe

43 1520 193 1562 aberat
233 1520 286 1561 ab
320 1534 368 1561 eo
400 1518 535 1576 loco),
572 1520 662 1561 eius
695 1523 839 1561 autem
870 1534 962 1561 esse
994 1520 1082 1561 vim
1113 1522 1298 1574 tantam,
1336 1523 1385 1561 ut

42 1578 343 1620 Ptolomaeum
373 1578 501 1620 facile
534 1581 717 1620 sanaret.
767 1577 874 1620 Cum
902 1579 1144 1620 Alexander
1171 1594 1385 1634 experrec-

45 1639 116 1679 tus
146 1640 368 1679 narrasset
400 1637 548 1679 amicis
581 1637 806 1692 somnium,
840 1638 986 1679 emissi
1018 1640 1129 1691 sunt,
1161 1638 1234 1692 qui
1264 1638 1383 1680 illam

45 1696 283 1738 radiculam
315 1699 586 1750 quaererent3
619 1711 703 1750 qua
733 1696 908 1738 inventa
941 1699 982 1738 et
1012 1695 1289 1738 Ptolomaeus
1322 1712 1385 1739 sa-

42 1757 170 1796 natus
203 1755 359 1796 dicitur
384 1757 427 1796 et
452 1755 579 1796 multi
604 1755 776 1810 milites,
809 1755 882 1809 qui
907 1758 1031 1797 erant
1056 1755 1204 1797 eodem
1231 1770 1384 1811 genere

42 1814 120 1855 teli
148 1814 375 1855 vulnerati.
418 1814 560 1855 Multa
585 1814 717 1855 etiam
742 1817 843 1856 sunt
869 1829 895 1855 a
919 1816 962 1855 te
989 1829 1039 1855 ex
1063 1814 1256 1856 historiis
1276 1830 1371 1869 pro—
1388 1823 1453 1855 136

43 1872 134 1914 lata
160 1872 338 1927 somnia,
370 1872 520 1914 matris
544 1871 800 1926 Phalaridis,
828 1871 930 1927 Cyri
956 1873 1201 1928 superioris,
1231 1874 1383 1915 matris

42 1930 252 1985 Dionysii,
282 1930 415 1973 Poeni
443 1930 717 1985 Hamilcaris,
747 1930 1020 1986 Hannibalis,
1051 1930 1097 1972 P.
1123 1931 1261 1986 Decii3
1293 1947 1384 1987 per-

42 1990 269 2045 vulgatum
299 1990 387 2031 iam
418 1989 524 2030 illud
557 1989 606 2031 de
638 1990 854 2044 praesule,
886 1988 931 2032 C.
964 1989 1147 2032 Gracchi
1179 1991 1309 2032 etiam
1342 1994 1385 2032 et

43 2062 188 2090 recens
220 2047 450 2102 Caeciliae,
488 2047 692 2090 Baliarici
722 2048 854 2102 filiae,
893 2049 1117 2090 somnium.
1167 2047 1249 2090 Sed
1280 2049 1384 2092 haec

45 2109 220 2149 externa
260 2108 314 2149 ob
357 2122 535 2162 eamque
577 2121 751 2149 causam
787 2107 939 2162 ignota
973 2107 1099 2150 nobis
1138 2110 1254 2163 sunt,
1297 2123 1384 2150 non

43 2165 164 2207 nulla
196 2166 328 2207 etiam
353 2166 455 2207 ficta
478 2166 676 2208 fortasse.
727 2164 831 2214 Quis
858 2166 970 2207 enim
997 2168 1146 2209 auctor
1170 2166 1382 2209 istorum?

46 2222 110 2266 De
134 2224 295 2266 nostris
321 2224 500 2266 somniis
528 2224 628 2279 quid
653 2224 861 2266 habemus
888 2225 1054 2268 dicere?
1080 2228 1129 2267 tu
1149 2225 1198 2267 de
1219 2240 1383 2267 emerso

46 2296 114 2324 me
158 2285 201 2324 et
239 2297 347 2337 equo
388 2283 442 2325 ad
480 2283 638 2338 ripam,
682 2297 762 2339 ego
801 2283 850 2325 de
886 2283 1024 2326 Mario
1062 2299 1158 2326 cum
1194 2283 1382 2325 fascibus

46 2340 251 2383 laureatis
294 2356 362 2383 me
404 2341 450 2383 in
493 2356 617 2383 suum
654 2341 804 2384 deduci
839 2342 1012 2384 iubente
1049 2344 1382 2384 monumentum.
