1685 2568
240 79 322 118 124
647 77 711 112 DE
737 77 937 113 NATURA
961 77 1166 113 DEORUM

237 176 313 216 aut
350 174 400 216 de
432 173 571 217 Codro
611 174 806 215 dubitare
844 188 1071 228 possumus
1103 176 1177 215 aut
1208 174 1259 215 de
1290 176 1459 230 ceteris,
1498 176 1571 231 qui

236 236 480 289 pugnantes
517 248 594 288 pro
632 233 798 288 patriae
836 233 1036 274 libertate
1074 232 1344 275 ceciderunt?
1389 235 1502 289 quod
1534 235 1571 275 si

237 292 460 346 probabile
502 306 588 333 non
631 294 716 345 est,
759 305 812 332 ne
856 291 933 332 illa
971 291 1140 345 quidem
1179 292 1418 347 superiora,
1461 293 1571 334 unde

167 359 211 390 50
238 351 342 392 haec
374 352 563 404 manant,
595 349 818 404 probanda
849 352 959 390 sunt.
1022 349 1165 403 Atque
1196 350 1240 390 in
1271 351 1485 405 plerisque
1517 351 1571 393 ci-

239 409 446 450 vitatibus
471 408 668 463 intellegi
693 409 838 462 potest
864 408 1081 463 augendae
1108 407 1281 449 virtutis
1302 410 1455 464 gratia,
1488 424 1570 463 quo
1590 421 1608 447 5

238 468 442 509 libentius
474 467 534 508 rei
565 466 762 521 publicae
794 480 922 508 causa
952 467 1189 521 periculum
1221 467 1358 508 adiret
1384 468 1571 522 optimus

239 526 438 580 quisque,
476 526 666 567 virorum
704 524 884 566 fortium
921 525 1172 567 memoriam
1203 525 1363 567 honore
1396 526 1569 568 deorum

237 584 549 626 immortalium
581 585 884 625 consecratam.
941 583 1005 625 Ob
1039 598 1131 625 eam
1165 584 1276 625 enim
1307 584 1447 639 ipsam
1480 599 1572 626 cau-

239 657 331 685 sam
362 642 628 684 Erechtheus
654 641 838 682 Athenis
870 641 1066 696 filiaeque
1093 643 1181 684 eius
1207 643 1251 683 in
1276 657 1452 684 numero
1479 643 1573 685 deo-

238 717 333 743 rum
365 704 481 755 sunt3
512 701 700 754 itemque
725 700 755 754 †
780 699 1057 742 Leonaticum
1089 704 1154 742 est
1186 701 1410 742 delubrum
1441 701 1573 743 Athe·
1593 714 1629 738 ιο

237 761 317 814 nis,
350 760 462 814 quod
487 759 721 801 Leocorion
746 759 1003 801 nominatur.
1052 758 1376 801 Alabandenses
1404 760 1573 814 quidem

240 820 428 860 sanctius
460 817 733 859 Alabandum
765 818 928 871 colunt,
969 832 994 858 a
1025 832 1108 872 quo
1141 821 1206 859 est
1237 819 1339 860 urbs
1371 819 1448 860 illa
1480 834 1573 861 con-

239 877 345 931 dita,
385 891 512 931 quam
552 891 808 931 quemquam
846 876 1055 917 nobilium
1088 876 1279 931 deorum3
1324 878 1435 932 apud
1467 892 1573 932 quos

238 950 324 978 non
360 935 568 977 inurbane
601 933 885 988 Stratonicus,
926 937 974 976 ut
1011 935 1165 989 multa,
1204 950 1299 977 eum
1332 936 1503 990 quidam
1535 936 1573 977 ei

239 995 444 1036 molestus
466 993 740 1035 Alabandum
767 993 891 1034 deum
918 1008 1009 1034 esse
1029 994 1313 1048 confirmaret,
1344 994 1572 1036 Herculem
1594 1005 1627 1030 15

168 1086 194 1126 2
239 1056 435 1109 negaret:
475 1052 636 1108 ‘Ergo’,
667 1052 823 1107 inquit,
856 1052 977 1093 ‘mihi
1008 1052 1271 1106 Alabandus,
1302 1053 1384 1094 tibi
1415 1053 1572 1095 Hercu-

168 1087 225 1168 510
241 1113 302 1153 les
342 1112 399 1153 sit
435 1111 614 1153 iratusl'
674 1111 758 1152 Illa
790 1113 950 1165 autem,
988 1110 1141 1165 Balbe,
1180 1126 1286 1166 quae
1319 1114 1366 1153 tu
1399 1127 1424 1153 a
1455 1113 1571 1154 caelo

239 1170 452 1225 astrisque
494 1170 695 1224 ducebas,
737 1185 864 1224 quam
902 1170 1030 1225 longe
1068 1173 1259 1224 serpant,
1299 1185 1385 1211 non
1425 1171 1571 1212 vides?

239 1228 382 1270 Solem
420 1229 544 1270 deum
582 1243 674 1270 esse
705 1228 970 1282 Lunamque,
1011 1243 1191 1283 quorum
1226 1229 1409 1270 alterum
1442 1229 1573 1284 Apol-

239 1288 368 1329 linem
401 1287 570 1341 Graeci‚
603 1288 784 1329 alteram
815 1287 999 1328 Dianam
1029 1290 1196 1342 putant.
1259 1287 1420 1336 Quodsi
1451 1287 1572 1329 Luna
1592 1300 1629 1324 20

239 1346 317 1388 dea
357 1349 439 1400 est,
482 1360 583 1402 ergo
627 1346 756 1387 etiam
788 1345 957 1387 Lucifer
997 1348 1245 1400 ceteraeque
1278 1349 1468 1388 errantes
1499 1361 1573 1388 nu-

238 1419 403 1446 merum
448 1405 623 1446 deorum
667 1405 940 1458 obtinebunt3
983 1405 1116 1460 igitur
1155 1405 1285 1446 etiam
1322 1406 1572 1446 inerrantes.

239 1462 325 1506 Cur
363 1465 506 1505 autem
538 1463 676 1517 Arqui
709 1463 869 1518 species
900 1477 987 1505 non
1017 1463 1063 1504 in
1095 1464 1270 1504 deorum
1301 1478 1477 1506 numero
1509 1479 1572 1505 re·

237 1523 451 1577 ponatur?
490 1524 555 1563 est
587 1522 699 1563 enim
730 1522 926 1577 pulcher3
964 1524 1006 1563 et
1038 1522 1092 1563 ob
1126 1536 1218 1563 eam
1251 1537 1440 1576 causam,
1473 1523 1573 1577 quia

238 1581 421 1636 speciem
459 1581 618 1622 habeat
656 1580 970 1635 admirabilem,
1002 1580 1271 1622 Thaumante
1303 1581 1456 1623 dicitur
1486 1582 1626 1623 Irim

239 1654 330 1681 esse
373 1642 486 1681 nata.
549 1638 680 1682 Cuius
725 1639 761 1681 si
805 1639 948 1681 divina
984 1642 1139 1681 natura
1177 1642 1258 1693 est,
1304 1640 1405 1694 quid
1441 1640 1570 1681 facies

237 1699 452 1740 nubibus?
514 1698 651 1740 Arcus
690 1698 802 1739 enim
839 1698 931 1753 ipse
969 1712 990 1739 e
1028 1699 1213 1740 nubibus
1253 1697 1435 1740 efficitur
1473 1713 1572 1753 quo-

239 1757 336 1798 dam
380 1757 505 1799 modo
551 1757 772 1811 coloratis3
817 1771 997 1811 quarum
1040 1772 1125 1798 una
1166 1757 1296 1798 etiam
1334 1756 1571 1799 Centauros

235 1816 452 1871 peperisse
496 1816 662 1857 dicitur.
723 1814 884 1864 Quodsi
925 1816 1060 1857 nubes
1106 1815 1325 1857 rettuleris
1369 1815 1415 1856 in
1459 1815 1571 1870 deos,

237 1874 482 1916 referendae
519 1877 633 1916 certe
672 1877 796 1916 erunt
833 1877 1130 1929 tempestates,
1170 1889 1278 1928 quae
1308 1874 1458 1929 populi
1489 1874 1624 1916 Ro-so

238 1933 354 1974 mani
391 1933 545 1975 ritibus
584 1935 856 1975 consecratae
889 1935 998 1974 sunt.
1058 1932 1175 1988 Ergo
1208 1932 1384 1986 imbres,
1424 1933 1571 1987 nimbi,

237 1992 461 2047 procellae,
493 1992 686 2033 turbines
719 1992 785 2033 dei
816 1991 1006 2046 putandi.
1059 1990 1211 2033 Nostri
1244 1992 1413 2045 quidem
1446 1992 1570 2033 duces

237 2065 355 2092 mare
403 2050 690 2106 ingredientes
740 2051 948 2092 inmolare
997 2050 1185 2091 hostiam
1234 2050 1431 2092 fluctibus
1477 2065 1570 2092 con-

166 2117 210 2148 52
239 2111 424 2151 suerunt.
486 2108 578 2151 Iam
611 2109 648 2150 si
680 2111 745 2150 est
776 2107 903 2150 Ceres
936 2124 960 2149 a
992 2109 1176 2163 gerendo
1210 2107 1290 2164 (ita
1321 2109 1433 2150 enim
1465 2109 1570 2150 dice-

238 2167 347 2224 bas),
378 2170 496 2209 terra
525 2168 620 2222 ipsa
652 2167 730 2208 dea
762 2170 826 2208 est
853 2170 895 2208 et
920 2167 982 2208 ita
1007 2168 1207 2221 habetur3
1240 2182 1346 2222 quae
1373 2170 1438 2209 est
1457 2168 1569 2209 enim
1589 2177 1622 2203 35
1660 2214 1662 2224 Ι

239 2227 325 2268 alia
356 2226 532 2268 Tellus?
578 2225 653 2267 Sin
683 2229 810 2280 terra,
846 2240 963 2267 mare
996 2226 1138 2279 etiam,
1171 2241 1296 2280 quein
1321 2225 1569 2281 Neptunum

237 2299 328 2326 esse
373 2285 560 2339 dicebas3
605 2298 707 2340 ergo
749 2287 792 2326 et
831 2284 1009 2326 flumina
1047 2288 1088 2326 et
1124 2285 1278 2326 fontes.
1338 2284 1488 2339 Itaque
1527 2287 1569 2325 et
