1685 2568
205 997 285 1037 27·

206 1049 247 1079 75

205 2087 246 2118 77

273 100 328 140 28
683 99 746 134 DE
772 99 972 135 NATURA
997 99 1201 135 DEORUM

275 196 475 250 mutavit,
512 198 561 238 ut
598 196 710 251 quod
746 197 874 251 paulo
913 198 1011 237 ante
1050 196 1100 237 de
1137 196 1413 239 inclinatione
1445 200 1608 239 atomo-

274 270 368 295 rum
401 255 498 309 dixi,
529 258 674 296 tamen
705 255 908 309 pleraque
941 255 1043 296 dicit
1069 255 1227 308 eadem,
1260 258 1438 310 atomos,
1470 256 1606 310 inane,

274 313 502 368 imagines,
546 314 804 354 infinitatem
849 314 1039 355 locorum
1081 313 1607 368 innumerabilitatemque

275 373 541 425 mundorum,
573 386 719 413 eorum
751 374 882 425 ortus,
914 372 1125 425 interitus,
1158 372 1301 413 omnia
1325 372 1423 427 fere,
1453 374 1606 427 quibus

274 434 452 472 naturae
490 430 601 471 ratio
640 430 893 471 continetur.
954 429 1077 472 Nunc
1114 431 1224 472 istuc
1263 431 1400 484 ‘quasi
1438 431 1606 486 corpus'

218 507 235 512 ‘¹
277 492 318 529 ct
358 488 496 543 ‘quasi
533 488 801 543 sanguinem’
841 488 940 542 quid
976 489 1221 545 intellegis?
1283 489 1377 545 Ego
1417 490 1529 530 enim
1565 493 1608 531 te

276 548 382 589 scire
408 547 494 588 ista
518 547 672 588 melius
700 562 827 601 quam
853 562 920 587 me
945 562 1031 588 non
1049 548 1188 589 fateor
1208 548 1359 601 solum,
1386 549 1458 589 sed
1479 549 1608 589 etiam

274 605 399 647 facile
431 606 592 660 patior3
625 621 719 647 cum
753 605 923 659 quidem
955 607 1083 646 semel
1118 606 1230 647 dicta
1263 609 1372 660 sunt,
1405 607 1505 661 quid
1532 610 1609 660 est,

276 664 388 718 quod
424 663 615 705 Velleius
659 664 910 719 intellegere
947 665 1102 718 possit,
1147 664 1277 706 Cotta
1318 680 1405 706 non
1441 666 1608 720 possit?

274 722 426 777 Itaque
470 737 623 778 corpus
667 723 767 777 quid
805 724 878 776 sit,
922 724 1096 778 sanguis
1136 724 1235 777 quid
1273 724 1347 777 sit,
1390 724 1609 779 intellego,

277 782 399 836 quasi
430 796 583 836 corpus
616 784 659 822 et
691 782 813 836 quasi
846 781 1019 836 sanguis
1053 782 1153 836 quid
1186 783 1253 836 sit,
1284 783 1403 823 nullo
1434 797 1608 837 prorsus

276 841 401 882 modo
439 841 657 895 intellego.
719 839 867 894 Neque
905 842 953 880 tu
990 855 1057 880 me
1089 841 1220 894 celas,
1258 844 1305 881 ut
1337 841 1608 896 Pythagoras

275 899 444 940 solebat
482 899 662 953 alienos,
699 913 777 940 nec
815 899 1011 940 consulto
1051 899 1153 940 (11613
1193 900 1355 940 occulte
1387 903 1610 953 tamquam

274 957 539 1012 Heraclitus,
578 957 651 998 sed
683 956 814 1012 (quod
846 958 958 998 inter
988 972 1067 999 nos
1099 956 1244 1012 liceat)
1276 973 1327 999 ne
1360 960 1407 999 tu
1440 959 1609 1012 quidem

275 1016 504 1071 intellegis.
545 1016 659 1057 Illud
684 1016 806 1058 video
832 1030 1025 1071 pugnare
1051 1019 1106 1069 te,
1139 1016 1299 1070 species
1326 1019 1374 1057 ut
1401 1018 1609 1071 quaedam

276 1075 333 1116 sit
352 1075 538 1129 deorum,
561 1090 667 1129 quae
687 1075 795 1116 nihil
816 1075 1002 1116 concreti
1021 1075 1190 1128 habeat,
1210 1075 1318 1116 nihil
1339 1076 1476 1128 solidi,
1501 1076 1609 1117 nihil

275 1134 476 1188 expressi,
506 1134 614 1174 1111111
642 1134 880 1187 6111111611113,
913 1134 1052 1188 311(1116
1077 1149 1196 1188 pura,
1228 1134 1346 1187 levis,
1380 1135 1608 1189 perlucida.

274 1193 474 1233 Dicemus
517 1192 651 1247 igitur
694 1192 823 1246 idem,
868 1193 980 1246 quod
1022 1192 1067 1232 in
1104 1191 1268 1233 Venere
1307 1192 1411 1234 Coa:
1456 1208 1608 1247 corpus

274 1251 380 1292 illud
418 1266 503 1292 non
541 1253 623 1304 est,
663 1251 735 1292 sed
774 1251 912 1292 simile
951 1251 1158 1305 601110113,
1196 1266 1272 1292 1166
1310 1252 1382 1292 1116
1414 1252 1534 1292 fusus
1567 1255 1609 1293 et

274 1310 456 1351 candore
495 1310 654 1350 mixtus
686 1310 818 1351 rubor
849 1310 1023 1363 sanguis
1057 1312 1138 1363 est,
1171 1309 1244 1350 sed
1277 1310 1484 1363 quaedam
1516 1325 1607 1351 san-

276 1369 415 1424 guinis
455 1368 708 1421 31111111111(10;
753 1368 813 1409 316
849 1368 895 1409 111
924 1368 1134 1422 Epicureo
1174 1368 1250 1409 deo
1290 1383 1376 1410 non
1413 1383 1497 1423 res,
1536 1370 1610 1411 sed

274 1427 576 1468 similitudines
614 1442 757 1468 rerum
799 1441 901 1468 esse.
962 1426 1047 1468 Fac
1083 1426 1143 1480 id,
1186 1427 1298 1481 quod
1328 1442 1380 1468 ne
1413 1428 1609 1484 intellegi

275 1487 445 1540 quidem
478 1488 638 1540 potest,
671 1485 777 1526 1111111
809 1500 900 1527 6336
931 1500 1200 1540 persuasum,
1238 1486 1338 1527 cedo
1370 1487 1475 1527 mihi
1507 1487 1608 1528 isto-

273 1560 368 1586 rum
401 1545 752 1586 adumbratorum
785 1544 958 1585 deorum
991 1544 1243 1585 liniamenta
1275 1547 1402 1598 atque
1433 1545 1606 1586 formas.

274 1603 373 1645 Non
418 1604 536 1644 deest
579 1603 660 1645 hoc
698 1603 791 1644 1060
831 1603 954 1657 copia
990 1603 1221 1656 rationum,
1267 1603 1419 1657 quibus
1459 1604 1641 1645 (1066161

273 1662 415 1703 velitis
457 1662 667 1703 humanas
707 1676 798 1702 esse
835 1661 997 1703 formas
1037 1662 1228 1715 deorum,
1272 1662 1456 1716 primum
1496 1663 1607 1716 quod

273 1721 335 1762 ita
355 1722 411 1761 sit
437 1720 717 1762 informatum
744 1720 1102 1774 anticipatuquoe
1126 1720 1339 1761 mentibus
1361 1721 1534 1774 nostris,
1559 1724 1608 1762 ut

274 1780 448 1833 homini,
480 1794 575 1820 cum
608 1779 657 1820 de
690 1779 767 1820 deo
800 1779 973 1834 cogitet,
1004 1779 1144 1820 forma
1176 1782 1370 1820 occurrat
1402 1779 1607 1834 humana3

275 1839 422 1879 deinde
455 1838 584 1892 quod,
621 1837 821 1891 quoniam
853 1838 978 1878 rebus
1012 1837 1207 1879 omnibus
1241 1838 1421 1878 excellat
1452 1841 1607 1880 natura

275 1897 435 1950 divina,
480 1896 619 1937 forma
658 1911 824 1950 quoque
866 1911 956 1937 esse
993 1896 1279 1950 pulcherrima
1317 1896 1488 1949 debeat,
1529 1912 1631 1939 1166

274 1970 365 1996 esse
392 1956 579 1996 humana
604 1956 739 1996 ullam
765 1955 1071 2009 pulchriorem,
1102 1955 1274 1995 tertiam
1302 1955 1511 1996 rationem
1538 1956 1606 1997 ad-

273 2014 414 2067 fertis,
452 2014 563 2068 quod
595 2015 715 2055 nulla
748 2014 834 2054 alia
864 2014 1002 2069 figura
1034 2013 1294 2054 domicilium
1326 2014 1481 2054 mentis
1514 2029 1606 2055 esse

272 2073 421 2127 possit.
488 2072 681 2113 Primum
719 2073 853 2127 igitm
891 2072 1074 2126 (1111(1(1116
1111 2072 1332 2112 considera
1370 2073 1494 2125 quale
1533 2073 1606 2127 sit3

274 2131 461 2185 arripere
506 2131 618 2172 enim
662 2131 767 2196 mihi
811 2130 1011 2190 videmini
1050 2131 1171 2183 quasi
1209 2133 1351 2172 vestro
1389 2131 1478 2171 iurc
1516 2146 1605 2172 rem

273 2248 613 2302 contemplandis
663 2248 789 2288 rebus
832 2262 1034 2301 umquam
1078 2247 1177 2302 fuit,
1227 2251 1275 2289 ut
1316 2262 1400 2289 non
1444 2248 1606 2289 videret

273 2307 433 2362 species
472 2307 578 2348 istas
616 2306 837 2348 hominum
875 2306 1067 2347 conlatas
1106 2306 1149 2346 in
1192 2306 1290 2348 deos
1323 2309 1396 2348 aut
1428 2307 1605 2348 consilio
1658 2312 1661 2341 5

1629 737 1661 762 1⁰

1630 1029 1662 1056 15

1627 1308 1685 1348 203
