1685 2568
447 115 535 150 LIB.
561 115 606 151 II.
633 114 732 149 CAP.
760 117 862 149 3-5.
889 118 909 156 ἓ
935 118 1060 149 9-14.
1366 115 1420 156 51

86 211 299 267 auspicari
338 213 449 253 esset
487 210 666 263 oblitus;
703 209 848 264 itaque
888 209 995 251 vitio
1028 211 1195 251 creatos
1228 210 1424 252 consules

87 285 190 312 esse.
252 270 451 325 Augures
483 284 574 311 rem
606 268 659 310 ad
691 270 905 322 senatum3
947 270 1141 318 senatus,
1178 269 1227 309 ut
1259 268 1425 310 abdica-

87 331 182 370 rent
208 330 423 383 consules;
449 327 764 370 abdicaverunt.
815 325 931 375 Quae
958 326 1203 381 quaerimus
1229 327 1426 381 exempla

87 388 279 429 maiora?
346 386 426 429 Vir
474 385 817 440 sapientissimus
867 387 996 440 atque
1038 385 1154 427 haud
1194 385 1326 426 sciam
1370 400 1426 426 an

51 460 67 485 5
87 447 278 488 omnium
309 444 706 501 praestantissimus
738 446 961 499 peceatum
988 458 1125 498 suum,
1158 443 1271 499 quod
1296 443 1427 486 celari

86 508 251 560 posset,
292 503 484 546 confiteri
520 503 674 544 maluit
712 517 840 557 quam
876 502 1051 544 haerere
1089 502 1134 544 in
1170 517 1216 544 re
1253 502 1426 558 publica

86 564 353 620 religionem,
387 562 582 604 consules
616 576 829 603 summum
859 561 1088 616 imperium
1120 561 1270 602 statim
1302 561 1426 616 depo-

86 637 186 664 nere
219 636 348 677 quam
378 621 422 662 id
447 623 592 662 tenere
617 622 824 676 punctum
850 620 1058 675 temporis
1086 622 1237 662 contra
1255 619 1426 676 religio-

85 695 195 722 nem.
249 679 410 735 Magna
441 693 653 735 augurum
684 679 937 733 auctoritas;
975 678 1105 733 quid?
1150 678 1426 734 haruspicum

37 753 68 777 ιο
88 753 158 781 ars
182 753 323 780 nonne
350 737 522 780 divina?
565 736 683 779 Haec
709 741 746 780 et
768 737 1099 779 innumerabilia
1118 752 1168 779 ex
1188 738 1337 779 codem
1358 751 1427 793 ge-

85 812 185 839 nere
224 797 297 852 qui
338 796 500 851 videat,
543 811 684 838 nonne
723 799 904 852 cogatur
940 796 1134 839 confiteri
1172 796 1272 838 deos
1305 797 1427 838 esse?

87 855 277 905 Quorum
314 856 428 897 enim
464 855 722 910 interpretes
761 858 878 909 sunt,
922 869 994 897 eos
1032 855 1149 910 ipsos
1188 869 1281 897 esse
1313 857 1428 897 certe

84 929 257 957 necesse
305 917 389 968 est3
439 914 613 956 deorum
664 916 807 956 autem
856 914 1112 969 interpretes
1158 916 1276 968 sunt3
1327 914 1427 956 deos

86 974 221 1030 igitur
252 987 344 1015 esse
368 973 594 1015 fateamur.
643 972 704 1014 At
728 972 912 1014 fortasse
938 988 1025 1014 non
1051 973 1195 1015 omnia
1215 973 1428 1027 eveniunt,

36 1045 67 1070 15
88 1047 196 1087 quae
245 1032 465 1087 praedicta
513 1034 624 1073 sunt.
697 1030 764 1073 Ne
814 1032 933 1087 aegri
983 1031 1154 1086 quidem
1198 1032 1299 1086 quia
1341 1046 1429 1074 non

87 1105 234 1133 omnes
272 1091 595 1145 convalescunt,
638 1090 795 1132 idcirco
835 1105 903 1132 ars
941 1090 1063 1132 nulla
1100 1090 1310 1132 medicina
1351 1093 1428 1132 est.

87 1149 221 1205 Signa
252 1149 535 1191 ostenduntur
566 1164 592 1190 a
623 1149 686 1190 dis
718 1163 861 1190 rerum
892 1148 1147 1190 futurarum.
1208 1148 1260 1190 In
1290 1149 1359 1190 his
1392 1149 1430 1191 si

88 1209 161 1264 qui
204 1210 471 1262 erraverunt,
519 1222 607 1249 non
651 1207 826 1249 deorum
867 1209 1043 1262 natura,
1088 1207 1162 1250 sed
1206 1207 1430 1249 hominum

87 1267 330 1309 coniectura
360 1266 567 1321 peccavit.
614 1265 766 1321 Itaque
797 1266 910 1307 inter
941 1266 1080 1308 omnis
1113 1266 1304 1308 omnium
1330 1281 1430 1322 gen-

35 1337 69 1364 20
87 1326 197 1367 tium
237 1340 405 1367 summa
442 1326 629 1379 constat3
674 1325 873 1366 omnibus
912 1325 1025 1366 enim
1059 1325 1257 1367 innatum
1289 1328 1355 1367 est
1387 1327 1429 1367 et

87 1385 132 1426 in
178 1384 320 1426 animo
360 1384 484 1439 quasi
520 1384 783 1439 insculptum
822 1398 914 1425 esse
952 1383 1066 1426 deos.
1134 1382 1291 1433 Quales
1330 1384 1428 1439 sint,

86 1443 249 1485 varium
286 1445 368 1498 est,
401 1457 493 1485 esse
523 1457 649 1484 nemo
681 1445 825 1498 negat.
887 1441 1120 1485 Cleanthes
1153 1443 1325 1498 quidem
1355 1458 1428 1486 no-

88 1505 176 1544 ster
215 1504 419 1557 quattuor
457 1502 507 1544 de
539 1502 680 1544 causis
712 1502 819 1544 dixit
849 1502 893 1544 in
925 1502 1081 1544 animis
1112 1502 1337 1544 hominum
1369 1502 1430 1544 in-

87 1561 296 1603 formatas
330 1561 506 1603 deorum
538 1575 629 1602 esse
660 1560 870 1603 notiones.
920 1560 1113 1602 Primam
1143 1561 1290 1616 posuit
1323 1575 1429 1616 eam,

37 1633 70 1658 25
90 1620 141 1662 de
186 1635 270 1675 qua
306 1619 433 1662 modo
473 1619 577 1675 dixi,
621 1634 729 1674 quae
766 1622 862 1662 orta
900 1622 1013 1661 esset
1045 1635 1095 1662 ex
1126 1620 1430 1675 praesensione

86 1694 231 1721 rerum
255 1678 517 1733 futurarum3
550 1679 744 1733 alteram,
771 1693 900 1734 quam
926 1679 1164 1734 ceperimus
1190 1694 1241 1721 ex
1266 1679 1431 1735 magni-

86 1738 234 1779 tudine
272 1737 611 1792 commodorum,
653 1752 761 1792 quae
797 1737 1094 1793 percipiuntur
1131 1738 1239 1780 caeli
1269 1740 1429 1793 tempe·

87 1797 272 1851 ratione,
308 1796 571 1838 fecunditate
608 1799 822 1838 terrarum
854 1797 1121 1851 aliarumque
1153 1797 1430 1839 commodita-

87 1858 180 1897 tum
212 1855 481 1911 conplurium
512 1855 652 1911 copia3
689 1855 876 1910 tertiam,
908 1870 1017 1911 quae
1048 1858 1231 1898 terreret
1263 1856 1429 1898 animos

0 1925 3 1944 ¹
36 1925 71 1951 30
88 1914 353 1969 fulminibus,
377 1914 722 1969 tempestatibus,
741 1914 911 1967 nimbis,
931 1915 1115 1969 nivibus,
1135 1915 1430 1971 grandinibus,

90 1973 308 2027 vastitate,
339 1973 600 2029 pestilentia,
631 1975 771 2015 terrae
803 1973 992 2016 motibus
1024 1976 1068 2016 et
1100 1988 1227 2029 saepe
1251 1973 1430 2016 fremiti-

89 2032 169 2073 bus
218 2032 481 2087 lapideisque
529 2032 740 2074 imbribus
790 2034 833 2074 et
879 2033 1015 2088 guttis
1059 2032 1264 2075 imbrium
1307 2033 1432 2088 quasi

90 2090 289 2144 cruentis,
314 2093 407 2132 tum
432 2091 605 2133 labibus
632 2093 706 2133 aut
731 2091 966 2146 repentinis
991 2094 1206 2134 terrarum
1225 2092 1430 2146 hiatibus,

89 2151 181 2190 tum
212 2151 384 2203 praeter
410 2152 611 2192 naturam
636 2150 860 2192 hominum
884 2151 1178 2206 pecudumque
1203 2150 1430 2206 portentis,

0 2217 4 2242 ε
39 2218 70 2244 35
89 2219 183 2249 tum
222 2207 388 2249 facibus
429 2208 533 2250 visis
575 2209 850 2263 caelestibus,
893 2211 987 2252 tum
1030 2210 1169 2252 stellis
1208 2210 1280 2265 iis,
1325 2223 1430 2264 quas

91 2265 243 2308 Graeci
274 2268 475 2322 cometas,
505 2268 645 2309 nostri
670 2268 936 2310 cincinnatas
961 2271 1130 2323 vocant,
1162 2283 1270 2323 quae
1295 2282 1431 2322 nuper

93 2325 205 2367 bello
232 2324 468 2368 Octaviano
500 2340 756 2382 magnarum
786 2326 960 2369 fuerunt
989 2327 1287 2370 calamitatum
1311 2340 1429 2382 prae-

1169 2395 1218 2430 4*

1458 1865 1501 1896 14
