<?xml version="1.0" encoding="UTF-8"?>
<!DOCTYPE html PUBLIC "-//W3C//DTD XHTML 1.0 Transitional//EN"
    "http://www.w3.org/TR/xhtml1/DTD/xhtml1-transitional.dtd">
<html xmlns="http://www.w3.org/1999/xhtml" xml:lang="en" lang="en">
 <head>
  <title>
</title>
<meta http-equiv="Content-Type" content="text/html;charset=utf-8" />
  <meta name='ocr-system' content='tesseract 3.04.00' />
  <meta name='ocr-capabilities' content='ocr_page ocr_carea ocr_par ocr_line ocrx_word'/>
</head>
<body>
  <div class='ocr_page' id='page_1' title='image "./p2scriptaquaemanse04ciceuoft_0226.png"; bbox 0 0 1685 2568; ppageno 0'>
   <div class='ocr_carea' id='block_1_1' title="bbox 261 94 1135 136">
    <p class='ocr_par' dir='ltr' id='par_1_1' title="bbox 261 94 1135 136">
     <span class='ocr_line' id='line_1_1' title="bbox 261 94 1135 136; baseline -0.008 0"><span class='ocrx_word' id='word_1_1' title='bbox 261 98 284 136; x_wconf 89' lang='grc'>1</span> <span class='ocrx_word' id='word_1_2' title='bbox 293 96 347 135; x_wconf 78' lang='grc'>74</span> <span class='ocrx_word' id='word_1_3' title='bbox 726 95 790 129; x_wconf 90' lang='lat' dir='ltr'>DE</span> <span class='ocrx_word' id='word_1_4' title='bbox 816 94 1135 130; x_wconf 87' lang='lat' dir='ltr'><strong>DIVINATIONE</strong></span> 
     </span>
    </p>
   </div>
   <div class='ocr_carea' id='block_1_2' title="bbox 186 190 1685 2362">
    <p class='ocr_par' dir='ltr' id='par_1_2' title="bbox 186 190 1685 2362">
     <span class='ocr_line' id='line_1_2' title="bbox 260 190 1599 247; baseline 0.001 -15"><span class='ocrx_word' id='word_1_5' title='bbox 260 192 496 247; x_wconf 84' lang='lat' dir='ltr'>stellaeque</span> <span class='ocrx_word' id='word_1_6' title='bbox 523 206 687 246; x_wconf 82' lang='lat' dir='ltr'>aureae,</span> <span class='ocrx_word' id='word_1_7' title='bbox 721 206 829 246; x_wconf 91' lang='lat' dir='ltr'>quae</span> <span class='ocrx_word' id='word_1_8' title='bbox 848 191 1030 246; x_wconf 83' lang='lat' dir='ltr'>Delphis</span> <span class='ocrx_word' id='word_1_9' title='bbox 1057 193 1181 232; x_wconf 89' lang='lat' dir='ltr'>erant</span> <span class='ocrx_word' id='word_1_10' title='bbox 1207 206 1232 232; x_wconf 93' lang='lat' dir='ltr'>a</span> <span class='ocrx_word' id='word_1_11' title='bbox 1250 190 1599 234; x_wconf 83' lang='lat' dir='ltr'>Lacedaemoniis</span> 
     </span>
     <span class='ocr_line' id='line_1_3' title="bbox 259 249 1600 307; baseline 0.001 -16"><span class='ocrx_word' id='word_1_12' title='bbox 259 251 426 305; x_wconf 89' lang='lat' dir='ltr'>positae</span> <span class='ocrx_word' id='word_1_13' title='bbox 464 253 564 305; x_wconf 89' lang='lat' dir='ltr'>post</span> <span class='ocrx_word' id='word_1_14' title='bbox 600 250 799 292; x_wconf 87' lang='lat' dir='ltr'>navalem</span> <span class='ocrx_word' id='word_1_15' title='bbox 836 250 957 292; x_wconf 89' lang='lat' dir='ltr'>illam</span> <span class='ocrx_word' id='word_1_16' title='bbox 993 249 1217 291; x_wconf 89' lang='lat' dir='ltr'>victoriam</span> <span class='ocrx_word' id='word_1_17' title='bbox 1249 249 1477 305; x_wconf 84' lang='lat' dir='ltr'>Lysandri,</span> <span class='ocrx_word' id='word_1_18' title='bbox 1513 266 1600 307; x_wconf 87' lang='lat' dir='ltr'>qua</span> 
     </span>
     <span class='ocr_line' id='line_1_4' title="bbox 259 307 1600 363; baseline 0.001 -13"><span class='ocrx_word' id='word_1_19' title='bbox 259 309 545 350; x_wconf 69' lang='lat' dir='ltr'>Athenienses</span> <span class='ocrx_word' id='word_1_20' title='bbox 578 309 866 362; x_wconf 86' lang='lat' dir='ltr'>conciderunt,</span> <span class='ocrx_word' id='word_1_21' title='bbox 899 323 982 362; x_wconf 90' lang='lat' dir='ltr'>qua</span> <span class='ocrx_word' id='word_1_22' title='bbox 1012 309 1057 349; x_wconf 93' lang='lat' dir='ltr'>in</span> <span class='ocrx_word' id='word_1_23' title='bbox 1082 322 1229 363; x_wconf 86' lang='lat' dir='ltr'>pugna</span> <span class='ocrx_word' id='word_1_24' title='bbox 1256 308 1356 362; x_wconf 89' lang='lat' dir='ltr'>quia</span> <span class='ocrx_word' id='word_1_25' title='bbox 1376 307 1530 351; x_wconf 86' lang='lat' dir='ltr'>Castor</span> <span class='ocrx_word' id='word_1_26' title='bbox 1557 312 1600 351; x_wconf 85' lang='lat' dir='ltr'>et</span> 
     </span>
     <span class='ocr_line' id='line_1_5' title="bbox 258 366 1599 409; baseline 0.001 -1"><span class='ocrx_word' id='word_1_27' title='bbox 258 366 413 408; x_wconf 85' lang='lat' dir='ltr'>Pollux</span> <span class='ocrx_word' id='word_1_28' title='bbox 439 382 535 409; x_wconf 92' lang='lat' dir='ltr'>cum</span> <span class='ocrx_word' id='word_1_29' title='bbox 555 367 989 408; x_wconf 78' lang='lat' dir='ltr'>Lacedaemoniorum</span> <span class='ocrx_word' id='word_1_30' title='bbox 1015 368 1152 408; x_wconf 90' lang='lat' dir='ltr'>classe</span> <span class='ocrx_word' id='word_1_31' title='bbox 1179 367 1261 408; x_wconf 87' lang='lat' dir='ltr'>visi</span> <span class='ocrx_word' id='word_1_32' title='bbox 1286 381 1378 408; x_wconf 88' lang='lat' dir='ltr'>esse</span> <span class='ocrx_word' id='word_1_33' title='bbox 1405 367 1599 409; x_wconf 89' lang='lat' dir='ltr'>diceban-</span> 
     </span>
     <span class='ocr_line' id='line_1_6' title="bbox 259 425 1653 480; baseline -0.001 -14"><span class='ocrx_word' id='word_1_34' title='bbox 259 428 341 479; x_wconf 88' lang='lat' dir='ltr'>tur,</span> <span class='ocrx_word' id='word_1_35' title='bbox 374 440 522 467; x_wconf 89' lang='lat' dir='ltr'>eorum</span> <span class='ocrx_word' id='word_1_36' title='bbox 552 425 741 480; x_wconf 90' lang='lat' dir='ltr'>insignia</span> <span class='ocrx_word' id='word_1_37' title='bbox 774 425 960 480; x_wconf 90' lang='lat' dir='ltr'>deorum,</span> <span class='ocrx_word' id='word_1_38' title='bbox 993 426 1145 467; x_wconf 90' lang='lat' dir='ltr'>stellae</span> <span class='ocrx_word' id='word_1_39' title='bbox 1171 439 1335 480; x_wconf 78' lang='lat' dir='ltr'>aureae,</span> <span class='ocrx_word' id='word_1_40' title='bbox 1368 441 1473 480; x_wconf 89' lang='lat' dir='ltr'>quas</span> <span class='ocrx_word' id='word_1_41' title='bbox 1501 426 1598 479; x_wconf 85' lang='lat' dir='ltr'>dixi,</span> <span class='ocrx_word' id='word_1_42' title='bbox 1635 438 1653 464; x_wconf 87' lang='lat'>5</span> 
     </span>
     <span class='ocr_line' id='line_1_7' title="bbox 259 484 1599 540; baseline 0.001 -15"><span class='ocrx_word' id='word_1_43' title='bbox 259 484 440 539; x_wconf 83' lang='lat' dir='ltr'>Delphis</span> <span class='ocrx_word' id='word_1_44' title='bbox 479 484 646 539; x_wconf 89' lang='lat' dir='ltr'>positae</span> <span class='ocrx_word' id='word_1_45' title='bbox 677 484 807 539; x_wconf 89' lang='lat' dir='ltr'>paulo</span> <span class='ocrx_word' id='word_1_46' title='bbox 841 486 939 525; x_wconf 88' lang='lat' dir='ltr'>ante</span> <span class='ocrx_word' id='word_1_47' title='bbox 971 484 1237 526; x_wconf 69' lang='lat' dir='ltr'>Leuctricam</span> <span class='ocrx_word' id='word_1_48' title='bbox 1268 499 1460 540; x_wconf 88' lang='lat' dir='ltr'>pugnam</span> <span class='ocrx_word' id='word_1_49' title='bbox 1493 485 1599 527; x_wconf 88' lang='lat' dir='ltr'>deci-</span> 
     </span>
     <span class='ocr_line' id='line_1_8' title="bbox 189 542 1599 598; baseline 0.003 -18"><span class='ocrx_word' id='word_1_50' title='bbox 189 550 233 581; x_wconf 76' lang='grc'>76</span> <span class='ocrx_word' id='word_1_51' title='bbox 261 543 415 584; x_wconf 87' lang='lat' dir='ltr'>derunt</span> <span class='ocrx_word' id='word_1_52' title='bbox 444 557 581 597; x_wconf 89' lang='lat' dir='ltr'>neque</span> <span class='ocrx_word' id='word_1_53' title='bbox 607 544 803 597; x_wconf 86' lang='lat' dir='ltr'>repertae</span> <span class='ocrx_word' id='word_1_54' title='bbox 830 545 940 583; x_wconf 90' lang='lat' dir='ltr'>sunt.</span> <span class='ocrx_word' id='word_1_55' title='bbox 983 542 1218 584; x_wconf 88' lang='lat' dir='ltr'>Maximum</span> <span class='ocrx_word' id='word_1_56' title='bbox 1244 557 1344 584; x_wconf 86' lang='lat' dir='ltr'>vero</span> <span class='ocrx_word' id='word_1_57' title='bbox 1370 543 1479 584; x_wconf 90' lang='lat' dir='ltr'>illud</span> <span class='ocrx_word' id='word_1_58' title='bbox 1503 558 1599 598; x_wconf 88' lang='lat' dir='ltr'>por-</span> 
     </span>
     <span class='ocr_line' id='line_1_9' title="bbox 259 600 1598 656; baseline 0.001 -14"><span class='ocrx_word' id='word_1_59' title='bbox 259 604 427 642; x_wconf 87' lang='lat' dir='ltr'>tentum</span> <span class='ocrx_word' id='word_1_60' title='bbox 458 601 593 643; x_wconf 91' lang='lat' dir='ltr'>isdem</span> <span class='ocrx_word' id='word_1_61' title='bbox 626 600 857 656; x_wconf 83' lang='lat' dir='ltr'>Spartiatis</span> <span class='ocrx_word' id='word_1_62' title='bbox 889 601 988 655; x_wconf 87' lang='lat' dir='ltr'>fuit,</span> <span class='ocrx_word' id='word_1_63' title='bbox 1028 602 1157 656; x_wconf 91' lang='lat' dir='ltr'>quod,</span> <span class='ocrx_word' id='word_1_64' title='bbox 1193 616 1289 644; x_wconf 92' lang='lat' dir='ltr'>cum</span> <span class='ocrx_word' id='word_1_65' title='bbox 1321 603 1513 643; x_wconf 88' lang='lat' dir='ltr'>oraclum</span> <span class='ocrx_word' id='word_1_66' title='bbox 1544 602 1598 644; x_wconf 89' lang='lat' dir='ltr'>ab</span> 
     </span>
     <span class='ocr_line' id='line_1_10' title="bbox 258 659 1682 715; baseline 0.002 -14"><span class='ocrx_word' id='word_1_67' title='bbox 258 659 359 702; x_wconf 88' lang='lat' dir='ltr'>Iove</span> <span class='ocrx_word' id='word_1_68' title='bbox 391 660 624 702; x_wconf 89' lang='lat' dir='ltr'>Dodonaeo</span> <span class='ocrx_word' id='word_1_69' title='bbox 662 660 918 715; x_wconf 85' lang='lat' dir='ltr'>petivissent</span> <span class='ocrx_word' id='word_1_70' title='bbox 949 660 999 701; x_wconf 87' lang='lat' dir='ltr'>‹le</span> <span class='ocrx_word' id='word_1_71' title='bbox 1030 660 1213 702; x_wconf 84' lang='lat' dir='ltr'>victoria</span> <span class='ocrx_word' id='word_1_72' title='bbox 1244 660 1512 702; x_wconf 85' lang='lat' dir='ltr'>sciscitantes</span> <span class='ocrx_word' id='word_1_73' title='bbox 1543 661 1599 702; x_wconf 89' lang='lat' dir='ltr'>le·</span> <span class='ocrx_word' id='word_1_74' title='bbox 1680 698 1682 704; x_wconf 80' lang='grc'>,</span> 
     </span>
     <span class='ocr_line' id='line_1_11' title="bbox 260 718 1654 775; baseline 0 -15"><span class='ocrx_word' id='word_1_75' title='bbox 260 719 435 775; x_wconf 82' lang='lat' dir='ltr'>gatique</span> <span class='ocrx_word' id='word_1_76' title='bbox 460 732 531 760; x_wconf 58' lang='lat' dir='ltr'>tas</span> <span class='ocrx_word' id='word_1_77' title='bbox 557 718 676 772; x_wconf 90' lang='lat' dir='ltr'>illud,</span> <span class='ocrx_word' id='word_1_78' title='bbox 705 719 750 759; x_wconf 90' lang='grc'>111</span> <span class='ocrx_word' id='word_1_79' title='bbox 777 733 859 772; x_wconf 88' lang='lat' dir='ltr'>quo</span> <span class='ocrx_word' id='word_1_80' title='bbox 886 719 1056 760; x_wconf 84' lang='lat' dir='ltr'>inerant</span> <span class='ocrx_word' id='word_1_81' title='bbox 1082 722 1231 773; x_wconf 87' lang='lat' dir='ltr'>sortes,</span> <span class='ocrx_word' id='word_1_82' title='bbox 1258 720 1654 772; x_wconf 87' lang='lat' dir='ltr'>collocavissent,10</span> 
     </span>
     <span class='ocr_line' id='line_1_12' title="bbox 259 753 1681 832; baseline 0.001 -13"><span class='ocrx_word' id='word_1_83' title='bbox 259 778 401 832; x_wconf 88' lang='lat' dir='ltr'>simia,</span> <span class='ocrx_word' id='word_1_84' title='bbox 444 792 572 831; x_wconf 89' lang='lat' dir='ltr'>quam</span> <span class='ocrx_word' id='word_1_85' title='bbox 610 792 683 819; x_wconf 89' lang='lat' dir='ltr'>rex</span> <span class='ocrx_word' id='word_1_86' title='bbox 715 777 1004 819; x_wconf 87' lang='lat' dir='ltr'>Molossorum</span> <span class='ocrx_word' id='word_1_87' title='bbox 1035 777 1081 818; x_wconf 88' lang='lat' dir='ltr'>in</span> <span class='ocrx_word' id='word_1_88' title='bbox 1112 753 1274 819; x_wconf 85' lang='lat' dir='ltr'>deliciis</span> <span class='ocrx_word' id='word_1_89' title='bbox 1307 778 1513 832; x_wconf 88' lang='lat' dir='ltr'>habebat,</span> <span class='ocrx_word' id='word_1_90' title='bbox 1556 781 1599 820; x_wconf 94' lang='lat' dir='ltr'>et</span> <span class='ocrx_word' id='word_1_91' title='bbox 1679 779 1681 791; x_wconf 67' lang='lat'><em>³</em></span> 
     </span>
     <span class='ocr_line' id='line_1_13' title="bbox 258 836 1599 892; baseline 0.001 -15"><span class='ocrx_word' id='word_1_92' title='bbox 258 839 396 878; x_wconf 90' lang='lat' dir='ltr'>sortes</span> <span class='ocrx_word' id='word_1_93' title='bbox 434 836 550 891; x_wconf 90' lang='lat' dir='ltr'>ipsas</span> <span class='ocrx_word' id='word_1_94' title='bbox 589 838 632 877; x_wconf 92' lang='lat' dir='ltr'>et</span> <span class='ocrx_word' id='word_1_95' title='bbox 663 838 821 890; x_wconf 88' lang='lat' dir='ltr'>cetera,</span> <span class='ocrx_word' id='word_1_96' title='bbox 863 851 971 890; x_wconf 87' lang='lat' dir='ltr'>quae</span> <span class='ocrx_word' id='word_1_97' title='bbox 1003 839 1125 877; x_wconf 87' lang='lat' dir='ltr'>erant</span> <span class='ocrx_word' id='word_1_98' title='bbox 1156 837 1210 878; x_wconf 92' lang='lat' dir='ltr'>ad</span> <span class='ocrx_word' id='word_1_99' title='bbox 1242 839 1401 878; x_wconf 82' lang='lat' dir='ltr'>sortem</span> <span class='ocrx_word' id='word_1_100' title='bbox 1433 839 1599 892; x_wconf 90' lang='lat' dir='ltr'>parata,</span> 
     </span>
     <span class='ocr_line' id='line_1_14' title="bbox 258 894 1598 950; baseline 0.001 -14"><span class='ocrx_word' id='word_1_101' title='bbox 258 895 518 936; x_wconf 85' lang='lat' dir='ltr'>disturbavit</span> <span class='ocrx_word' id='word_1_102' title='bbox 562 897 604 936; x_wconf 91' lang='lat' dir='ltr'>et</span> <span class='ocrx_word' id='word_1_103' title='bbox 643 895 758 936; x_wconf 88' lang='lat' dir='ltr'>aliud</span> <span class='ocrx_word' id='word_1_104' title='bbox 796 895 881 936; x_wconf 91' lang='lat' dir='ltr'>alio</span> <span class='ocrx_word' id='word_1_105' title='bbox 921 895 1170 950; x_wconf 84' lang='lat' dir='ltr'>dissupavit.</span> <span class='ocrx_word' id='word_1_106' title='bbox 1232 894 1341 936; x_wconf 88' lang='lat' dir='ltr'>Tum</span> <span class='ocrx_word' id='word_1_107' title='bbox 1380 910 1454 950; x_wconf 80' lang='lat' dir='ltr'>ea„</span> <span class='ocrx_word' id='word_1_108' title='bbox 1491 911 1598 950; x_wconf 89' lang='lat' dir='ltr'>quae</span> 
     </span>
     <span class='ocr_line' id='line_1_15' title="bbox 257 953 1677 1008; baseline 0.001 -13"><span class='ocrx_word' id='word_1_109' title='bbox 257 954 506 1008; x_wconf 90' lang='lat' dir='ltr'>praeposita</span> <span class='ocrx_word' id='word_1_110' title='bbox 537 956 629 995; x_wconf 88' lang='lat' dir='ltr'>erat</span> <span class='ocrx_word' id='word_1_111' title='bbox 662 954 817 1008; x_wconf 86' lang='lat' dir='ltr'>oraclo,</span> <span class='ocrx_word' id='word_1_112' title='bbox 850 953 1047 996; x_wconf 88' lang='lat' dir='ltr'>sacerdos</span> <span class='ocrx_word' id='word_1_113' title='bbox 1079 954 1234 995; x_wconf 77' lang='lat' dir='ltr'>dixisse</span> <span class='ocrx_word' id='word_1_114' title='bbox 1267 954 1420 995; x_wconf 86' lang='lat' dir='ltr'>dicitur</span> <span class='ocrx_word' id='word_1_115' title='bbox 1452 954 1502 995; x_wconf 88' lang='lat' dir='ltr'>de</span> <span class='ocrx_word' id='word_1_116' title='bbox 1535 968 1598 996; x_wconf 91' lang='lat' dir='ltr'>sa·</span> <span class='ocrx_word' id='word_1_117' title='bbox 1674 987 1677 1008; x_wconf 62' lang='lat'><em>÷</em></span> 
     </span>
     <span class='ocr_line' id='line_1_16' title="bbox 257 1012 1677 1067; baseline 0 -13"><span class='ocrx_word' id='word_1_118' title='bbox 257 1013 346 1054; x_wconf 89' lang='lat' dir='ltr'>lute</span> <span class='ocrx_word' id='word_1_119' title='bbox 377 1012 726 1054; x_wconf 86' lang='lat' dir='ltr'>Lacedaemoniis</span> <span class='ocrx_word' id='word_1_120' title='bbox 759 1027 862 1067; x_wconf 84' lang='lat' dir='ltr'>esse,</span> <span class='ocrx_word' id='word_1_121' title='bbox 897 1027 984 1054; x_wconf 88' lang='lat' dir='ltr'>non</span> <span class='ocrx_word' id='word_1_122' title='bbox 1015 1012 1065 1054; x_wconf 89' lang='lat' dir='ltr'>de</span> <span class='ocrx_word' id='word_1_123' title='bbox 1096 1013 1278 1055; x_wconf 86' lang='lat' dir='ltr'>victoria</span> <span class='ocrx_word' id='word_1_124' title='bbox 1309 1013 1595 1067; x_wconf 87' lang='lat' dir='ltr'>cogitandum.</span> <span class='ocrx_word' id='word_1_125' title='bbox 1619 1024 1650 1050; x_wconf 87' lang='lat'>15</span> <span class='ocrx_word' id='word_1_126' title='bbox 1675 1019 1677 1045; x_wconf 52' lang='lat' dir='ltr'>l</span> 
     </span>
     <span class='ocr_line' id='line_1_17' title="bbox 188 1061 1676 1120; baseline 0.001 -8"><span class='ocrx_word' id='word_1_127' title='bbox 188 1061 242 1102; x_wconf 78' lang='lat'>35</span> <span class='ocrx_word' id='word_1_128' title='bbox 258 1070 397 1120; x_wconf 79' lang='lat' dir='ltr'>Quid?</span> <span class='ocrx_word' id='word_1_129' title='bbox 429 1072 544 1113; x_wconf 92' lang='lat' dir='ltr'>bello</span> <span class='ocrx_word' id='word_1_130' title='bbox 577 1071 738 1113; x_wconf 89' lang='lat' dir='ltr'>Punico</span> <span class='ocrx_word' id='word_1_131' title='bbox 771 1071 954 1113; x_wconf 89' lang='lat' dir='ltr'>secundo</span> <span class='ocrx_word' id='word_1_132' title='bbox 986 1086 1126 1113; x_wconf 89' lang='lat' dir='ltr'>nonne</span> <span class='ocrx_word' id='word_1_133' title='bbox 1159 1070 1203 1113; x_wconf 81' lang='lat' dir='ltr'>O</span> <span class='ocrx_word' id='word_1_134' title='bbox 1235 1070 1472 1113; x_wconf 87' lang='lat' dir='ltr'>Flaminius</span> <span class='ocrx_word' id='word_1_135' title='bbox 1504 1086 1599 1114; x_wconf 88' lang='lat' dir='ltr'>con-</span> <span class='ocrx_word' id='word_1_136' title='bbox 1674 1073 1676 1083; x_wconf 78' lang='lat'><em>&#39;</em></span> 
     </span>
     <span class='ocr_line' id='line_1_18' title="bbox 188 1114 1600 1186; baseline 0 -15"><span class='ocrx_word' id='word_1_137' title='bbox 188 1114 229 1144; x_wconf 76' lang='lat'>77</span> <span class='ocrx_word' id='word_1_138' title='bbox 257 1131 324 1172; x_wconf 91' lang='lat' dir='ltr'>sul</span> <span class='ocrx_word' id='word_1_139' title='bbox 367 1130 524 1172; x_wconf 90' lang='lat' dir='ltr'>iterum</span> <span class='ocrx_word' id='word_1_140' title='bbox 567 1130 758 1186; x_wconf 81' lang='lat' dir='ltr'>neglexit</span> <span class='ocrx_word' id='word_1_141' title='bbox 802 1131 927 1186; x_wconf 87' lang='lat' dir='ltr'>signa</span> <span class='ocrx_word' id='word_1_142' title='bbox 970 1145 1111 1172; x_wconf 89' lang='lat' dir='ltr'>rerum</span> <span class='ocrx_word' id='word_1_143' title='bbox 1155 1130 1398 1172; x_wconf 85' lang='lat' dir='ltr'>futurarum</span> <span class='ocrx_word' id='word_1_144' title='bbox 1441 1128 1600 1186; x_wconf 86' lang='lat' dir='ltr'>magna</span> 
     </span>
     <span class='ocr_line' id='line_1_19' title="bbox 257 1165 1599 1244; baseline -0.001 -13"><span class='ocrx_word' id='word_1_145' title='bbox 257 1204 352 1231; x_wconf 92' lang='lat' dir='ltr'>cum</span> <span class='ocrx_word' id='word_1_146' title='bbox 395 1189 513 1231; x_wconf 88' lang='lat' dir='ltr'>clade</span> <span class='ocrx_word' id='word_1_147' title='bbox 553 1189 615 1230; x_wconf 91' lang='lat' dir='ltr'>rei</span> <span class='ocrx_word' id='word_1_148' title='bbox 624 1165 882 1244; x_wconf 62' lang='lat' dir='ltr'>Dpublicae?</span> <span class='ocrx_word' id='word_1_149' title='bbox 932 1188 1013 1237; x_wconf 77' lang='lat' dir='ltr'>Qui</span> <span class='ocrx_word' id='word_1_150' title='bbox 1054 1190 1240 1232; x_wconf 87' lang='lat' dir='ltr'>exercitu</span> <span class='ocrx_word' id='word_1_151' title='bbox 1278 1190 1464 1231; x_wconf 89' lang='lat' dir='ltr'>lustrato</span> <span class='ocrx_word' id='word_1_152' title='bbox 1503 1204 1599 1232; x_wconf 89' lang='lat' dir='ltr'>cum</span> 
     </span>
     <span class='ocr_line' id='line_1_20' title="bbox 257 1247 1596 1290; baseline 0 -1"><span class='ocrx_word' id='word_1_153' title='bbox 257 1248 478 1289; x_wconf 88' lang='lat' dir='ltr'>Arretium</span> <span class='ocrx_word' id='word_1_154' title='bbox 504 1262 653 1289; x_wconf 86' lang='lat' dir='ltr'>versus</span> <span class='ocrx_word' id='word_1_155' title='bbox 679 1251 822 1290; x_wconf 85' lang='lat' dir='ltr'>castra</span> <span class='ocrx_word' id='word_1_156' title='bbox 847 1248 1054 1289; x_wconf 88' lang='lat' dir='ltr'>movisset</span> <span class='ocrx_word' id='word_1_157' title='bbox 1077 1250 1119 1289; x_wconf 91' lang='lat' dir='ltr'>et</span> <span class='ocrx_word' id='word_1_158' title='bbox 1139 1250 1289 1290; x_wconf 87' lang='lat' dir='ltr'>contra</span> <span class='ocrx_word' id='word_1_159' title='bbox 1308 1247 1596 1289; x_wconf 87' lang='lat' dir='ltr'>Hannibalem</span> 
     </span>
     <span class='ocr_line' id='line_1_21' title="bbox 257 1307 1652 1363; baseline 0 -15"><span class='ocrx_word' id='word_1_160' title='bbox 257 1307 449 1363; x_wconf 82' lang='lat' dir='ltr'>legiones</span> <span class='ocrx_word' id='word_1_161' title='bbox 488 1307 677 1360; x_wconf 89' lang='lat' dir='ltr'>duceret,</span> <span class='ocrx_word' id='word_1_162' title='bbox 716 1309 759 1348; x_wconf 90' lang='lat' dir='ltr'>et</span> <span class='ocrx_word' id='word_1_163' title='bbox 795 1307 887 1361; x_wconf 89' lang='lat' dir='ltr'>ipse</span> <span class='ocrx_word' id='word_1_164' title='bbox 926 1309 968 1348; x_wconf 89' lang='lat' dir='ltr'>et</span> <span class='ocrx_word' id='word_1_165' title='bbox 1005 1321 1137 1361; x_wconf 89' lang='lat' dir='ltr'>equus</span> <span class='ocrx_word' id='word_1_166' title='bbox 1171 1307 1260 1348; x_wconf 88' lang='lat' dir='ltr'>eius</span> <span class='ocrx_word' id='word_1_167' title='bbox 1293 1309 1393 1348; x_wconf 88' lang='lat' dir='ltr'>ante</span> <span class='ocrx_word' id='word_1_168' title='bbox 1426 1307 1598 1362; x_wconf 86' lang='lat' dir='ltr'>signum</span> <span class='ocrx_word' id='word_1_169' title='bbox 1618 1319 1652 1344; x_wconf 82' lang='lat'>20</span> 
     </span>
     <span class='ocr_line' id='line_1_22' title="bbox 256 1363 1671 1420; baseline 0 -13"><span class='ocrx_word' id='word_1_170' title='bbox 256 1365 372 1407; x_wconf 88' lang='lat' dir='ltr'>Iovis</span> <span class='ocrx_word' id='word_1_171' title='bbox 411 1364 597 1407; x_wconf 80' lang='lat' dir='ltr'>Statoris</span> <span class='ocrx_word' id='word_1_172' title='bbox 642 1365 732 1406; x_wconf 90' lang='grc'>81118</span> <span class='ocrx_word' id='word_1_173' title='bbox 777 1380 905 1407; x_wconf 90' lang='lat' dir='ltr'>causa</span> <span class='ocrx_word' id='word_1_174' title='bbox 948 1369 1122 1420; x_wconf 86' lang='lat' dir='ltr'>repente</span> <span class='ocrx_word' id='word_1_175' title='bbox 1167 1366 1350 1407; x_wconf 87' lang='lat' dir='ltr'>concidit</span> <span class='ocrx_word' id='word_1_176' title='bbox 1389 1380 1466 1407; x_wconf 89' lang='lat' dir='ltr'>nec</span> <span class='ocrx_word' id='word_1_177' title='bbox 1504 1380 1598 1407; x_wconf 89' lang='lat' dir='ltr'>eam</span> <span class='ocrx_word' id='word_1_178' title='bbox 1670 1363 1671 1381; x_wconf 64' lang='lat'><strong>³</strong></span> 
     </span>
     <span class='ocr_line' id='line_1_23' title="bbox 257 1424 1598 1480; baseline 0.001 -15"><span class='ocrx_word' id='word_1_179' title='bbox 257 1440 347 1466; x_wconf 89' lang='lat' dir='ltr'>rem</span> <span class='ocrx_word' id='word_1_180' title='bbox 378 1424 531 1465; x_wconf 90' lang='lat' dir='ltr'>habuit</span> <span class='ocrx_word' id='word_1_181' title='bbox 561 1424 763 1478; x_wconf 78' lang='lat' dir='ltr'>religioni</span> <span class='ocrx_word' id='word_1_182' title='bbox 795 1424 961 1465; x_wconf 91' lang='lat' dir='ltr'>obiecto</span> <span class='ocrx_word' id='word_1_183' title='bbox 995 1424 1138 1480; x_wconf 87' lang='lat' dir='ltr'>signo,</span> <span class='ocrx_word' id='word_1_184' title='bbox 1168 1427 1217 1465; x_wconf 90' lang='lat' dir='ltr'>ut</span> <span class='ocrx_word' id='word_1_185' title='bbox 1246 1424 1397 1479; x_wconf 91' lang='lat' dir='ltr'>peritis</span> <span class='ocrx_word' id='word_1_186' title='bbox 1429 1424 1598 1466; x_wconf 89' lang='lat' dir='ltr'>videba-</span> 
     </span>
     <span class='ocr_line' id='line_1_24' title="bbox 257 1482 1597 1538; baseline 0 -14"><span class='ocrx_word' id='word_1_187' title='bbox 257 1486 347 1537; x_wconf 90' lang='lat' dir='ltr'>tur,</span> <span class='ocrx_word' id='word_1_188' title='bbox 391 1498 444 1524; x_wconf 93' lang='lat' dir='ltr'>ne</span> <span class='ocrx_word' id='word_1_189' title='bbox 488 1483 777 1524; x_wconf 88' lang='lat' dir='ltr'>committeret</span> <span class='ocrx_word' id='word_1_190' title='bbox 820 1482 1044 1538; x_wconf 88' lang='lat' dir='ltr'>proelium.</span> <span class='ocrx_word' id='word_1_191' title='bbox 1108 1482 1226 1524; x_wconf 86' lang='lat' dir='ltr'>Idem</span> <span class='ocrx_word' id='word_1_192' title='bbox 1270 1498 1366 1524; x_wconf 90' lang='lat' dir='ltr'>cum</span> <span class='ocrx_word' id='word_1_193' title='bbox 1409 1483 1597 1538; x_wconf 90' lang='lat' dir='ltr'>tripudio</span> 
     </span>
     <span class='ocr_line' id='line_1_25' title="bbox 258 1541 1598 1597; baseline 0 -13"><span class='ocrx_word' id='word_1_194' title='bbox 258 1542 564 1597; x_wconf 85' lang='lat' dir='ltr'>auspicaretur,</span> <span class='ocrx_word' id='word_1_195' title='bbox 595 1541 806 1596; x_wconf 88' lang='lat' dir='ltr'>pullarius</span> <span class='ocrx_word' id='word_1_196' title='bbox 840 1541 951 1583; x_wconf 90' lang='lat' dir='ltr'>diem</span> <span class='ocrx_word' id='word_1_197' title='bbox 982 1542 1137 1597; x_wconf 90' lang='lat' dir='ltr'>proelii</span> <span class='ocrx_word' id='word_1_198' title='bbox 1162 1542 1457 1584; x_wconf 88' lang='lat' dir='ltr'>committendi</span> <span class='ocrx_word' id='word_1_199' title='bbox 1483 1542 1598 1584; x_wconf 86' lang='lat' dir='ltr'>diffe-</span> 
     </span>
     <span class='ocr_line' id='line_1_26' title="bbox 256 1600 1650 1656; baseline 0 -14"><span class='ocrx_word' id='word_1_200' title='bbox 256 1602 391 1642; x_wconf 90' lang='lat' dir='ltr'>rebat.</span> <span class='ocrx_word' id='word_1_201' title='bbox 446 1601 556 1642; x_wconf 89' lang='lat' dir='ltr'>Tum</span> <span class='ocrx_word' id='word_1_202' title='bbox 586 1600 824 1642; x_wconf 85' lang='lat' dir='ltr'>Flaminius</span> <span class='ocrx_word' id='word_1_203' title='bbox 864 1615 913 1642; x_wconf 87' lang='lat' dir='ltr'>ex</span> <span class='ocrx_word' id='word_1_204' title='bbox 945 1615 994 1642; x_wconf 90' lang='grc'>80</span> <span class='ocrx_word' id='word_1_205' title='bbox 1028 1601 1256 1655; x_wconf 87' lang='lat' dir='ltr'>quaesivit,</span> <span class='ocrx_word' id='word_1_206' title='bbox 1295 1601 1332 1642; x_wconf 92' lang='lat' dir='ltr'>si</span> <span class='ocrx_word' id='word_1_207' title='bbox 1361 1615 1414 1642; x_wconf 93' lang='lat' dir='ltr'>ne</span> <span class='ocrx_word' id='word_1_208' title='bbox 1445 1604 1597 1656; x_wconf 88' lang='lat' dir='ltr'>postea</span> <span class='ocrx_word' id='word_1_209' title='bbox 1617 1610 1650 1637; x_wconf 84' lang='lat'>2⁵</span> 
     </span>
     <span class='ocr_line' id='line_1_27' title="bbox 258 1652 1665 1714; baseline -0.001 -13"><span class='ocrx_word' id='word_1_210' title='bbox 258 1661 427 1714; x_wconf 82' lang='lat' dir='ltr'>quidem</span> <span class='ocrx_word' id='word_1_211' title='bbox 471 1659 581 1714; x_wconf 88' lang='lat' dir='ltr'>pulli</span> <span class='ocrx_word' id='word_1_212' title='bbox 624 1662 918 1714; x_wconf 86' lang='lat' dir='ltr'>pascerentur,</span> <span class='ocrx_word' id='word_1_213' title='bbox 966 1659 1067 1714; x_wconf 90' lang='lat' dir='ltr'>quid</span> <span class='ocrx_word' id='word_1_214' title='bbox 1110 1659 1350 1702; x_wconf 88' lang='lat' dir='ltr'>faciendum</span> <span class='ocrx_word' id='word_1_215' title='bbox 1394 1663 1595 1702; x_wconf 85' lang='lat' dir='ltr'>censeret.</span> <span class='ocrx_word' id='word_1_216' title='bbox 1664 1652 1665 1667; x_wconf 55' lang='lat'>¹</span> 
     </span>
     <span class='ocr_line' id='line_1_28' title="bbox 257 1718 1596 1773; baseline -0.001 -12"><span class='ocrx_word' id='word_1_217' title='bbox 257 1719 365 1761; x_wconf 83' lang='lat' dir='ltr'>Cum</span> <span class='ocrx_word' id='word_1_218' title='bbox 390 1719 463 1759; x_wconf 90' lang='lat' dir='ltr'>ille</span> <span class='ocrx_word' id='word_1_219' title='bbox 490 1718 791 1773; x_wconf 86' lang='lat' dir='ltr'>quiescendum</span> <span class='ocrx_word' id='word_1_220' title='bbox 811 1719 1114 1773; x_wconf 87' lang='lat' dir='ltr'>respondisset,</span> <span class='ocrx_word' id='word_1_221' title='bbox 1139 1718 1395 1760; x_wconf 88' lang='lat' dir='ltr'>Flaminius:</span> <span class='ocrx_word' id='word_1_222' title='bbox 1429 1718 1596 1760; x_wconf 66' lang='lat' dir='ltr'>‘Prae-</span> 
     </span>
     <span class='ocr_line' id='line_1_29' title="bbox 257 1777 1595 1832; baseline -0.001 -13"><span class='ocrx_word' id='word_1_223' title='bbox 257 1779 398 1820; x_wconf 88' lang='lat' dir='ltr'>clara</span> <span class='ocrx_word' id='word_1_224' title='bbox 429 1792 548 1819; x_wconf 84' lang='lat' dir='ltr'>vero</span> <span class='ocrx_word' id='word_1_225' title='bbox 582 1777 831 1832; x_wconf 89' lang='lat' dir='ltr'>auspicia,</span> <span class='ocrx_word' id='word_1_226' title='bbox 870 1777 912 1818; x_wconf 91' lang='lat' dir='ltr'>si</span> <span class='ocrx_word' id='word_1_227' title='bbox 943 1777 1293 1818; x_wconf 87' lang='lat' dir='ltr'>esurientibus</span> <span class='ocrx_word' id='word_1_228' title='bbox 1324 1777 1483 1832; x_wconf 91' lang='lat' dir='ltr'>pullis</span> <span class='ocrx_word' id='word_1_229' title='bbox 1516 1792 1595 1818; x_wconf 88' lang='lat' dir='ltr'>res</span> 
     </span>
     <span class='ocr_line' id='line_1_30' title="bbox 237 1834 1597 1892; baseline -0.001 -14"><span class='ocrx_word' id='word_1_230' title='bbox 237 1835 367 1892; x_wconf 61' lang='lat' dir='ltr'>&#39;geri</span> <span class='ocrx_word' id='word_1_231' title='bbox 398 1836 612 1891; x_wconf 89' lang='lat' dir='ltr'>poterit,</span> <span class='ocrx_word' id='word_1_232' title='bbox 645 1836 838 1877; x_wconf 89' lang='lat' dir='ltr'>saturis</span> <span class='ocrx_word' id='word_1_233' title='bbox 863 1836 995 1877; x_wconf 88' lang='lat' dir='ltr'>nihil</span> <span class='ocrx_word' id='word_1_234' title='bbox 1023 1834 1268 1892; x_wconf 84' lang='lat' dir='ltr'>geretur!’</span> <span class='ocrx_word' id='word_1_235' title='bbox 1299 1835 1445 1890; x_wconf 85' lang='lat' dir='ltr'>itaque</span> <span class='ocrx_word' id='word_1_236' title='bbox 1473 1836 1597 1892; x_wconf 89' lang='lat' dir='ltr'>signa</span> 
     </span>
     <span class='ocr_line' id='line_1_31' title="bbox 258 1894 1685 1950; baseline -0.001 -13"><span class='ocrx_word' id='word_1_237' title='bbox 258 1896 441 1937; x_wconf 84' lang='lat' dir='ltr'>convelli</span> <span class='ocrx_word' id='word_1_238' title='bbox 474 1898 515 1936; x_wconf 90' lang='lat' dir='ltr'>et</span> <span class='ocrx_word' id='word_1_239' title='bbox 548 1910 592 1936; x_wconf 92' lang='lat' dir='ltr'>se</span> <span class='ocrx_word' id='word_1_240' title='bbox 625 1895 745 1949; x_wconf 87' lang='lat' dir='ltr'>sequi</span> <span class='ocrx_word' id='word_1_241' title='bbox 769 1895 908 1936; x_wconf 88' lang='lat' dir='ltr'>iussit.</span> <span class='ocrx_word' id='word_1_242' title='bbox 959 1894 1050 1943; x_wconf 81' lang='lat' dir='ltr'>Quo</span> <span class='ocrx_word' id='word_1_243' title='bbox 1076 1897 1270 1949; x_wconf 86' lang='lat' dir='ltr'>tempore</span> <span class='ocrx_word' id='word_1_244' title='bbox 1296 1909 1390 1936; x_wconf 90' lang='lat' dir='ltr'>cum</span> <span class='ocrx_word' id='word_1_245' title='bbox 1418 1895 1597 1950; x_wconf 85' lang='lat' dir='ltr'>signifer</span> <span class='ocrx_word' id='word_1_246' title='bbox 1616 1905 1650 1931; x_wconf 82' lang='lat'>30</span> <span class='ocrx_word' id='word_1_247' title='bbox 1683 1907 1685 1928; x_wconf 69' lang='grc' dir='ltr'><strong><em>ὲ</em></strong></span> 
     </span>
     <span class='ocr_line' id='line_1_32' title="bbox 256 1954 1596 2009; baseline 0 -15"><span class='ocrx_word' id='word_1_248' title='bbox 256 1954 385 2009; x_wconf 86' lang='lat' dir='ltr'>primi</span> <span class='ocrx_word' id='word_1_249' title='bbox 411 1954 574 1995; x_wconf 88' lang='lat' dir='ltr'>hastati</span> <span class='ocrx_word' id='word_1_250' title='bbox 601 1954 773 2009; x_wconf 88' lang='lat' dir='ltr'>signum</span> <span class='ocrx_word' id='word_1_251' title='bbox 798 1968 885 1995; x_wconf 89' lang='lat' dir='ltr'>non</span> <span class='ocrx_word' id='word_1_252' title='bbox 910 1956 1057 2009; x_wconf 87' lang='lat' dir='ltr'>posset</span> <span class='ocrx_word' id='word_1_253' title='bbox 1082 1967 1253 1995; x_wconf 89' lang='lat' dir='ltr'>movere</span> <span class='ocrx_word' id='word_1_254' title='bbox 1276 1954 1368 1995; x_wconf 89' lang='lat' dir='ltr'>loco</span> <span class='ocrx_word' id='word_1_255' title='bbox 1388 1968 1465 1995; x_wconf 86' lang='lat' dir='ltr'>nec</span> <span class='ocrx_word' id='word_1_256' title='bbox 1485 1954 1596 2008; x_wconf 89' lang='lat' dir='ltr'>quic-</span> 
     </span>
     <span class='ocr_line' id='line_1_33' title="bbox 258 2011 1595 2067; baseline 0 -14"><span class='ocrx_word' id='word_1_257' title='bbox 258 2028 386 2067; x_wconf 88' lang='lat' dir='ltr'>quam</span> <span class='ocrx_word' id='word_1_258' title='bbox 423 2013 719 2066; x_wconf 87' lang='lat' dir='ltr'>proficeretur,</span> <span class='ocrx_word' id='word_1_259' title='bbox 757 2013 902 2067; x_wconf 87' lang='lat' dir='ltr'>plures</span> <span class='ocrx_word' id='word_1_260' title='bbox 936 2027 1030 2054; x_wconf 90' lang='grc'>011111</span> <span class='ocrx_word' id='word_1_261' title='bbox 1063 2013 1327 2065; x_wconf 85' lang='lat' dir='ltr'>accederent,</span> <span class='ocrx_word' id='word_1_262' title='bbox 1358 2011 1595 2053; x_wconf 88' lang='lat' dir='ltr'>Flaminius</span> 
     </span>
     <span class='ocr_line' id='line_1_34' title="bbox 256 2070 1595 2126; baseline -0.001 -14"><span class='ocrx_word' id='word_1_263' title='bbox 256 2086 302 2113; x_wconf 88' lang='lat' dir='ltr'>re</span> <span class='ocrx_word' id='word_1_264' title='bbox 332 2071 534 2112; x_wconf 87' lang='lat' dir='ltr'>nuntiata</span> <span class='ocrx_word' id='word_1_265' title='bbox 566 2086 642 2112; x_wconf 91' lang='lat' dir='ltr'>suo</span> <span class='ocrx_word' id='word_1_266' title='bbox 670 2086 787 2112; x_wconf 84' lang='lat' dir='ltr'>more</span> <span class='ocrx_word' id='word_1_267' title='bbox 812 2071 1013 2126; x_wconf 82' lang='lat' dir='ltr'>neglexit.</span> <span class='ocrx_word' id='word_1_268' title='bbox 1057 2070 1209 2125; x_wconf 87' lang='lat' dir='ltr'>Itaque</span> <span class='ocrx_word' id='word_1_269' title='bbox 1234 2071 1373 2112; x_wconf 86' lang='lat' dir='ltr'>tribus</span> <span class='ocrx_word' id='word_1_270' title='bbox 1399 2071 1452 2112; x_wconf 91' lang='lat' dir='ltr'>iis</span> <span class='ocrx_word' id='word_1_271' title='bbox 1477 2071 1595 2113; x_wconf 91' lang='lat' dir='ltr'>horis</span> 
     </span>
     <span class='ocr_line' id='line_1_35' title="bbox 186 2129 1657 2185; baseline 0.001 -16"><span class='ocrx_word' id='word_1_272' title='bbox 186 2137 230 2170; x_wconf 80' lang='grc'>78</span> <span class='ocrx_word' id='word_1_273' title='bbox 257 2131 451 2172; x_wconf 86' lang='grc'>0011018118</span> <span class='ocrx_word' id='word_1_274' title='bbox 485 2130 693 2172; x_wconf 87' lang='lat' dir='ltr'>exercitus</span> <span class='ocrx_word' id='word_1_275' title='bbox 722 2132 849 2183; x_wconf 83' lang='lat' dir='ltr'>atque</span> <span class='ocrx_word' id='word_1_276' title='bbox 875 2130 967 2184; x_wconf 89' lang='lat' dir='ltr'>ipse</span> <span class='ocrx_word' id='word_1_277' title='bbox 992 2129 1243 2171; x_wconf 86' lang='lat' dir='ltr'>interfectus</span> <span class='ocrx_word' id='word_1_278' title='bbox 1271 2132 1346 2170; x_wconf 91' lang='lat' dir='ltr'>est.</span> <span class='ocrx_word' id='word_1_279' title='bbox 1389 2129 1595 2185; x_wconf 88' lang='lat' dir='ltr'>Magnum</span> <span class='ocrx_word' id='word_1_280' title='bbox 1654 2178 1657 2184; x_wconf 62' lang='lat'>,</span> 
     </span>
     <span class='ocr_line' id='line_1_36' title="bbox 256 2186 1685 2243; baseline -0.001 -13"><span class='ocrx_word' id='word_1_281' title='bbox 256 2189 364 2230; x_wconf 86' lang='lat' dir='ltr'>illud</span> <span class='ocrx_word' id='word_1_282' title='bbox 405 2188 552 2242; x_wconf 86' lang='lat' dir='ltr'>etiam,</span> <span class='ocrx_word' id='word_1_283' title='bbox 590 2189 703 2243; x_wconf 86' lang='lat' dir='ltr'>quod</span> <span class='ocrx_word' id='word_1_284' title='bbox 744 2188 907 2230; x_wconf 89' lang='lat' dir='ltr'>addidit</span> <span class='ocrx_word' id='word_1_285' title='bbox 944 2187 1133 2241; x_wconf 83' lang='lat' dir='ltr'>Coelius,</span> <span class='ocrx_word' id='word_1_286' title='bbox 1172 2203 1221 2230; x_wconf 92' lang='lat' dir='ltr'>eo</span> <span class='ocrx_word' id='word_1_287' title='bbox 1258 2190 1451 2243; x_wconf 88' lang='lat' dir='ltr'>tempore</span> <span class='ocrx_word' id='word_1_288' title='bbox 1487 2189 1594 2243; x_wconf 87' lang='lat' dir='ltr'>ipso,</span> <span class='ocrx_word' id='word_1_289' title='bbox 1614 2186 1685 2239; x_wconf 39' lang='lat'>3502</span> 
     </span>
     <span class='ocr_line' id='line_1_37' title="bbox 257 2247 1655 2301; baseline -0.001 -12"><span class='ocrx_word' id='word_1_290' title='bbox 257 2263 351 2290; x_wconf 89' lang='lat' dir='ltr'>cum</span> <span class='ocrx_word' id='word_1_291' title='bbox 388 2248 470 2289; x_wconf 90' lang='lat' dir='ltr'>hoc</span> <span class='ocrx_word' id='word_1_292' title='bbox 507 2248 805 2289; x_wconf 83' lang='lat' dir='ltr'>calamitosum</span> <span class='ocrx_word' id='word_1_293' title='bbox 844 2247 1055 2301; x_wconf 88' lang='lat' dir='ltr'>proelium</span> <span class='ocrx_word' id='word_1_294' title='bbox 1092 2247 1231 2301; x_wconf 88' lang='lat' dir='ltr'>fieret,</span> <span class='ocrx_word' id='word_1_295' title='bbox 1271 2250 1416 2288; x_wconf 83' lang='lat' dir='ltr'>tantos</span> <span class='ocrx_word' id='word_1_296' title='bbox 1454 2250 1594 2288; x_wconf 89' lang='lat' dir='ltr'>terrae</span> <span class='ocrx_word' id='word_1_297' title='bbox 1653 2273 1655 2281; x_wconf 81' lang='lat'>=</span> 
     </span>
     <span class='ocr_line' id='line_1_38' title="bbox 256 2306 1595 2362; baseline -0.001 -14"><span class='ocrx_word' id='word_1_298' title='bbox 256 2310 399 2348; x_wconf 88' lang='lat' dir='ltr'>motus</span> <span class='ocrx_word' id='word_1_299' title='bbox 432 2306 476 2347; x_wconf 88' lang='lat' dir='ltr'>in</span> <span class='ocrx_word' id='word_1_300' title='bbox 501 2306 745 2362; x_wconf 86' lang='lat' dir='ltr'>Liguribus,</span> <span class='ocrx_word' id='word_1_301' title='bbox 779 2306 922 2347; x_wconf 80' lang='lat' dir='ltr'>Gallia</span> <span class='ocrx_word' id='word_1_302' title='bbox 954 2306 1329 2360; x_wconf 85' lang='lat' dir='ltr'>compluribusque</span> <span class='ocrx_word' id='word_1_303' title='bbox 1355 2306 1506 2347; x_wconf 90' lang='lat' dir='ltr'>insulis</span> <span class='ocrx_word' id='word_1_304' title='bbox 1532 2308 1595 2347; x_wconf 89' lang='lat' dir='ltr'>to-</span> 
     </span>
    </p>
   </div>
   <div class='ocr_carea' id='block_1_3' title="bbox 1640 309 1685 2568">
    <p class='ocr_par' dir='ltr' id='par_1_3' title="bbox 1640 309 1685 2568">
     <span class='ocr_line' id='line_1_39' title="bbox 1640 309 1685 2568; baseline 0 0"><span class='ocrx_word' id='word_1_305' title='bbox 1640 309 1685 2568; x_wconf 95' lang='lat' dir='ltr'> </span> 
     </span>
    </p>
   </div>
  </div>
 </body>
</html>
