1685 2568
214 63 301 104 402
742 63 805 97 DE
831 63 1035 98 LEGIBUS

214 174 282 201 res
324 175 487 214 omneS,
527 161 639 214 tum,
682 160 795 214 quod
835 161 901 201 est
942 159 1262 214 difficillimum,
1304 160 1464 214 docuit,
1503 162 1552 201 ut

214 222 384 260 nosmet
413 219 530 273 ipsos
555 233 846 272 nosceremus,
877 218 995 260 cuius
1021 218 1240 273 praecepti
1271 220 1394 260 tanta
1417 219 1482 260 vis
1510 222 1552 260 et

214 279 339 318 tanta
371 277 584 318 sententia
616 280 698 330 est,
738 280 787 317 ut
819 291 868 318 ea
897 291 985 318 non
1015 277 1180 317 homini
1212 276 1447 331 quoipiam,
1479 278 1552 319 sed

145 344 189 375 59
215 336 426 390 Delphico
459 336 536 377 deo
565 336 837 377 tribueretur.
886 334 1001 376 Nam
1027 335 1100 389 qui
1126 349 1170 376 se
1195 335 1287 389 ipse
1311 336 1439 390 norit,
1470 336 1553 390 pri-

142 424 161 447 ,ζ
214 410 331 436 11111111
370 395 532 449 aliquid
572 409 616 436 se
647 394 806 435 habere
839 394 996 435 sentiet
1028 393 1218 435 divinum
1249 393 1552 449 ingeniumque
1571 406 1587 432 5

213 454 259 495 in
290 468 333 494 se
367 468 490 495 suum
522 453 631 495 sicut
663 453 938 494 simulacrum
971 452 1145 507 aliquod
1171 453 1358 494 dicatum
1383 453 1554 507 putabit

196 515 421 567 tantoque
466 526 638 553 munere
676 511 852 553 deorum
890 526 1058 566 semper
1097 511 1273 567 dignum
1312 511 1474 565 aliquid
1511 514 1554 552 et

186 620 188 623 Ι
213 571 344 613 faciet
375 573 419 612 et
451 571 606 612 sentiet
638 572 699 624 et,
740 585 870 624 quom
902 585 945 612 se
976 570 1068 625 ipse
1099 570 1366 625 perspexerit
1397 572 1553 611 totum-

185 642 188 649 ·
216 644 296 685 que
328 629 572 684 temptarit,
610 629 855 684 intelleget,
894 643 1018 683 quem
1052 628 1105 670 ad
1136 629 1310 670 modum
1343 644 1368 670 a
1398 631 1553 670 natura

216 689 474 730 subornatus
518 688 564 728 in
607 688 742 729 vitam
779 688 945 729 venerit
984 690 1229 742 quantaque
1265 687 1554 729 instrumenta
1574 701 1607 726 10

146 774 171 782 ιι
215 748 376 789 habeat
423 747 476 788 ad
520 746 797 788 obtinendam
841 746 1242 801 adipiscendamque
1286 746 1554 801 sapientiam,

205 806 418 861 quonjam
455 805 666 860 principio
704 820 847 847 rerum
886 805 1075 846 omnium
1114 805 1238 859 quasi
1277 805 1554 847 adumbratas

214 864 535 920 intellegentias
575 864 717 906 animo
758 879 806 906 ao
837 867 979 905 mente
1011 864 1270 919 conceperit,
1309 864 1463 918 quibus
1494 864 1555 905 in-

215 924 414 965 lustratis
441 923 653 978 sapientia
677 923 781 964 duce
807 924 966 964 bonum
990 923 1131 965 virum
1157 925 1200 964 et
1225 923 1279 964 o‘b
1301 937 1395 964 eam
1414 923 1554 978 ipsam

216 997 390 1024 causam
430 984 577 1024 cernat
616 997 660 1023 se
698 982 873 1023 beatum
910 982 1013 1023 fore.
1074 981 1188 1023 Nam
1226 996 1355 1036 quom
1387 982 1553 1023 animus
1574 994 1608 1019 15

215 1041 400 1097 cognitis
441 1041 738 1096 perceptisque
784 1041 1017 1082 virtutibus
1056 1056 1081 1082 a
1119 1041 1310 1095 corporis
1349 1041 1553 1095 obsequio

215 1100 567 1156 indulgentiaque
606 1100 849 1142 discesserit
885 1100 1238 1155 voluptatemque
1271 1100 1381 1141 sicut
1413 1100 1554 1141 labem

198 1160 405 1214 ,aliquam
444 1159 660 1200 dedecoris
699 1159 960 1213 oppresserit
1002 1173 1256 1212 omnemque
1294 1158 1446 1200 mortis
1485 1159 1554 1200 do-

198 1214 404 1273 ?lorisque
436 1218 636 1259 timorem
669 1218 866 1273 effugerit
902 1218 1236 1271 societatemque
1262 1217 1455 1259 caritatis
1489 1232 1554 1259 co-

202 1277 314 1318 ierit
339 1292 434 1319 cum
461 1277 549 1317 suis
576 1277 798 1330 omnisque
817 1279 973 1318 natura
993 1276 1241 1318 coniunctos
1267 1291 1365 1318 suos
1387 1276 1554 1317 duxerit
1573 1289 1608 1314 20

215 1337 463 1390 cultumque
495 1336 670 1376 deorum
703 1338 746 1376 et
777 1350 929 1390 puram
960 1336 1213 1391 religionem
1246 1335 1480 1389 susceperit
1511 1338 1554 1376 et

215 1395 430 1437 exacuerit
472 1394 612 1448 illam,
655 1396 704 1435 ut
748 1395 986 1448 oculorum,
1031 1395 1090 1436 sic
1130 1394 1291 1449 ingenii
1329 1394 1463 1435 aciem
1501 1394 1554 1435 ad

214 1454 329 1495 bona
362 1453 581 1508 seligenda
613 1456 655 1494 et
687 1453 898 1495 reicienda
930 1453 1162 1508 contraria,
1195 1467 1303 1507 quae
1334 1453 1471 1494 virtus
1504 1467 1553 1494 ex

214 1513 475 1568 providendo
509 1514 574 1553 est
601 1512 820 1567 appellata
845 1512 1136 1567 prudentia,
1170 1512 1269 1566 quid
1297 1526 1345 1553 eo
1373 1511 1454 1553 dici
1481 1514 1554 1553 aut

145 1571 399 1627 61'cogitari
431 1571 592 1626 poterit
624 1571 820 1612 beatius?
869 1570 1071 1625 Idemque
1104 1585 1231 1625 quom
1264 1571 1441 1624 caelum,
1472 1573 1553 1612 ter·
1573 1583 1608 1608 25

214 1645 306 1685 ras,
351 1630 487 1671 maria
530 1644 756 1684 rerumque
801 1630 990 1671 omnium
1033 1632 1232 1671 naturam
1276 1630 1554 1684 perspexerit,

216 1704 347 1744 eaque
385 1689 495 1730 unde
534 1692 756 1744 generata,
801 1703 883 1742 quo
922 1703 1146 1730 recursura
1183 1689 1432 1743 aliquando,
1470 1703 1552 1742 quo

216 1748 341 1790 modo
380 1748 570 1801 obitura,
609 1748 710 1802 quid
740 1747 785 1789 in
814 1747 867 1788 iis
900 1748 1083 1789 mortale
1116 1750 1158 1788 et
1191 1747 1412 1801 caducum,
1451 1747 1553 1802 quid

215 1807 406 1848 divinum
439 1809 742 1861 aeternumque
775 1806 849 1860 sit,
889 1806 1044 1848 viderit
1076 1806 1300 1861 ipsumque
1334 1821 1383 1847 ea
1414 1806 1553 1847 mode-

214 1868 382 1908 rantem
424 1868 467 1907 et
507 1867 727 1921 regentem
767 1880 900 1920 paene
944 1865 1162 1920 prenderit
1201 1879 1376 1919 seseque
1412 1879 1500 1906 non
1524 1865 1607 1919 †30

216 1925 354 1966 omnis
394 1925 702 1966 circumdatum
735 1925 958 1965 moenibus
990 1924 1243 1979 popularem
1276 1923 1454 1965 alicuius
1487 1924 1553 1965 de-

215 1983 326 2024 finiti
364 1983 466 2038 loci,
505 1983 578 2024 sed
610 1983 744 2025 civem
776 1983 911 2024 totius
944 1983 1091 2024 mundi
1123 1983 1246 2037 quasi
1277 1983 1402 2024 unius
1433 1983 1552 2024 urbis

216 2042 460 2098 agnoverit,
497 2042 542 2082 in
581 2042 661 2083 hac
698 2042 772 2082 ille
810 2042 1132 2098 magnificentia
1169 2056 1312 2083 rerum
1349 2044 1478 2096 atque
1509 2041 1553 2083 in

214 2101 296 2143 hoc
339 2103 568 2155 conspectu
606 2103 649 2142 et
687 2100 930 2155 cognitione
967 2103 1164 2154 naturae,
1209 2100 1251 2141 di
1289 2100 1553 2155 inmortales,

217 2175 345 2215 quam
378 2174 422 2201 se
454 2159 546 2214 ipse
577 2161 744 2201 noscet!
779 2160 891 2213 quod
923 2159 1083 2214 Apollo
1116 2159 1333 2214 praecepit
1358 2159 1552 2213 Pythius,
1572 2171 1606 2196 35

217 2234 345 2273 quam
371 2220 624 2272 contemnet,
658 2233 786 2272 quam
813 2218 1028 2273 despiciet,
1061 2233 1189 2272 quam
1214 2232 1292 2273 pro
1318 2218 1454 2260 nihilo
1481 2233 1554 2273 pu·

146 2259 201 2341 {24
217 2277 328 2319 tabit
354 2292 415 2329 ea,
442 2291 549 2332 quae
575 2277 703 2332 volgo
732 2277 928 2318 dicuntur
955 2277 1240 2331 amplissima!
1280 2276 1424 2331 Atque
1449 2277 1553 2319 haee

91 977 93 980 ⁴
145 963 200 1004 23

144 1015 188 1046 60
