1685 2568
185 994 207 1075 ι-ιμ

232 92 319 133 252
807 92 871 126 DE
896 92 1019 127 FATO

232 197 387 230 cumque
425 186 532 229 fiant,
569 186 649 221 fieri
686 186 809 221 omnia
846 185 966 221 causis
996 185 1326 227 ¹antecedentibus;
1364 186 1568 222 voluntatis

232 233 329 267 enim
361 234 509 268 nostrae
540 245 614 268 non
646 244 725 268 esse
760 243 888 267 causas
921 233 1087 266 externas
1119 233 1157 266 et
1188 232 1446 267 antecedentes
1473 236 1566 279 (cap.

232 284 368 314 10-12
395 284 414 322 ξ
437 282 600 323 21—29).
646 280 715 314 Hic
741 279 891 313 disserit
917 279 1029 313 etiam
1055 279 1100 313 de
1120 278 1256 323 ignava
1275 279 1428 323 ratione,
1453 280 1492 314 id
1513 282 1569 315 est

231 330 276 361 de
302 324 403 373 ἀργῷ
431 325 538 370 λόγῳ,
567 337 638 370 qua
663 326 825 360 admissa
850 337 996 360 omnem
1022 336 1041 360 e
1067 325 1146 360 vita
1169 326 1255 360 tolli
1273 327 1459 361 actionem
1477 326 1568 361 libe-

231 384 310 408 ram
336 374 447 408 docet
473 373 670 418 Chrysippi
696 374 734 407 et
754 372 932 407 Carneadi
956 372 1117 407 rationes
1141 383 1296 416 sequens
1315 375 1409 418 (cap.
1432 378 1569 409 13-16

231 424 250 463 5
270 422 435 465 30-38).
474 420 642 463 Denique
669 431 750 453 cum
776 420 870 454 duae
895 419 1053 453 fuissent
1077 421 1243 453 veterum
1262 420 1570 465 philosophorum

233 466 456 509 sententiae,
489 478 561 500 una
593 477 733 508 eorum,
767 466 830 509 qui
856 467 1048 500 censerent
1074 466 1197 501 omnia
1220 466 1275 500 ita
1299 466 1376 501 fato
1402 467 1496 511 fieri,
1528 469 1571 502 ut

232 514 349 547 fatum
382 514 456 548 vim
488 512 723 548 necessitatis
756 513 932 556 adferret,
968 513 1085 547 altera
1117 524 1259 555 eorum,
1295 514 1357 558 qui
1389 514 1466 549 sine
1492 514 1570 549 ullo
1625 526 1649 543 m

231 560 310 594 fato
343 571 423 595 esse
455 560 660 595 animorum
692 562 813 594 motus
848 560 1076 594 voluntarios
1102 560 1292 604 putarent,
1325 561 1570 606 Chrysippum

233 607 286 641 ait
317 607 480 641 medium
509 607 617 641 ferire
644 606 823 648 voluisse,
857 607 923 641 sed
948 608 1074 641 tamen
1098 607 1217 651 magis
1243 607 1289 641 ad
1317 618 1441 642 eorum
1467 619 1571 643 acce-

234 654 320 688 dere
348 654 582 697 sententiam‚
610 653 672 698 qui
697 654 920 689 necessitate
946 655 1068 688 motus
1095 654 1235 688 animos
1262 654 1398 689 liberos
1419 666 1497 689 esse
1518 666 1572 690 ar-

231 700 415 735 bitrentur
450 704 541 745 (cap.
580 705 714 736 17-—19
747 705 766 743 §a
798 703 961 745 39—45).
1017 701 1224 744 Utcumque
1260 712 1297 735 se
1333 713 1389 736 res
1425 702 1572 745 habeat,

232 747 304 781 hoc
331 748 429 782 certe
454 748 565 782 modo
592 747 638 781 ad
663 747 759 781 hanc
786 759 934 782 causam
961 747 1242 792 disceptandam
1267 759 1343 782 non
1367 749 1413 782 ab
1439 749 1573 783 atomis

234 795 439 829 errantibus
471 796 509 828 et
541 794 585 828 de
618 794 680 828 via
712 794 983 828 declinantibus
1016 793 1190 839 Epicurio
1221 806 1322 829 more
1347 796 1574 840 praesidium

232 842 435 887 petendum
461 841 579 876 videri
605 843 698 886 (cap.
726 846 770 876 20
797 846 815 884 ἓ
841 844 1005 883 46-48).

332 1041 341 1050 .
361 1040 370 1050 .
390 1040 400 1050 .
420 1007 542 1062 ‚quia
567 1008 753 1063 pertinet
781 1007 833 1048 ad
859 1022 1011 1061 mores,
1039 1008 1152 1062 quod
1177 1001 1291 1061 ἦθος
1315 1007 1381 1049 illi
1406 1011 1575 1064 vocant,

234 1081 313 1107 nos
353 1081 446 1107 eam
478 1069 646 1121 partem
679 1066 977 1121 philosophiae
1010 1066 1066 1107 de
1098 1067 1323 1107 moribus
1357 1068 1575 1122 appellare

235 1125 435 1179 solemus,
468 1125 540 1166 sed
573 1125 692 1166 decet
724 1128 952 1180 augentem
985 1125 1178 1180 linguam
1210 1125 1410 1166 Latinam
1441 1126 1575 1167 nomi-

234 1199 337 1225 nare
370 1185 636 1238 moralem,
668 1184 1000 1238 explicandaque
1032 1184 1096 1225 vis
1130 1186 1195 1224 est
1226 1185 1422 1238 ratioque
1449 1200 1575 1226 enun-

233 1243 481 1296 tiationum,
519 1258 627 1297 quae
660 1241 812 1284 Graeci
845 1240 1066 1295 ἀξιώματα
1096 1246 1270 1297 vocant3
1309 1258 1416 1297 quae
1449 1244 1498 1285 de
1530 1256 1612 1285 ref,
1650 1243 1651 1249 ’

232 1301 380 1343 futura
412 1316 507 1343 cum
540 1301 701 1356 aliquid
733 1301 878 1343 dicunt
911 1301 1044 1355 deque
1077 1316 1138 1355 eo,
1171 1302 1284 1356 quod
1314 1303 1454 1356 possit
1484 1303 1577 1344 fieri

236 1362 311 1401 aut
342 1375 429 1401 non
460 1361 616 1414 possit,
650 1375 778 1414 quam
809 1360 897 1401 vim
929 1360 1130 1414 habeant,
1165 1361 1347 1402 obscura
1381 1361 1576 1415 quaestio

236 1421 312 1472 est,
345 1433 473 1473 quam
500 1417 598 1473 περὶ
626 1419 830 1460 δυνατῶν
857 1418 1106 1473 philosophi
1133 1420 1366 1473 appellant,
1398 1422 1576 1474 totaque

236 1480 301 1519 est
343 1475 520 1531 λογική,
573 1492 702 1532 quam
745 1477 956 1519 rationem
1001 1477 1233 1518 disserendi
1277 1493 1394 1520 voco.
1456 1477 1577 1527 Quod

236 1538 380 1578 autem
411 1536 456 1577 in
488 1536 584 1578 aliis
616 1536 739 1578 libris
771 1536 863 1587 feci,
896 1536 968 1590 qui
999 1538 1099 1577 sunt
1132 1536 1182 1577 de
1207 1539 1362 1578 natura
1387 1537 1575 1591 deorum,
1597 1541 1652 1575 10

235 1595 422 1649 itemque
454 1595 499 1636 in
524 1595 588 1649 iis,
620 1609 727 1649 quos
754 1595 804 1636 de
831 1595 1093 1636 divinatione
1119 1595 1242 1648 edidi,
1272 1598 1321 1636 ut
1346 1596 1392 1636 in
1416 1598 1577 1637 utram-

237 1668 318 1708 que
349 1656 518 1709 partem
550 1656 759 1709 perpetua
791 1653 1076 1708 explicaretur
1108 1654 1259 1707 oratio,
1292 1669 1375 1708 quo
1407 1654 1576 1696 facilius

236 1712 279 1753 id
311 1727 336 1754 a
369 1727 536 1767 quoque
569 1713 843 1767 probaretur,
883 1712 995 1766 quod
1027 1712 1177 1766 cuique
1209 1713 1393 1754 maxime
1424 1714 1577 1768 proba-

236 1771 323 1812 bile
360 1771 593 1825 videretur,
629 1771 673 1812 id
710 1771 756 1812 in
791 1772 871 1812 hac
910 1771 1201 1826 disputatione
1240 1771 1291 1812 de
1328 1771 1420 1813 fato
1453 1787 1576 1814 casus

238 1830 411 1884 quidam
454 1845 507 1871 ne
551 1830 736 1871 facerem
777 1829 998 1884 inpedivit.
1059 1829 1174 1870 Nam
1218 1845 1314 1871 cum
1358 1845 1495 1872 essem
1531 1831 1685 1873 inus

237 1888 476 1930 Puteolano
497 1887 752 1943 Hirtiusque
783 1891 942 1942 noster,
975 1889 1123 1930 consul
1150 1889 1410 1944 designatus,
1441 1890 1577 1932 isdem

238 1947 283 1988 in
314 1947 438 2001 locis,
469 1948 535 1989 vir
565 1948 691 1989 nobis
724 1947 1009 1988 amicissimus
1042 1949 1084 1988 et
1114 1947 1182 1988 his
1216 1948 1381 2002 studiis,
1411 1948 1458 1989 in
1490 1949 1578 2004 qui-

237 2006 318 2047 bus
349 2020 428 2047 nos
462 2021 487 2047 a
517 2006 704 2061 pueritia
729 2006 925 2060 viximus,
958 2006 1137 2059 deditus,
1170 2007 1354 2047 multum
1380 2022 1465 2049 una
1491 2022 1578 2050 era-

239 2079 345 2118 mus,
372 2065 556 2106 maxime
582 2080 661 2106 nos
688 2064 858 2119 quidem
885 2065 1154 2119 exquirentes
1182 2079 1232 2106 ea
1251 2065 1442 2121 consilia,
1470 2081 1577 2121 quae

240 2124 293 2165 ad
325 2137 474 2178 pacem
507 2126 549 2164 et
582 2123 635 2165 ad
667 2124 936 2165 concordiam
963 2123 1119 2165 civium
1144 2123 1421 2178 pertinerent.
1471 2124 1577 2167 Cum
1596 2136 1629 2163 20

241 2182 355 2224 enim
388 2196 534 2223 omnes
568 2185 668 2236 post
699 2182 921 2223 interitum
949 2181 1144 2223 Caesaris
1175 2197 1384 2224 novarum
1414 2186 1578 2239 pertur-

241 2241 468 2282 bationum
506 2255 657 2282 causae
690 2241 836 2295 quaeri
867 2241 1114 2282 viderentur
1144 2240 1282 2295 iisque
1316 2256 1408 2283 esse
1440 2257 1578 2284 occur-

240 2299 422 2341 rendum
453 2301 714 2355 putaremus,
746 2300 886 2342 omnis
916 2299 1005 2341 fere
1036 2301 1187 2340 nostra
1210 2300 1256 2340 in
1281 2299 1347 2341 his
1375 2300 1578 2343 delibera-

1649 2239 1652 2259 l

1649 2263 1660 2410 3

1648 2416 1652 2470 ξ

1650 2523 1653 2564 l,
