1685 2568
178 204 195 242 1

182 255 196 284 1

184 634 204 664 2

172 1324 200 1366 2

178 1377 198 1407 3

226 119 311 160 332
701 119 765 153 DE
790 119 854 154 RE
878 119 1082 155 PUBLICA

313 215 370 256 Iu
408 215 509 256 libro
547 217 660 257 tertio
696 217 744 258 ole
779 230 823 258 re
844 216 1013 270 publiea
1046 216 1208 257 Tullius
1237 216 1438 258 homiuem
1467 217 1566 258 dicit

224 288 308 316 uorc
337 277 385 315 ut
414 287 441 314 a
470 277 611 324 matre,
641 276 710 316 secl
737 278 785 316 ut
812 288 840 315 a
868 287 1038 315 noverca
1066 277 1221 315 natura
1250 275 1400 316 editum
1428 276 1475 317 iu
1504 277 1563 317 vi-

227 336 323 383 tam,
349 345 510 385 corpore
534 334 654 386 nudo,
683 334 830 386 frayilz'
854 336 892 373 et
914 334 1091 385 infirmo,
1117 333 1256 374 auimo
1280 336 1415 374 autem
1438 335 1563 376 auxio

225 392 282 432 ad
311 391 524 446 molestias,
553 391 701 433 humili
731 393 788 433 acl
817 393 991 441 timores,
1020 391 1136 432 molli
1165 392 1222 432 aol
1245 392 1408 442 labores,
1432 406 1564 445 prono

225 451 282 491 ad
312 450 509 500 libidines,
540 451 586 491 iu
615 464 692 503 quo
724 453 859 490 tamert
883 450 1030 491 inesset
1054 453 1261 502 tamquam
1287 450 1451 492 obrutus
1475 452 1563 503 qui·
1581 464 1598 490 5

225 509 322 549 dam
352 509 517 550 divinus
546 510 654 562 tyrus
684 509 839 562 iuyeru'i
869 512 906 549 et
935 509 1091 550 meretis.
1122 508 1401 563 (Auyustiuus
1424 513 1565 552 coutra

225 566 440 608 Iulianum
471 567 607 620 Pelay.
638 566 716 608 IV
738 570 803 608 12.
838 570 891 608 60
925 567 969 608 T.
1001 567 1048 608 Χ
1069 581 1112 620 p.
1143 571 1227 609 112
1257 567 1383 622 Bere.)

314 626 492 680 (Homo)
523 640 613 667 oum
635 626 803 678 frayz'lc's
827 625 1110 679 imbecillisque
1133 630 1338 678 nascatur,
1370 629 1505 668 tamen
1528 629 1566 668 et

226 698 254 725 a
290 686 417 726 mutis
454 684 642 726 omuibus
678 687 788 725 tutus
825 687 882 726 est
910 688 948 725 et
976 698 1023 725 ea
1053 686 1209 735 omnia,
1246 699 1348 737 quae
1376 686 1566 738 firmiora

226 748 471 793 nascuntur,
510 743 669 785 etiamsi
705 744 789 784 m‘m
826 743 926 784 caeli
960 743 1121 795 fortiter
1143 744 1381 796 patiuntur,
1418 744 1469 785 ab
1499 744 1564 786 ho·
1584 758 1618 784 10

226 803 336 843 mine
372 805 507 842 tamen
539 805 628 843 tuta
658 815 739 844 esse
768 815 852 843 uon
874 805 1058 855 possunt.
1112 802 1184 843 Ita
1213 803 1271 855 fit,
1301 806 1348 844 ut
1371 803 1468 855 plus
1497 803 1563 844 ho-

226 861 331 901 miui
362 861 543 912 conferat
570 862 678 902 ratio
702 874 827 913 quam
849 864 1004 902 natura
1027 862 1162 911 mutis,
1194 862 1387 914 quoniam
1410 862 1456 903 iu
1481 862 1566 903 illis

226 932 296 960 uec
338 920 575 972 mafflu‘tuclo
618 920 770 961 virtum
813 933 937 973 neque
976 920 1156 973 firmitas
1198 921 1376 973 eorporis
1413 920 1566 974 efficere

218 981 369 1032 potest,
405 991 482 1030 quo
514 979 652 1020 miuus
682 982 756 1019 aut
786 979 1072 1032 opprimantur
1102 992 1129 1019 a
1158 979 1273 1020 uobis
1304 982 1378 1020 aut
1405 982 1566 1020 nostrae

224 1037 400 1078 sublecta
430 1038 516 1078 siut
541 1038 729 1089 potestati
758 1041 826 1078 etc.
875 1037 1011 1087 Plato,
1041 1041 1088 1078 ut
1116 1037 1198 1088 llos,
1230 1038 1354 1088 credo,
1384 1038 1566 1091 iuyratos
1584 1052 1618 1077 15

226 1095 435 1149 refelleret,
464 1099 639 1137 uaturae
659 1097 820 1149 oratias
843 1097 931 1149 eytt,
963 1097 1070 1148 quod
1092 1096 1207 1138 homo
1232 1099 1356 1138 uatus
1380 1099 1478 1138 esset
1499 1099 1566 1138 etc.

224 1154 488 1207 (Lactantius
517 1155 565 1196 cle
595 1155 753 1208 opificio
783 1155 848 1196 clei
877 1159 914 1196 3.
946 1155 1032 1209 16.)

340 1249 657 1302 [Desulerautur
687 1248 752 1290 hie
774 1249 955 1302 pagyz'uae
985 1249 1205 1290 minimum
1234 1250 1454 1302 quattuor]

225 1351 261 1384 p.
288 1333 327 1384 3]
429 1366 436 1373 .
459 1365 466 1372 .
488 1365 496 1372 .
518 1365 526 1372 .
545 1333 588 1372 et
623 1331 831 1373 vehiculis
863 1330 1079 1384 tarditati,
1111 1330 1341 1385 eademque
1373 1345 1469 1372 cum
1500 1346 1565 1372 ac-

226 1391 411 1446 cepisset
451 1390 647 1431 homines
683 1389 913 1431 inconditis
951 1389 1126 1430 vocibus
1163 1389 1410 1431 inchoatum
1449 1389 1565 1444 quid-

226 1450 324 1491 dam
356 1451 400 1491 et
430 1449 657 1491 confusum
688 1451 903 1501 sonantes,
934 1448 1084 1489 incidit
1114 1448 1193 1489 has
1226 1450 1268 1489 et
1300 1448 1496 1489 distinxit
1519 1448 1566 1489 in
1584 1462 1618 1488 20

224 1508 363 1564 partis
397 1510 441 1549 et
470 1510 520 1549 ut
551 1508 677 1563 signa
709 1507 917 1561 quaedam
950 1507 1010 1548 sic
1041 1507 1173 1548 verba
1203 1507 1331 1548 rebus
1362 1507 1566 1561 inpressit

224 1567 506 1621 hominesque
550 1569 676 1607 antea
720 1566 972 1607 dissociatos
1016 1565 1322 1607 iucundissimo
1365 1565 1478 1606 inter
1520 1580 1565 1606 se

229 1625 439 1667 sermonis
488 1625 629 1667 vinclo
680 1624 927 1680 conligavit.
991 1624 1032 1665 A
1076 1624 1207 1665 simili
1251 1624 1381 1665 etiam
1423 1627 1566 1665 mente

224 1685 354 1739 vocis,
388 1684 460 1738 qui
491 1684 747 1725 videbantur
777 1683 947 1736 infiniti,
979 1683 1074 1724 soni
1104 1683 1251 1736 paucis
1281 1683 1397 1724 notis
1422 1683 1566 1725 inven-

224 1762 260 1795 p.
286 1745 326 1795 4]
359 1743 415 1784 tis
450 1742 454 1796 Ι
489 1746 591 1784 sunt
628 1756 775 1784 omnes
815 1741 976 1797 signati
1013 1744 1057 1782 et
1089 1741 1296 1796 expressi,
1337 1742 1490 1796 quibus
1523 1744 1566 1782 et
1585 1753 1619 1778 25

226 1802 456 1856 conloquia
496 1816 592 1843 cum
637 1801 886 1842 absentibus
931 1803 974 1841 et
1016 1800 1174 1841 indicia
1212 1801 1487 1841 voluntatum
1524 1802 1567 1841 et

226 1863 506 1903 monumenta
537 1875 680 1901 rerum
711 1859 1043 1914 praeteritarum
1074 1861 1332 1900 tenerentur.
1371 1858 1567 1900 Accessit

227 1934 276 1961 6ο
313 1934 535 1973 numerus,
576 1933 644 1960 res
684 1933 778 1960 cum
812 1918 864 1959 ad
895 1918 1031 1959 vitam
1060 1917 1318 1971 necessaria,
1358 1919 1452 1958 tum
1481 1932 1568 1959 una

225 1978 495 2019 inmutabilis
535 1980 578 2019 et
610 1979 801 2030 aeterna3
840 1991 947 2030 quae
979 1976 1120 2031 prima
1150 1976 1309 2031 inpulit
1341 1976 1490 2030 etiam,
1519 1978 1568 2017 ut

230 2037 542 2091 suspiceremus
573 2037 619 2078 in
645 2036 809 2078 caelum
835 2050 912 2076 nec
937 2035 1100 2076 frustra
1127 2034 1312 2076 siderum
1338 2037 1481 2076 motus
1506 2034 1567 2076 in·
1585 2046 1620 2072 30

225 2097 444 2136 tueremur
473 2094 972 2148 dinumerationibusque
997 2093 1188 2135 noctium
1215 2108 1263 2135 ac
1290 2093 1470 2136 dierum.
1490 2126 1500 2135 .
1519 2126 1529 2136 .
1549 2126 1559 2136 .

512 2188 828 2240 [Desiclerautur
855 2188 941 2239 fere
970 2191 1053 2228 octo
1076 2187 1287 2240 pamma]

175 2257 201 2338 ’Ξ
227 2288 264 2322 p.
292 2270 379 2322 207]
480 2302 490 2310 .
511 2302 520 2310 .
540 2302 549 2310 .
570 2302 579 2310 .
597 2283 779 2323 quorum
821 2268 953 2310 animi
991 2268 1121 2309 altius
1161 2282 1206 2309 se
1246 2269 1490 2310 extulerunt
1527 2271 1570 2310 et

228 2328 393 2383 aliquid
420 2327 597 2384 dignum
623 2328 746 2382 dono,
777 2329 826 2368 ut
851 2329 950 2368 ante
977 2327 1075 2379 dixi,
1103 2326 1278 2368 deorum
1304 2329 1379 2368 aut
1404 2327 1570 2369 efficere
