1685 2568
414 87 503 123 LIB.
533 87 559 124 I.
593 87 692 122 OAP.
720 92 822 123 6—8.
855 92 874 130 ξ
902 92 1048 123 19—25.
1316 90 1401 131 389

65 187 154 238 tur,
198 184 401 238 quoniam
443 184 552 225 nihil
598 186 664 225 est
704 183 872 225 ratione
909 183 1061 224 melius
1099 197 1231 238 eaque
1268 188 1326 225 est
1361 188 1403 225 et

64 242 110 285 in
151 242 325 284 homine
369 245 412 284 et
454 243 500 283 in
542 242 638 296 deo,
688 242 828 297 prima
871 241 1035 283 homini
1079 256 1174 283 cum
1219 242 1296 283 deo
1339 257 1404 283 ra-

65 301 196 343 tionis
229 301 430 355 soeietas3
469 301 583 343 inter
614 315 720 356 quos
753 303 896 342 autem
928 301 1058 354 ratio,
1089 301 1201 342 inter
1233 301 1404 342 eosdem

65 360 197 402 etiam
245 362 364 402 recta
412 360 524 401 ratio
570 361 658 412 [et]
704 359 941 401 communis
986 361 1072 412 est3
1122 373 1230 414 quae
1275 373 1404 413 quom

29 418 123 460 ussit
171 419 261 472 leX‚
310 419 406 474 lege
456 433 624 473 quoque
674 418 907 460 consociati
955 418 1150 459 homines
1200 432 1296 459 eum
1340 418 1404 459 dis

63 477 245 533 putandi
283 491 441 519 sumus.
502 476 622 518 Inter
660 491 765 531 quos
803 491 931 532 porro
971 479 1036 518 est
1074 477 1316 518 communio
1349 477 1405 517 le-

65 535 145 591 gis,
175 536 289 577 inter
313 550 386 578 eos
418 536 659 578 communio
691 536 796 577 iuris
823 539 904 589 est3
938 535 1092 589 quibus
1125 538 1267 576 autem
1300 536 1405 576 haee

65 596 166 636 sunt
207 594 321 635 inter
364 608 436 636 eos
481 594 744 648 eommunia,
788 595 826 636 ei
870 595 1058 636 civitatis
1102 595 1289 636 eiusdem
1333 594 1406 635 ha-

64 653 191 695 bendi
235 655 354 707 sunt3
397 653 434 695 si
476 667 577 695 vero
621 653 757 694 isdem
799 653 991 708 imperiis
1035 655 1078 694 et
1115 653 1406 708 potestatibus

15 723 47 750 ιο
64 713 236 767 parent,
276 712 414 753 multo
458 711 545 754 iam
589 712 748 767 magis;
790 715 945 767 parent
989 715 1132 754 autem
1175 712 1274 753 huie
1317 727 1406 754 eae-

64 770 164 812 lesti
216 770 483 825 discriptioni
535 771 754 825 mentique
810 771 978 812 divinae
1036 773 1079 812 et
1133 770 1407 826 praepotenti

65 828 163 883 deo3
206 832 256 870 ut
298 829 386 871 iam
430 829 653 871 universus
697 829 766 871 hic
810 830 992 871 mundus
1036 844 1122 871 una
1165 830 1317 871 civitas
1354 831 1409 871 sit

64 887 302 931 communis
347 888 523 930 deorum
563 891 691 943 atque
731 888 954 930 hominum
992 888 1288 930 existimanda.
1348 887 1407 929 Et

65 947 179 1001 quod.
216 947 262 988 in
299 947 548 989 civitatibus
585 947 753 988 ratione
792 947 993 1002 quadam,
1035 948 1085 989 de
1124 963 1208 1002 qua
1245 947 1408 989 dicetur

14 1016 46 1044 15
65 1005 218 1047 idoneo
263 1006 379 1061 loeo,
426 1006 732 1062 agnationibus
776 1006 1040 1048 familiarum
1084 1006 1409 1062 distinguuntur

0 1043 2 1089 1
66 1067 225 1118 status,
262 1064 307 1106 id
342 1065 389 1106 in
424 1079 568 1106 rerum
605 1067 761 1106 natura
798 1068 921 1106 tanto
961 1068 1026 1106 est
1063 1065 1407 1121 magnificentius

65 1126 274 1177 tantoque
315 1124 600 1178 praeclarius,
642 1126 691 1165 ut
728 1124 924 1165 homines
963 1124 1138 1166 deorum
1177 1124 1408 1179 agnatione

65 1185 109 1224 et
141 1185 271 1237 gente
303 1185 542 1226 teneantur.

153 1239 267 1282 Nam
299 1255 428 1295 quom
460 1241 511 1283 de
540 1244 696 1283 natura
720 1241 907 1283 hominis
934 1241 1165 1296 quaeritur,
1197 1241 1409 1297 disputari

14 1311 47 1337 2⁰
65 1299 178 1341 solet
204 1298 260 1353 (et
281 1300 486 1342 nimirum
514 1300 577 1341 ita.
603 1303 680 1354 est,
706 1303 753 1341 ut
779 1300 1043 1355 disputatur)
1070 1301 1289 1356 perpetuis
1317 1316 1407 1342 cur-

66 1358 185 1400 sibus
217 1359 644 1412 conversionibusqzoe
675 1360 931 1401 caelestibus
965 1359 1159 1401 extitisse
1193 1360 1406 1414 quandam

65 1417 363 1459 maturitatem
395 1418 562 1459 serendi
590 1418 758 1473 generis
785 1418 973 1472 humani,
1001 1419 1114 1473 quod
1140 1433 1338 1473 sparsum
1364 1418 1408 1459 in

65 1478 205 1518 terras
225 1479 353 1531 atque
374 1479 515 1518 satum
536 1477 679 1518 divino
701 1480 873 1518 auctum
895 1478 951 1518 sit
966 1478 1207 1519 animorum
1222 1492 1408 1530 munere,

67 1549 280 1589 quomque
313 1535 410 1589 alia,
442 1535 596 1590 quibus
629 1536 906 1578 cohaererent
938 1536 1147 1590 homines,
1180 1551 1201 1578 e
1232 1511 1408 1578 mortali

15 1604 48 1630 25
67 1607 222 1650 genere
249 1595 521 1649 sumpserint,
554 1609 662 1649 quae
687 1594 863 1651 fragilia
889 1598 1032 1637 essent
1059 1598 1101 1637 et
1127 1595 1295 1649 caduca,
1322 1595 1408 1637 ani-

66 1667 185 1694 mum
211 1667 304 1694 esse
328 1653 629 1709 ingeneratum
655 1669 680 1695 a
699 1654 789 1695 deo.
832 1653 898 1695 Ex
920 1668 1003 1709 quo
1024 1668 1121 1696 vere
1141 1655 1210 1695 vel
1231 1654 1408 1710 agnatio

65 1711 191 1753 nobis
210 1726 306 1753 eum
325 1712 582 1754 caelestibus
601 1713 671 1755 vel
691 1727 825 1769 genus
845 1713 914 1755 vel
935 1713 1067 1768 stirps
1088 1713 1297 1768 appellari
1315 1715 1408 1768 pot·

67 1773 143 1812 est.
186 1769 339 1826 Itaque
365 1785 416 1812 ex
441 1773 510 1812 tot
530 1771 756 1826 generibus
776 1772 944 1813 nullum
965 1774 1030 1814 est
1054 1772 1213 1813 animal
1237 1774 1409 1827 praeter

65 1829 296 1883 hominem,
329 1829 443 1884 quod
473 1830 633 1872 habeat
662 1831 864 1872 notitiam
891 1831 1080 1885 aliquam
1108 1831 1186 1885 dei,
1217 1831 1408 1886 ipsisque

15 1898 49 1925 ³0
66 1887 112 1929 in
136 1887 383 1930 hominibus
407 1888 530 1930 nulla
550 1902 654 1945 gens
675 1892 741 1930 est
758 1904 896 1944 neque
915 1892 1007 1931 tam
1027 1892 1253 1931 mansueta
1271 1904 1408 1944 neque

66 1949 158 1988 tam
187 1946 298 2002 fera,
343 1962 450 2002 quae
482 1962 587 2002 11011,
625 1948 797 1989 etiamsi
827 1949 1016 2004 ignoret,
1049 1949 1220 2003 qualem
1250 1948 1409 1990 habere

67 2005 192 2047 deum
224 2005 382 2059 deceat,
410 2009 556 2048 tamen
581 2007 825 2048 habendum
851 2007 971 2049 sciat.
1020 2006 1087 2048 Ex
1114 2022 1197 2062 quo
1225 2007 1409 2050 efficitur

65 2064 185 2118 illud,
216 2067 265 2106 ut
296 2065 332 2106 is
365 2068 574 2121 agnoscat
606 2066 743 2120 deum,
775 2066 859 2121 qui,
890 2067 1000 2108 unde
1033 2069 1152 2108 ortus
1186 2067 1255 2120 sit,
1287 2066 1410 2121 quasi

67 2123 314 2165 recordetur
356 2127 396 2166 et
436 2127 654 2180 agnoscat.
715 2124 809 2166 Iam
851 2140 953 2167 vero
997 2125 1136 2167 virtus
1180 2126 1327 2167 eadem
1365 2126 1410 2166 in

16 2191 49 2219 ⁸5
67 2181 241 2223 homine
284 2197 332 2224 ao
373 2183 451 2225 deo
493 2186 558 2225 est
595 2198 732 2238 neque
770 2183 856 2225 alio
893 2185 983 2226 ullo
1021 2185 1066 2226 in
1105 2199 1259 2240 genere
1291 2198 1411 2238 prae-

66 2243 203 2295 terea3
247 2244 313 2282 est
357 2244 501 2283 autem
538 2242 675 2283 virtus
712 2242 821 2284 nihil
860 2243 976 2284 aliud
1017 2243 1102 2284 nisi
1138 2242 1330 2297 perfecta
1367 2244 1410 2283 et

68 2299 122 2341 ad
159 2314 374 2341 summum
404 2300 611 2355 perducta
641 2303 814 2356 natura3
853 2304 919 2343 est
950 2301 1087 2357 igitur
1119 2307 1282 2343 homini
1313 2315 1408 2342 eum

1433 1222 1479 1305 ἐζ

1435 2016 1478 2046 25
