1685 2568
437 90 525 125 LIB.
552 92 578 126 Ι.
615 91 714 125 CAP.
743 96 893 127 34—37.
925 95 945 134 ξ
971 96 1120 127 53-58.
1363 94 1447 135 297

108 185 304 240 idemque
346 188 388 227 et
428 201 502 228 rex
539 188 582 228 et
618 189 742 242 pater
779 187 1012 229 haberetur
1043 187 1250 241 omnium,
1291 204 1451 245 magna

109 244 344 286 auctoritas
377 247 442 286 est
473 245 684 300 multique
709 248 854 299 testes,
886 246 1096 300 siquidem
1123 247 1261 288 omnis
1288 249 1450 289 multos

109 303 320 358 appellari
350 304 510 358 placet,
549 304 613 345 ita
644 304 910 346 consensisse
943 307 1092 360 gentes
1125 305 1305 346 decretis
1338 306 1450 347 vide-

108 362 209 403 licet
234 362 486 417 principum,
512 362 620 404 nihil
642 377 734 404 esse
753 377 855 419 rege
875 363 1040 417 melius,
1067 363 1282 418 quojniam
1310 365 1362 416 [p.
1384 375 1450 406 166

73 431 89 456 5
110 420 209 462 deos
248 422 387 463 omnis
425 424 599 463 censent
635 422 760 463 unius
798 422 892 478 regi
921 423 1113 476 numine3
1150 423 1239 464 sive
1271 423 1375 464 haec
1406 423 1452 464 in

109 494 251 521 errore
291 479 576 535 inperitorum
615 481 760 535 posita
799 495 890 522 esse
928 483 971 523 et
1006 481 1254 522 fabularum
1293 482 1452 523 similia

109 538 345 591 didicimus,
377 537 600 579 audiamus
633 540 870 580 communis
897 540 1020 594 quasi
1046 540 1241 582 doctores
1269 541 1452 582 erudito-

107 611 204 638 rum
228 596 465 650 hominum,
495 596 568 651 qui
593 599 816 652 tamquam
843 599 978 640 oculis
1003 599 1081 640 illa
1105 599 1316 652 viderunt,
1344 614 1453 654 quae

106 669 186 698 nos
229 655 294 696 vix
326 654 536 697 audiendo
572 656 882 712 cognoscimus.
939 656 1139 712 Quinam,
1177 657 1318 712 inquit
1349 658 1453 699 Lae-

60 714 205 767 mlius,
230 714 306 755 isti
332 714 461 756 sunt?
493 714 553 755 Et
577 714 669 756 ille:
702 714 783 763 Qui
808 718 964 757 natura
987 716 1176 758 omnium
1197 731 1340 758 rerum
1360 731 1452 771 per-

108 772 363 828 vestiganda
389 776 615 815 senserunt
641 788 811 815 omnem
834 774 946 816 hunc
966 775 1173 817 mundum
1190 778 1353 817 mente.
1374 809 1383 818 .
1404 809 1413 818 .
1434 809 1443 818 .

392 866 711 919 [Desiderantur
736 869 918 922 payz’nae
947 871 1166 923 quattuor]

199 949 405 1003 [Lonyum
435 953 494 992 est
522 963 733 1001 recensere,
764 964 866 1003 quae
895 952 943 993 de
971 965 1130 993 summo
1161 952 1230 994 deo
1254 952 1316 993 vel
1343 951 1452 993 Tha·
1478 961 1523 993 57

109 1009 164 1051 les
198 1009 259 1050 vel
289 1008 547 1062 Pytlzaqoras
584 1012 622 1050 et
649 1009 926 1052 Anaximenes
962 1014 1084 1052 antea
1112 1011 1172 1052 vel
1194 1012 1453 1064 postmodum

107 1067 251 1119 Stoici,
283 1066 496 1110 Cleanthes
526 1070 564 1109 et
594 1067 847 1121 Chrysippus
878 1072 914 1110 et
942 1069 1100 1119 Zenon,
1130 1070 1191 1110 vel
1220 1073 1454 1112 nostrorum

55 1136 89 1162 15
108 1126 258 1168 Seneca
276 1125 431 1169 Stoicos
461 1129 617 1168 secutus
647 1130 685 1168 et
707 1127 792 1179 ipse
813 1127 975 1169 Tullius
991 1129 1331 1181 praedicaverint,
1362 1142 1454 1170 cum

107 1185 152 1227 hi
182 1199 318 1228 omnes
347 1188 400 1236 et,
438 1186 539 1238 quid
566 1186 621 1227 sit
649 1186 761 1235 deus,
793 1186 962 1239 definire
993 1188 1235 1228 tentaverint
1263 1190 1301 1228 et
1329 1187 1380 1229 ab
1411 1201 1453 1229 eo

106 1244 190 1287 solo
225 1245 311 1298 reyi
340 1245 541 1285 mundum
572 1245 885 1297 adfirmaverim
913 1259 984 1286 nee
1013 1246 1092 1287 ulli
1121 1245 1342 1288 subiectum
1372 1259 1454 1288 esse

107 1306 292 1354 naturae,
324 1317 415 1344 cum
446 1302 497 1344 ab
528 1304 615 1355 ipso
646 1304 702 1345 sit
731 1304 863 1345 omnis
892 1307 1047 1346 natura
1073 1307 1279 1358 9enemta.
1327 1303 1453 1359 (Lac-

108 1363 265 1404 tantius
294 1363 384 1415 epit.
417 1365 456 1403 4.
487 1363 563 1416 3.)]

57 1430 90 1456 2⁰
207 1454 216 1463 .
236 1454 245 1463 .
266 1454 275 1462 .
296 1419 417 1475 .Sed,
449 1420 486 1462 si
516 1421 600 1475 vis,
632 1420 765 1475 Laeli,
798 1422 908 1463 dabo
940 1422 1023 1463 tibi
1052 1424 1187 1464 testes
1218 1437 1297 1464 nec
1330 1423 1382 1475 [p.
1409 1433 1452 1465 99
1469 1410 1526 1492 {g

107 1479 236 1522 nimis
269 1480 472 1534 antiquos
503 1494 582 1521 nec
612 1480 702 1521 ullo
731 1481 858 1522 modo
884 1481 1107 1523 barbaros.
1155 1482 1204 1523 L.
1235 1480 1363 1536 Istos,
1394 1482 1455 1523 in-

110 1539 215 1594 quit,
246 1539 359 1581 volo.
407 1538 450 1581 S.
481 1537 669 1580 Videsne
702 1539 837 1595 igitur
869 1540 1009 1581 minus
1043 1540 1455 1595 quadringentorum

110 1612 321 1640 annorum
341 1612 433 1639 esse
455 1597 567 1639 hanc
586 1598 750 1653 urbem,
776 1601 824 1640 ut
844 1599 935 1640 sine
956 1599 1130 1654 regibus
1152 1599 1238 1641 sit?
1270 1600 1319 1641 L.
1339 1599 1455 1642 Vero

109 1657 263 1699 minus.
300 1656 343 1698 S.
375 1655 486 1705 Quid
512 1657 645 1712 ergo?
671 1657 776 1699 haec
803 1657 1218 1714 quadringentorum
1243 1673 1456 1700 annorum

57 1724 91 1751 ²5
110 1718 230 1758 aetas
279 1718 329 1758 ut
377 1715 497 1757 urbis
547 1718 590 1757 et
637 1715 825 1758 civitatis
868 1731 971 1758 num
1015 1717 1139 1758 valde
1183 1717 1316 1773 longa
1361 1718 1455 1759 est?

108 1774 158 1817 L.
189 1774 282 1816 Ista
322 1789 443 1829 vero,
483 1774 641 1829 inquit,
682 1775 832 1817 adulta
867 1775 950 1817 viX.
1004 1776 1046 1818 S.
1078 1776 1198 1832 Ergo
1230 1775 1299 1818 his
1332 1777 1456 1818 annis

110 1833 438 1890 quadringentis
470 1832 634 1875 Romae
666 1848 741 1876 rex
773 1835 895 1876 erat?
946 1835 995 1876 L.
1027 1834 1086 1876 Et
1124 1835 1335 1890 superbus
1368 1835 1457 1890 qui-

111 1892 219 1934 dem.
247 1891 253 1947 Ι
280 1893 324 1935 S.
356 1891 467 1942 Quid
499 1892 659 1947 supra?
691 1893 740 1934 L.
770 1892 1053 1948 Iustissimus,
1086 1896 1130 1935 et
1162 1894 1275 1935 dein·
1308 1895 1361 1947 [p.
1390 1906 1457 1936 100

110 1965 209 2007 ceps
246 1953 364 1993 retro
405 1965 541 2006 usque
579 1951 633 1993 ad
663 1951 914 2007 Romulum,
952 1953 1026 2007 qui
1063 1953 1117 1994 ab
1148 1952 1232 1995 hoc
1262 1955 1458 2008 tempore

57 2020 92 2046 ³⁰
111 2025 222 2052 anno
261 2010 566 2053 sescentesimo
604 2024 678 2052 rex
710 2013 813 2053 erat.
861 2011 906 2054 S.
936 2011 1056 2067 Ergo
1086 2026 1140 2053 ne
1170 2012 1254 2054 iste
1287 2012 1457 2067 quidem

109 2070 341 2125 pervetus?
391 2069 440 2111 L.
471 2069 648 2111 Minime
687 2084 735 2112 ac
765 2085 900 2125 prope
932 2073 1178 2112 senescente
1208 2071 1295 2113 iam
1329 2070 1458 2113 Grae-

111 2127 187 2170 cia.
235 2127 279 2171 S.
311 2127 444 2183 Cedo,
479 2143 600 2182 num,
633 2126 795 2183 Scipio,
825 2129 1111 2171 barbarorum
1139 2130 1351 2172 Romulus
1383 2144 1456 2170 rex

109 2185 222 2229 fuit?
271 2187 322 2229 L.
354 2185 417 2242 Si,
448 2190 498 2229 ut
530 2186 683 2229 Graeci
715 2187 863 2230 dicunt
894 2188 1034 2230 omnis
1068 2191 1143 2230 aut
1175 2188 1330 2230 Graios
1363 2202 1456 2229 esse

112 2247 189 2288 aut
225 2245 454 2300 barbaros,
491 2260 659 2300 vereor,
695 2261 749 2288 ne
780 2246 1066 2289 barbarorum
1098 2262 1173 2289 rex
1203 2247 1352 2300 fuerit,
1390 2246 1456 2287 sin

57 2314 93 2342 ³5
110 2303 156 2346 id
173 2319 332 2347 nomen
350 2305 543 2347 moribus
564 2305 752 2347 dandum
771 2308 849 2359 est,
868 2320 955 2347 non
974 2306 1148 2362 linguis,
1166 2320 1255 2348 non
1269 2304 1455 2346 Graecos
