1685 2568
436 105 526 141 LIB.
552 105 579 141 I.
613 105 712 142 CAP.
738 109 889 141 37—40.
921 109 940 148 ξ
967 109 1116 141 58-63,
1370 106 1456 148 299

114 206 158 245 01
200 203 367 258 plures,
419 202 456 244 si
498 201 666 243 iustitia
710 203 776 243 est
818 200 864 242 in
906 200 1134 255 pluribus?
1194 200 1254 242 Et
1297 200 1458 256 Scipio:

117 265 121 312 i
144 260 358 310 Quoniam
383 260 569 302 testibus
596 259 702 302 meis
728 259 934 313 intellexi,
965 259 1098 313 Laeli,
1123 261 1167 300 te
1191 273 1278 300 non
1311 261 1363 312 [p.
1391 271 1458 302 268

113 319 237 362 valde
269 320 447 374 moveri,
476 333 565 361 non
596 319 790 361 desinam
821 320 865 360 te
895 317 961 359 uti
992 320 1115 372 teste,
1145 320 1195 359 ut
1219 317 1312 372 hoc,
1345 318 1460 372 quod

114 379 220 434 dico,
251 378 443 434 probem.
485 377 567 432 Me,
597 377 739 432 inquit
763 377 847 432 1110,
879 391 1067 431 quonam
1092 376 1250 418 modo?
1281 376 1324 418 S.
1350 375 1460 425 Quia

79 449 95 475 5
116 437 305 479 animum
337 436 503 478 adverti
533 451 681 490 nuper,
716 451 812 478 cum
844 449 1033 477 essemus
1065 435 1111 476 in
1140 434 1384 490 Formiano,
1415 438 1459 476 te

113 496 306 537 familiae
336 494 462 537 valde
493 494 763 548 interdicere,
794 497 843 536 ut
873 494 948 535 uni
980 494 1093 536 dicto
1125 493 1302 535 audiens
1335 495 1460 536 esset.

113 555 162 596 L.
177 553 344 608 Quippe
363 553 503 595 vilico.
534 553 577 595 S.
592 552 731 602 Quid‘?
752 552 867 595 domi
886 553 1086 608 pluresne
1105 555 1314 608 praesunt
1332 566 1460 608 nego-

113 613 186 654 tiis
212 612 329 654 tuis?
369 612 417 653 L.
442 611 581 653 Immo
607 626 710 654 vero
736 626 857 665 1111118,
883 611 1036 666 inquit.
1078 611 1120 654 S.
1148 610 1288 660 Quid‘?
1320 613 1461 653 totam

116 672 289 714 domum
327 685 431 712 num
464 670 559 725 quis
592 670 704 712 alter
734 674 906 725 praeter
936 673 980 712 te
1011 670 1154 726 regit?
1203 670 1252 712 L.
1283 669 1461 712 Minime

64 743 95 768 ιο
115 745 227 772 vero.
287 728 330 772 S.
363 728 475 778 Quin
511 732 559 770 tu
596 728 731 785 igitur
768 728 975 784 conflcedis
1006 728 1119 771 idem
1150 728 1197 770 in
1227 743 1273 770 re
1311 729 1365 781 [p.
1394 739 1460 770 159

113 788 305 845 publica,
349 787 621 843 singulorum
665 787 929 842 dominatus,
974 788 1010 830 81
1053 787 1180 830 1110ᾶο
1217 787 1323 829 111811
1363 788 1462 842 81111,

114 862 207 890 0880
240 846 458 902 optimos?
506 847 555 889 L.
588 846 807 901 Adducor,
844 846 1003 902 inquit,
1040 849 1090 888 ut
1119 861 1254 903 prope
1286 846 1462 889 modum

115 906 345 948 adsentiar.

202 965 262 1007 Et
300 963 460 1020 Scipio.
504 963 614 1006 Tum
652 965 792 1020 magis
832 964 1092 1019 adsentiare,
1131 964 1270 1031 Laeli,
1318 965 1372 1019 si,
1414 967 1464 1006 ut
1476 945 1534 987 40

63 1037 96 1063 15
116 1024 317 1067 omittam
344 1023 660 1078 similitudines,
691 1024 766 1065 uni
792 1023 1085 1079 gubernatori,
1116 1024 1191 1065 uni
1216 1024 1394 1078 medico,
1427 998 1509 1065 816

116 1083 236 1139 digni
267 1082 394 1124 modo
427 1082 514 1124 sint
545 1082 598 1123 118
632 1082 810 1137 artibus,
841 1083 998 1124 rectius
1033 1096 1125 1124 esse
1157 1082 1285 1124 alteri
1309 1097 1464 1125 navem

116 1141 404 1195 committere,
449 1155 628 1196 aegrum
666 1141 793 1182 alteri
832 1155 960 1195 quam
998 1141 1166 1195 multis,
1209 1141 1262 1182 ad
1300 1141 1465 1184 maiora

118 1214 366 1256 pervenero.
414 1200 464 1241 L.
497 1199 715 1248 Quaenam
748 1200 834 1241 ista
866 1200 997 1241 sunt?
1048 1200 1090 1242 S.
1123 1198 1262 1249 Quid?
1299 1203 1347 1242 tu
1376 1198 1463 1242 'non

114 1260 233 1301 vides
259 1258 385 1300 unius
410 1256 736 1314 inlportunitate
763 1261 806 1300 et
832 1258 1033 1314 superbia
1058 1258 1283 1313 Tarquinii
1315 1260 1368 1311 [p.
1398 1270 1464 1301 160

64 1331 97 1356 20
115 1332 273 1361 nomen
303 1317 402 1359 111110
433 1317 595 1372 populo
627 1317 671 1358 in
704 1317 850 1359 odium
881 1317 1050 1359 venisse
1080 1318 1279 1373 regium?
1316 1318 1366 1360 L.
1391 1317 1464 1359 Vi-

117 1377 195 1419 deo
232 1390 353 1430 vero,
389 1376 542 1431 inquit.
591 1376 633 1418 S.
664 1375 784 1432 Ergo
818 1376 950 1418 etiam
980 1377 1090 1418 illud
1120 1377 1258 1431 vides,
1296 1376 1347 1418 de
1379 1391 1463 1431 quo

116 1435 418 1492 progrediente
457 1434 652 1476 oratione
689 1435 817 1490 plura
854 1450 922 1477 me
954 1435 1168 1477 dicturum
1198 1437 1323 1491 puto,
1362 1435 1464 1477 Tar-

117 1494 263 1550 quinio
303 1496 452 1536 exacto
491 1494 602 1535 mira
639 1494 825 1548 quadam
863 1495 1080 1536 exultasse
1111 1495 1321 1550 populum
1351 1494 1464 1536 inso-

117 1553 253 1596 lentia
295 1553 532 1607 libertatis3
575 1555 669 1594 tum
714 1553 852 1595 exacti
895 1553 941 1594 in
985 1553 1160 1595 exilium
1202 1553 1464 1608 innocentes,

64 1624 98 1651 25
116 1615 211 1654 tum
242 1612 358 1653 bona
384 1611 552 1666 direpta
576 1613 824 1667 multorum,
856 1614 949 1653 tum
976 1612 1107 1654 annui
1132 1613 1342 1667 consules,
1371 1614 1465 1654 tum

118 1671 292 1714 demissi
310 1671 470 1725 populo
489 1670 640 1725 fasces,
659 1673 753 1712 tum
772 1672 1102 1726 provocationes
1116 1669 1319 1727 omniffum
1335 1672 1387 1724 [p.
1397 1682 1462 1713 101

117 1745 278 1784 rerum,
315 1732 409 1770 tum
448 1729 707 1771 secessiones
740 1730 900 1785 plebei,
937 1732 1031 1771 tum
1062 1744 1240 1786 prorsus
1271 1730 1335 1772 ita
1366 1732 1465 1772 acta

117 1789 341 1844 pleraque,
372 1791 421 1829 ut
451 1788 497 1829 in
527 1789 688 1843 populo
721 1791 865 1830 essent
897 1789 1052 1831 omnia.
1105 1789 1154 1831 L.
1185 1788 1280 1843 Est,
1311 1789 1464 1844 inquit,

116 1850 166 1889 ut
192 1848 309 1890 dicis.
357 1846 438 1888 Est
464 1861 578 1901 vero,
608 1847 750 1902 inquit
770 1846 923 1903 Scipio,
954 1848 1000 1889 in
1024 1863 1128 1914 pace
1155 1850 1197 1889 et
1223 1848 1330 1903 011ος
1363 1848 1464 1890 11001
1491 1856 1534 1887 63

66 1918 100 1944 30
119 1906 232 1948 enim
263 1906 474 1959 lascivire,
507 1906 607 1947 dum
638 1906 748 1947 nihil
779 1909 959 1961 metuas,
990 1909 1040 1948 ut
1064 1907 1110 1948 in
1134 1907 1236 1949 navi
1262 1922 1311 1949 ac
1337 1921 1464 1962 saepe

118 1966 250 2007 etiam
286 1965 332 2007 in
363 1939 514 2006 11101100
548 1964 645 2006 levi.
701 1963 783 2006 Sed
813 1968 863 2006 ut
894 1966 987 2020 ille,
1026 1965 1100 2020 qui
1130 1966 1328 2032 navigat,
1366 1981 1464 2008 cum

118 2024 261 2066 subito
300 2038 417 2065 mare
456 2024 597 2089 coepit
627 2023 892 2079 horrescere,
930 2026 973 2066 et
1003 2024 1077 2066 ille
1110 2038 1238 2081 aeger
1268 2025 1464 2080 ingrave-

119 2086 261 2126 scente
281 2083 432 2124 morbo
453 2083 578 2124 unius
600 2097 724 2137 opem
744 2082 946 2149 inplorat,
967 2083 1028 2125 sic
1046 2085 1195 2125 noster
1215 2083 1430 2149 populus
1418 2098 1464 2124 in

117 2157 222 2197 pace
249 2144 291 2184 et
318 2141 433 2183 domi
458 2141 644 2196 imperat
664 2141 737 2182 et
725 2141 833 2196 1psis
853 2142 1184 2198 magistratibus
1202 2140 1205 2198 Ι
1226 2143 1300 2184 mi·
1322 2144 1374 2194 [p.
1398 2152 1463 2183 102

65 2211 100 2238 ³5
117 2203 264 2254 natur,
295 2202 483 2254 recusat,
515 2200 726 2255 appellat,
758 2204 984 2256 provocat,
1015 2201 1062 2243 in
1094 2201 1211 2243 bello
1244 2201 1304 2242 810
1340 2202 1465 2255 paret

117 2261 167 2301 ut
196 2259 308 2315 regi,
338 2260 456 2301 valet
487 2260 600 2300 enim
628 2259 744 2300 salus
770 2259 867 2314 plus
895 2275 1024 2314 quam
1050 2259 1197 2302 libido.
1248 2258 1464 2300 Graviori-

117 2317 198 2360 bus
241 2332 343 2361 vero
387 2318 514 2360 bellis
559 2318 692 2360 etiam
733 2317 824 2360 sine
864 2319 1033 2375 collega
1070 2333 1196 2360 omne
1234 2316 1464 2372 imperium

66 1708 74 1730 Ι
