1685 2568
451 86 540 122 LIB
567 85 594 122 Ι.
628 85 727 121 ΟΑΡ.
756 90 904 122 ‘zo-22.
937 91 956 129 g
983 92 1132 123 53—58.
1366 90 1450 131 401

117 182 303 238 quinque
342 183 470 238 pedes
512 197 604 224 esse
640 182 886 236 noluerunt,
928 182 1098 237 depasci
1134 185 1321 224 veterem
1359 199 1477 257 pos·
1480 227 1489 241 .-
1523 226 1527 229 ,

119 242 353 283 sessionem
386 241 639 283 Academiae
673 241 726 282 ab
759 241 840 282 hoc
872 243 996 282 acuto
1028 241 1201 282 homine
1231 256 1318 283 non
1346 243 1452 283 sine-

116 315 211 342 mus
248 315 325 343 nec
355 299 549 342 Mamilia
585 300 681 355 lege
713 299 892 355 singuli,
925 299 997 340 sed
1029 313 1051 340 e
1083 311 1149 340 X11
1179 302 1268 341 tres
1301 301 1454 341 arbitri

116 359 214 401 finis
254 373 463 415 regemus.
526 357 570 410 Q.
608 356 847 407 Quamnam
881 333 1021 413 igitur
1059 358 1316 400 sententiam
1354 358 1453 400 dici-

80 417 240 459 5mus?
305 418 364 484 Μ.
402 416 579 472 Requiri
621 417 791 472 placere
834 416 1061 470 terminos,
1105 431 1212 471 quos
1255 415 1453 459 Socrates

115 476 295 531 pefferit,
325 476 462 531 iisque
492 490 655 531 parere.
707 475 751 527 Q.
781 471 1018 530 Praeclare,
1049 475 1194 529 frater,
1225 475 1312 517 iam
1342 490 1454 518 nunc

115 491 215 576 {effe
246 534 380 576 verba
409 537 672 589 usurpantur
702 534 840 575 civilis
872 534 977 575 iuris
1010 536 1053 576 et
1085 534 1248 590 legum,
1287 549 1370 590 quo
1404 535 1454 577 de

116 607 270 649 genere
301 596 477 648 expecto
509 592 844 648 disputationem
876 595 1015 647 tuam3
1044 607 1146 634 nam
1171 593 1258 634 ista
1283 593 1455 660 quidem

115 665 273 708 magna
309 651 556 693 diiudicatio
596 654 678 705 est,
716 654 765 692 ut
802 666 853 693 ex
889 655 932 693 te
969 652 1064 707 ipso
1103 666 1228 707 saepe
1260 652 1454 708 cognovi.

65 723 95 748 ιο
115 708 197 752 Sed
228 712 342 752 certe
373 710 436 751 ita
466 724 535 751 res
567 724 612 751 se
643 710 792 764 habet,
822 713 872 752 ut
904 725 953 751 ex
982 713 1138 752 natura
1168 710 1311 752 vivere
1344 726 1454 752 sum-

114 784 232 810 mum
268 769 429 811 bonum
469 769 544 823 sit,
580 768 623 810 id
661 771 727 810 est
763 769 855 810 vita
886 769 1054 811 modica
1085 772 1128 811 et
1160 771 1263 825 apta
1294 770 1454 812 virtute

113 827 277 882 perfrui
314 830 389 869 aut
424 830 626 869 naturam
663 827 783 882 sequi
821 830 864 869 et
896 828 985 870 eius
1018 828 1141 883 quasi
1172 828 1268 884 lege
1298 828 1454 884 vivere,

114 887 156 927 id
188 889 255 928 est
284 886 408 941 nihil,
440 889 648 941 quantum
678 887 724 928 in
753 887 848 941 ipso
882 887 950 941 sit,
980 887 1337 943 praetermittere,
1369 902 1453 943 quo

113 945 254 987 minus
292 960 359 1000 ea,
402 957 511 1001 quae
547 948 704 987 natura
739 945 949 1001 postulet,
992 949 1296 1001 consequatur,
1340 946 1455 1001 quod

63 1015 94 1040 15
114 1005 227 1046 inter
265 1003 372 1046 haec
407 1004 515 1046 velit
553 1004 713 1046 virtute
750 1007 972 1059 tamquam
1005 1005 1100 1060 lege
1130 1005 1285 1047 vivere.
1346 1004 1455 1054 Qua-

112 1065 291 1119 propter
325 1062 408 1105 hoc
446 1063 667 1105 diiudicari
703 1063 846 1105 nescio
885 1078 940 1104 an
976 1078 1230 1118 numquam,
1268 1063 1342 1106 sed
1372 1064 1455 1107 hoc

114 1136 308 1164 sermone
341 1124 455 1164 certe
485 1137 572 1164 non
602 1124 765 1177 potest,
799 1122 1008 1176 siquidem
1039 1122 1094 1177 id,
1126 1123 1239 1177 quod
1271 1123 1454 1179 suscepi-

116 1195 222 1235 mus,
254 1181 487 1235 perfecturi
518 1195 676 1222 sumus.

200 1240 300 1281 Am.
332 1239 393 1280 At
427 1254 507 1295 ego
540 1240 622 1281 huc
653 1239 938 1294 declinabam,
976 1255 1054 1283 nec
1084 1240 1259 1282 invitus.
1311 1240 1355 1293 Q.
1386 1240 1453 1282 Li-

61 1310 93 1335 20
113 1298 226 1340 cebit
264 1298 390 1352 alias3
433 1313 545 1340 nunc
581 1298 625 1339 id
663 1313 860 1355 agamus,
897 1299 1010 1354 quod
1050 1300 1286 1354 coepimus,
1323 1270 1499 1355 quom5

112 1357 367 1412 praesertim
400 1357 453 1398 ad
483 1357 528 1398 id
558 1357 667 1398 nihil
695 1357 910 1413 pertineat
934 1357 1041 1400 haec
1066 1358 1116 1400 de
1143 1372 1310 1400 summo
1337 1359 1452 1401 malo

111 1416 309 1471 bonoque
348 1416 567 1459 dissensio.
629 1416 693 1459 M.
723 1415 1078 1472 Prudentissime,
1117 1415 1291 1472 Quinte,
1330 1417 1452 1473 dicis;

111 1489 212 1516 nam
249 1489 357 1530 quae
396 1491 421 1517 a
457 1489 525 1516 me
563 1474 701 1517 adhuc
739 1475 853 1518 dicta
883 1478 1000 1530 sunt,
1023 1509 1032 1517 .
1053 1509 1062 1518 .
1082 1509 1120 1518 ..
1176 1476 1221 1528 Ω.
1252 1475 1343 1519 Ν66
1373 1476 1454 1532 Ly-

115 1533 237 1590 curgi
267 1534 384 1589 leges
415 1549 552 1588 neque
579 1532 750 1576 Solonis
780 1549 917 1589 neque
944 1533 1195 1579 Charondae
1219 1549 1356 1590 neque
1377 1535 1452 1578 Za-

60 1603 93 1628 25
113 1592 222 1634 leuci
270 1607 347 1634 nec
394 1596 567 1635 nostras
616 1593 838 1635 duodecim
886 1593 1059 1635 tabulas
1103 1608 1181 1636 nec
1223 1594 1453 1649 plebiscita

113 1651 324 1706 desidero,
366 1651 439 1692 sed
475 1654 519 1693 te
556 1651 754 1694 existimo
794 1667 924 1707 quom
961 1652 1149 1708 populis,
1189 1656 1283 1695 tum
1321 1654 1452 1695 etiam

113 1709 295 1766 singulis
346 1710 553 1753 hodierno
602 1725 798 1753 sermone
849 1711 967 1766 leges
1017 1712 1188 1753 vivendi
1236 1715 1280 1754 et
1330 1712 1452 1755 disci-

111 1768 276 1824 plinam
323 1769 534 1811 daturum.
598 1770 663 1811 M.
692 1769 775 1811 Est
816 1769 943 1812 huius
986 1784 1088 1812 vero
1132 1771 1450 1826 disputationis,

112 1826 288 1882 Quinte,
330 1828 553 1883 proprium
594 1827 656 1882 id,
700 1828 813 1884 quod
856 1832 1073 1884 expectas,
1118 1832 1246 1884 atque
1283 1830 1451 1872 utinam

0 1910 1 1932 2
60 1898 92 1923 30
113 1889 226 1928 esset
263 1886 396 1928 etiam
431 1887 654 1929 facultatis
685 1888 823 1929 meae!
873 1885 955 1930 Sed
986 1888 1180 1944 profecto
1211 1889 1350 1931 ita'se
1381 1904 1450 1931 res

112 1945 256 2000 habet,
286 1947 347 2000 ut,
375 1945 578 2000 quoniam
603 1945 806 1989 vitiorum
832 1947 1164 1989 emendatricem
1190 1947 1331 2004 legem
1357 1963 1450 1990 esse

112 2006 284 2060 oportet
321 2004 807 2060 commendatricemque
844 2006 1072 2060 virtutum,
1113 2006 1167 2048 ab
1200 2021 1251 2048 ea
1280 2007 1451 2049 vivendi

112 2063 306 2105 doctrina
337 2063 526 2105 ducatur.
575 2062 645 2105 Ita
675 2064 737 2118 fit,
767 2066 816 2105 ut
847 2067 986 2106 mater
1017 2065 1210 2107 omnium
1237 2065 1449 2108 bonarum

111 2136 254 2164 rerum
278 2123 334 2164 sit
357 2122 581 2177 sapientia,
611 2137 636 2164 a
662 2123 814 2177 quoius
840 2138 985 2166 amore
1011 2123 1174 2166 Graeco
1200 2125 1331 2166 verbo
1358 2125 1449 2179 phi-

59 2191 93 2217 35
115 2180 315 2236 losophia
344 2195 501 2222 nomen
530 2182 707 2236 invenit,
739 2196 823 2236 qua
853 2182 963 2224 nihil
995 2198 1021 2224 a
1053 2182 1118 2224 dis
1143 2183 1447 2225 inmortalibus

110 2239 302 2293 uberius,
338 2239 447 2281 nihil
478 2240 720 2294 florentius,
750 2240 859 2282 nihil
891 2242 1195 2296 praestabilius
1226 2242 1447 2283 hominum

111 2298 225 2340 vitae
262 2297 410 2340 datum
448 2301 524 2340 est.
578 2298 697 2341 Haec
734 2300 846 2341 enim
884 2315 970 2341 una
1006 2315 1085 2342 nos
1122 2315 1251 2355 quom
1283 2302 1446 2342 ceteras

181 2378 253 2405 cro.
271 2379 325 2405 rv.
351 2380 366 2404 2
1101 2365 1104 2368 ’
1122 2374 1165 2403 26

1480 370 1523 401 56

1468 1217 1526 1258 22

1476 1780 1521 1812 58

1515 241 1568 269 ‘G

1570 256 1619 272 ρ’»

1622 249 1685 269 ’μ,,ῐ
