1685 2568
393 642 455 690 M.
496 643 709 691 TULLII
747 642 1075 692 CICERONIS

254 760 315 824 D
349 760 403 823 E
459 760 521 824 R
551 761 607 824 E
662 760 716 823 P
748 762 811 826 U
841 763 896 826 B
928 762 982 824 L
1013 761 1047 824 Ι
1079 759 1127 825 C
1158 759 1225 824 Α

305 885 557 921 LIBRORUM
583 886 674 921 SEX
700 885 828 928 QUAE
853 886 1164 923 MANSERUNT.

532 1057 696 1095 LIBER
727 1058 938 1096 PRIMUS.

484 1162 982 1201 ARGUMENTUM.
1024 1198 1027 1199 γ

157 1250 249 1285 Cum
273 1250 321 1287 M.
349 1250 462 1285 Tullii
493 1250 582 1285 libri
614 1251 659 1286 de
690 1262 730 1286 re
761 1251 928 1296 publica,
964 1251 1003 1286 in
1035 1251 1168 1296 quibus
1202 1252 1406 1288 scribendis

62 1297 136 1334 iam
165 1298 252 1333 inde
284 1298 331 1333 ab
357 1309 452 1333 anno
478 1310 512 1333 u.
540 1309 568 1333 e.
598 1302 665 1333 Ι700
693 1299 893 1344 occupatus
919 1298 1056 1341 fuerat,
1089 1299 1258 1334 ediderat
1282 1301 1407 1335 autem

62 1346 137 1381 fere
164 1356 260 1380 anno
285 1357 319 1380 u.
342 1356 371 1379 c.
394 1349 473 1387 703,
500 1344 563 1379 diu
589 1344 791 1380 desiderati
817 1347 941 1381 essent
960 1347 1009 1389 et,
1035 1346 1155 1380 sicubi
1175 1358 1260 1392 spes
1280 1357 1405 1382 eorum

61 1392 397 1438 recuperandorum
423 1392 581 1427 subnata
608 1394 715 1436 esset,
742 1403 887 1439 semper
912 1392 1137 1436 evanuisset,
1163 1394 1315 1429 tandem
1333 1395 1406 1428 An-

62 1439 167 1486 gelus
193 1439 311 1474 Maius
337 1440 414 1484 has,
442 1450 532 1484 quas
552 1450 649 1473 nunc
669 1440 860 1483 habemus,
887 1451 1013 1475 eorum
1032 1440 1210 1476 librorum
1229 1441 1407 1486 reliquias

61 1488 100 1522 in
133 1487 260 1522 codice
285 1486 468 1522 Vaticano
493 1486 739 1532 palimpsesto
765 1487 911 1522 invenit
936 1488 974 1523 et
999 1488 1215 1522 coniunctas
1242 1500 1325 1523 cum
1351 1500 1407 1524 ce-

61 1534 150 1570 teris
176 1534 395 1579 fragmentis
421 1533 542 1569 edidit
567 1544 662 1568 anno
688 1534 796 1568 huius
824 1534 964 1570 saeculi
986 1534 1100 1569 XXII.
1140 1534 1240 1577 Quae
1267 1535 1315 1570 ad
1333 1536 1408 1582 pri—

61 1593 162 1616 mum
186 1581 322 1616 librum
347 1581 546 1626 pertinent,
573 1581 618 1616 de
643 1581 690 1615 iis
716 1580 792 1616 fere
818 1582 910 1616 haec
937 1581 1095 1617 dicenda
1121 1584 1214 1617 sunt.

158 1627 285 1663 Cicero
311 1627 478 1663 Platonis
511 1629 549 1664 et
573 1627 787 1663 Aristotelis
821 1629 989 1674 exemplo
1022 1629 1067 1664 de
1099 1641 1139 1664 re
1169 1629 1321 1674 publica
1352 1630 1407 1665 in-

62 1675 186 1711 stituit
217 1675 394 1718 scribere,
428 1677 488 1719 ut,
523 1674 555 1710 si
587 1686 659 1720 qua
689 1676 817 1721 posset
841 1676 1031 1712 labantem
1056 1676 1131 1711 iam
1155 1676 1406 1712 Romanorum

59 1733 138 1758 rem
162 1722 352 1768 publicam
377 1722 535 1757 consilio
561 1723 779 1767 sustentare,
805 1722 900 1758 nihil
927 1723 1096 1759 omisisse
1122 1723 1320 1759 videretur.
1355 1725 1407 1759 Ut

61 1781 148 1806 vero
181 1769 259 1804 sine
285 1769 364 1804 ulla
387 1769 530 1804 invidia
555 1769 778 1814 disputaret,
812 1769 1104 1816 disputationem
1128 1782 1204 1805 non
1230 1782 1252 1805 a
1277 1783 1315 1806 se
1341 1773 1407 1806 aut

61 1828 127 1852 suo
158 1817 344 1862 tempore,
377 1817 442 1851 sed
473 1817 520 1851 ab
545 1817 721 1852 Africano
752 1816 894 1852 minore
920 1817 1105 1853 Tuditano
1131 1817 1284 1862 Aquilio
1311 1830 1403 1854 coss.

61 1867 141 1908 (625
169 1875 200 1899 a.
227 1876 261 1898 u.
289 1866 334 1908 c.)
364 1863 532 1898 habitam
557 1863 674 1909 fingit.
718 1864 778 1898 Ad
808 1865 924 1908 hunc,
956 1866 1069 1910 paulo
1095 1866 1183 1900 ante
1209 1877 1320 1910 quam
1346 1881 1406 1901 ea-

60 1911 218 1946 stinctus
251 1912 324 1953 est,
355 1910 458 1946 feriis
484 1911 627 1946 Latinis
660 1913 909 1947 convenerant
939 1912 1084 1956 aliquot
1109 1912 1329 1956 familiares,
1363 1912 1404 1954 Q.

59 1958 188 1994 Aelius
207 1958 365 2001 Tubero,
389 1958 496 1993 Pauli
523 1970 567 1993 ex
586 1957 747 1993 Aemilia
770 1970 900 2004 nepos,
927 1959 1051 1994 sorore
1071 1959 1249 2003 Africani,
1276 1960 1315 1995 L.
1336 1960 1406 1994 Fu-

59 2005 135 2040 rius
159 2005 305 2049 Philus,
336 2004 375 2040 P.
402 2005 566 2041 Rutilius
592 2005 726 2049 Rufus,
762 2005 823 2051 Sp.
849 2005 1065 2051 Mummius,
1099 2007 1256 2042 Achaici
1279 2007 1405 2049 fiater,

60 2050 99 2089 C.
113 2052 284 2095 Fannius,
309 2052 428 2087 Laelii
447 2064 570 2098 gener,
597 2052 637 2094 Q.
651 2052 795 2087 Mucius
810 2053 1000 2097 Scaevola,
1022 2053 1059 2090 C.
1074 2053 1221 2089 Laelius
1239 2053 1405 2100 Sapiens,

59 2099 120 2137 Μ’.
145 2099 331 2136 Manilius.
378 2099 539 2141 Quorum
565 2099 679 2134 ceteri
705 2110 788 2134 eum
813 2100 858 2135 de
884 2101 992 2135 rebus
1020 2101 1243 2136 caelestibus
1271 2112 1407 2136 sermo·

59 2145 288 2189 cinarentur,
321 2146 469 2182 Laelius
499 2146 620 2192 magis
653 2146 701 2181 ad
733 2158 771 2182 se
796 2147 982 2192 pertinere
1008 2148 1175 2184 ostendit
1200 2159 1407 2184 sermonem

59 2192 108 2229 de
132 2204 172 2229 re
196 2193 366 2238 publica3
399 2206 510 2238 quem
534 2196 578 2229 ut
600 2193 776 2228 instituat
799 2194 997 2230 Africanus
1024 2206 1199 2240 suamque
1227 2196 1272 2230 de
1299 2207 1342 2230 ea
1366 2205 1405 2229 re

59 2241 283 2276 sententiam
315 2242 494 2286 exponat,
527 2241 659 2276 ceteris
686 2241 981 2277 adsentientibus
1006 2242 1072 2278 ille
1097 2242 1284 2288 impetrat.
1334 2241 1405 2276 Hic

57 2286 176 2335 {gitur
199 2290 294 2334 (cap.
322 2293 380 2332 24)
407 2289 560 2324 tandem
585 2288 778 2324 exordiens
804 2289 965 2334 primum
991 2289 1122 2325 definit
1139 2289 1332 2324 notionem
1351 2288 1402 2323 rei
