1685 2568
438 95 527 130 LIB.
553 95 598 131 Π.
626 95 726 130 ΟΑΡ.
755 100 903 132 19-21,
929 100 949 137 ἓ
973 100 1124 132 47-53.
1359 99 1445 139 425

114 192 168 234 ad
198 194 326 247 caput
355 191 526 246 referat,
557 206 633 246 per
663 205 709 233 se
739 191 830 246 ipse
854 191 982 233 facile
1006 191 1249 246 perspiciat.
1285 192 1445 247 Veluti,

113 251 151 293 si
176 251 316 292 minus
342 251 436 305 quis
462 250 657 306 cepisset,
680 264 735 291 ne
760 250 892 292 sacris
919 249 1184 305 alligaretur,
1210 253 1252 292 et
1275 254 1375 305 post
1395 252 1445 293 dc

114 309 203 351 eius
229 309 455 351 heredibus
481 309 637 364 aliquis
663 309 875 364 exegisset
899 323 977 363 pro
1004 323 1081 350 sua
1105 311 1227 364 parte
1252 309 1306 362 id,
1334 310 1446 363 quod

115 368 170 410 ab
185 383 246 422 eo,
266 368 366 423 quoi
379 368 470 423 ipse
483 368 606 409 heres
621 370 744 421 esset,
763 367 1114 422 praetermissum
1126 367 1292 421 fuisset,
1311 381 1446 422 eaque

78 442 95 468 ⁵
113 427 293 482 pecunia
331 441 418 469 non
458 427 598 468 minor
637 429 750 468 esset
786 426 902 467 facta
938 441 1034 467 cum
1071 426 1289 480 superiore
1330 441 1446 469 exac-

113 485 242 540 tione,
273 500 401 540 quam
432 485 660 527 heredibus
692 485 890 526 omnibus
922 487 1036 526 esset
1059 485 1221 539 relicta,
1254 485 1326 539 qui
1352 499 1447 526 eam

113 544 337 599 pecuniam
368 544 592 599 exegisset,
623 544 761 585 solum
793 543 884 585 sine
914 543 1192 585 coheredibus
1225 544 1357 585 sacris
1390 544 1448 586 al·

113 602 252 658 ligari.
314 601 422 651 Quin
457 603 588 644 etiam
619 605 787 656 cavent,
824 604 890 656 ut,
928 602 996 644 cui
1025 602 1123 657 plus
1154 602 1347 658 legatum
1379 602 1448 657 sit,

114 676 243 716 quam
269 661 360 702 sine
385 661 590 717 religione
617 675 766 716 capere
793 661 930 714 liceat,
961 661 998 702 is
1024 675 1100 715 per
1126 675 1197 702 aes
1224 664 1268 702 et
1292 661 1448 703 libram

63 736 94 761 ιο
113 719 289 762 heredes
320 720 570 761 testamenti
601 720 755 774 solvat,
785 722 1015 774 propterea
1045 719 1159 774 quod
1185 734 1233 761 eo
1260 720 1354 762 loco
1379 734 1447 762 res

115 781 181 820 est
210 779 274 820 ita
305 778 448 820 soluta
477 778 727 832 hereditate,
760 778 883 832 quasi
914 792 964 819 ea
987 778 1168 833 pecunia
1192 779 1339 834 legata
1362 793 1449 820 non

114 840 238 879 esset.

201 895 296 938 Hoc
321 910 401 952 ego
426 896 520 938 loco
546 896 779 951 multisque
805 896 901 938 aliis
928 911 1086 951 quaero
1113 911 1138 938 a
1161 896 1297 950 vobis,
1329 895 1449 938 Scae·
1463 879 1519 962 ἓξ

113 956 255 1010 volae,
292 955 516 1010 pontifices
554 955 730 996 maximi
761 957 804 996 et
834 955 1029 997 homines
1060 970 1155 997 meo
1188 956 1359 1010 quidem
1388 956 1449 997 iu-

63 1029 96 1055 15
117 1014 226 1056 dicio
258 1014 507 1068 acutissimi,
539 1014 640 1069 quid
672 1014 740 1067 sit,
773 1014 886 1068 quod
918 1014 971 1055 ad
1000 1014 1066 1055 ius
1098 1014 1365 1068 pontificium
1396 1015 1450 1057 ci-

113 1074 196 1115 vile
235 1073 468 1128 appetatis,
505 1073 643 1115 civilis
681 1073 794 1114 enim
830 1072 934 1114 iuris
973 1073 1152 1114 scientia
1182 1073 1449 1128 pontificium

115 1131 299 1187 quodam
331 1132 457 1173 modo
488 1132 659 1173 tollitis.
712 1130 827 1173 Nam
859 1146 980 1173 sacra
1011 1146 1107 1173 cum
1137 1132 1317 1186 pecunia
1347 1146 1450 1187 pon-

112 1191 276 1233 tificum
307 1190 575 1244 auctoritate,
605 1190 728 1232 nulla
757 1191 852 1246 lege
885 1190 1112 1232 coniuncta
1143 1193 1254 1232 sunt.
1296 1189 1450 1245 Itaque

115 1250 152 1291 si
182 1264 259 1291 vos
285 1251 456 1291 tantum
481 1249 607 1291 modo
632 1249 855 1304 pontifices
882 1249 1045 1303 essetis,
1076 1249 1338 1304 pontificalis
1364 1264 1451 1291 ma-

63 1323 96 1349 20
114 1310 236 1350 neret
278 1309 532 1363 auctoritas,
576 1309 650 1350 sed
693 1308 803 1363 quod
847 1308 977 1349 iidem
1018 1308 1124 1349 iuris
1168 1308 1306 1350 civilis
1345 1308 1450 1350 estis

114 1367 376 1423 peritissimi,
400 1367 482 1409 hac
508 1367 686 1409 scientia
709 1367 832 1408 illam
853 1366 1036 1408 eluditis.
1075 1366 1245 1408 Placuit
1263 1367 1310 1409 P.
1331 1365 1452 1409 Scae-

114 1427 237 1468 volae
263 1429 306 1467 et
332 1425 394 1467 Ti.
415 1425 693 1480 Coruncanio,
725 1426 999 1481 pontificibus
1025 1426 1236 1480 maximis,
1262 1426 1451 1481 itemque

115 1485 266 1527 ceteris
298 1499 388 1539 eos,
425 1485 498 1539 qui
528 1485 780 1526 tantundem
813 1487 1031 1540 caperent,
1063 1488 1272 1539 quantum
1303 1499 1450 1527 omnes

115 1543 305 1598 heredes,
337 1544 471 1585 sacris
503 1544 686 1600 alligari.
746 1543 896 1585 Habeo
928 1544 995 1585 ius
1025 1544 1311 1599 pontificium3
1350 1544 1450 1598 quid

63 1615 97 1641 25
115 1603 199 1645 huc
231 1603 408 1644 accessit
433 1617 484 1643 ex
508 1603 599 1644 iure
625 1602 770 1644 civili?
810 1602 1064 1644 Partitiom's
1090 1606 1219 1658 caput
1245 1603 1452 1658 scriptum

116 1664 250 1715 caute,
280 1663 330 1702 ut
355 1664 526 1703 centum
549 1662 715 1703 nummi
740 1661 1062 1716 deducerentur3
1093 1662 1271 1704 inventa
1297 1665 1363 1703 est
1387 1677 1452 1703 ra·

115 1721 190 1775 tio,
215 1735 289 1762 cur
313 1720 494 1775 pecunia
519 1734 739 1762 sacrorum
764 1721 965 1762 molestia
990 1721 1258 1762 liberaretur.
1291 1720 1452 1769 Quodsi

116 1779 213 1834 hoc,
258 1779 331 1834 qui
367 1781 675 1821 testamentum
706 1779 910 1832 faciebat,
942 1794 1091 1821 cavere
1127 1780 1350 1834 noluisset,
1382 1780 1452 1821 ad-

116 1840 263 1880 monet
299 1838 405 1879 iuris
439 1838 660 1879 consultus
697 1838 767 1880 hic
805 1838 975 1893 quidem
1012 1838 1104 1893 ipse
1135 1837 1319 1893 Mucius,
1349 1853 1453 1893 pon-

64 1910 98 1935 30
117 1897 223 1938 tifex
252 1896 377 1950 idem,
408 1899 457 1938 ut
489 1897 629 1938 minus
662 1897 816 1952 capiat,
847 1883 976 1952 quatu
1002 1897 1198 1939 omnibus
1224 1897 1452 1939 heredibus

8 1962 11 1965 ’
116 1956 406 2010 relinquatur3
459 1970 586 2011 super
640 1955 837 1997 dicebant
886 1956 1085 2011 quicquid
1129 1956 1329 2011 cepisset,
1381 1956 1452 1998 ad-

117 2014 291 2070 stringi3
315 2029 463 2056 rursus
483 2014 615 2056 sacris
635 2014 885 2056 liberantur.
915 2014 1009 2057 Hoc
1028 2029 1128 2057 vero
1148 2015 1257 2057 nihil
1279 2015 1332 2057 ad
1350 2030 1453 2070 pon-

116 2073 296 2115 tificium
331 2073 398 2114 ius
430 2076 473 2114 et
504 2088 526 2115 e
557 2073 698 2115 medio
730 2076 795 2115 est
825 2074 916 2115 iure
949 2074 1081 2128 civili,
1118 2076 1167 2115 ut
1198 2088 1274 2129 per
1306 2088 1376 2115 aes
1409 2076 1453 2115 et

116 2132 274 2174 libram
303 2131 504 2174 heredem
533 2132 785 2174 testamenti
817 2133 989 2174 solvant
1021 2135 1064 2174 et
1089 2133 1238 2175 eodem
1264 2133 1357 2174 loco
1383 2147 1452 2174 res

65 2203 98 2229 35
119 2190 187 2245 sit,
219 2191 341 2245 quasi
371 2205 421 2232 ea
451 2191 631 2246 pecunia
661 2191 808 2246 legata
834 2205 922 2233 non
946 2194 1071 2246 esset,
1103 2192 1140 2233 si
1164 2192 1214 2246 is,
1246 2191 1313 2233 cui
1338 2191 1453 2246 lega-

116 2252 210 2291 tum
236 2252 313 2303 est,
344 2249 577 2304 stipulatus
603 2252 668 2291 est
692 2250 737 2290 id
760 2250 914 2305 ipsum,
946 2251 1059 2305 quod
1084 2251 1276 2306 legatum
1302 2252 1379 2304 est,
1404 2251 1453 2291 ut

118 2323 169 2350 ea
192 2307 372 2364 pecunia
397 2322 447 2349 ex
473 2308 752 2363 stipulatione
779 2309 995 2364 debeatur,
1021 2309 1161 2364 sitque
1187 2323 1236 2350 ea
1260 2323 1347 2350 non
1364 2341 1373 2350 .
1391 2341 1399 2349 .
1418 2340 1451 2350 ..
