1685 2568
238 85 322 127 178
717 84 780 118 DE
806 83 1126 119 DIVINATIONE

237 181 468 237 quaeritur.
523 180 596 235 Ut,
630 180 666 222 si
698 183 943 235 magnetem
975 180 1163 235 lapidem
1195 195 1287 222 esse
1319 180 1467 236 dicam,
1504 181 1577 236 qui

236 241 399 283 ferrum
440 240 493 281 ad
531 254 575 281 se
614 239 789 280 adliciat
827 242 869 280 et
901 239 1114 304 attrahat,
1155 239 1385 294 rationem,
1428 255 1501 282 cur
1532 240 1577 281 id

237 300 325 353 fiat,
358 298 524 340 adferre
555 312 777 351 nequeam,
807 297 900 338 fieri
927 298 1100 339 omnino
1125 311 1268 352 neges.
1319 297 1440 364 Quod
1464 299 1577 339 idem

236 358 342 400 facis
379 357 426 398 in
463 356 743 409 divinatione,
783 370 911 410 quam
949 358 991 397 et
1029 356 1240 397 cernimus
1271 357 1355 411 ipsi
1388 359 1430 398 et
1463 357 1577 398 audi-

238 431 332 458 mus
366 418 408 456 et
439 415 621 469 legimus
654 416 696 455 et
729 429 753 455 a
778 414 973 468 patribus
1001 415 1251 470 accepimus.
1301 413 1451 469 Neque
1476 418 1576 456 ante
1613 428 1630 453 5
1673 397 1676 454 1

237 473 559 530 philosophiam
587 472 861 538 patefactam,
894 487 1001 527 quae
1027 488 1163 528 nuper
1188 473 1363 514 inventa
1389 476 1466 528 est,
1496 474 1577 515 hac
1674 482 1675 487 ’

239 534 289 575 de
320 547 365 574 re
397 531 634 574 communis
667 532 759 572 vita
791 531 1016 586 dubitavit,
1048 535 1102 585 et,
1134 534 1416 587 posteaquam
1441 532 1578 586 philo-

240 591 391 646 sophia
429 591 656 645 processit,
696 604 822 631 nemo
860 590 985 631 aliter
1022 591 1306 646 philosophus
1346 592 1497 645 sensit,
1533 591 1579 632 in

167 660 210 692 87
240 665 322 705 quo
364 649 490 691 modo
533 650 645 690 esset
686 648 933 690 auctoritas.
994 648 1095 690 Dixi
1133 649 1182 690 de
1219 649 1486 705 Pythagora,
1528 649 1577 690 de
1672 685 1675 689 ,

237 708 497 762 Democrito,
530 707 580 748 de
607 705 793 761 Socrate,
826 707 970 762 excepi
1003 707 1052 748 de
1086 708 1273 762 antiquis
1300 710 1470 763 praeter
1498 707 1578 749 Xe-
1599 721 1632 745 10
1673 706 1675 710 ’

237 768 481 822 nophanem
513 765 738 820 neminem,
772 765 944 807 adiunxi
970 768 1158 807 veterem
1184 766 1473 821 Academiam,
1503 766 1579 808 Pe-

237 826 500 882 ripateticos,
521 823 706 878 Stoicos3
731 839 840 866 unus
862 824 1062 865 dissentit
1080 824 1304 879 Epicurus.
1348 824 1458 873 Quid
1477 840 1578 867 vero

237 886 319 927 hoc
356 884 542 938 turpius,
582 898 710 937 quam
749 883 862 938 quod
900 883 1013 924 idem
1043 884 1209 924 nullam
1241 886 1385 925 censet
1418 884 1579 939 gratui-

240 947 330 986 tam
362 957 454 985 esse
486 942 722 983 virtutem?
1672 985 1673 988 Ἴ

168 1005 225 1046 40
329 1001 431 1051 Quis
464 1003 530 1043 est
556 1003 710 1054 autem,
744 1015 869 1055 quem
894 1015 981 1042 11011
1006 1003 1178 1042 moveat
1204 1001 1466 1042 clarissumis
1493 1016 1579 1043 mo-
1600 1014 1632 1039 15
1671 1018 1673 1052 1

238 1061 455 1103 numentis
493 1062 656 1101 testata
687 1059 1025 1114 consignataque
1059 1060 1323 1114 antiquitas?
1374 1058 1582 1101 Calchan·
1671 1057 1673 1065 ¹

238 1123 327 1162 tem
365 1133 572 1174 augurem
605 1118 754 1160 scribit
785 1117 998 1159 Homerus
1031 1118 1160 1174 longe
1193 1121 1436 1173 optumum,
1469 1134 1581 1160 eum-

241 1194 320 1234 que
348 1179 497 1219 ducem
523 1177 724 1218 classium
748 1177 881 1218 fuisse
908 1177 961 1218 ad
980 1176 1119 1231 Ilium,
1147 1177 1434 1232 auspiciorum
1455 1178 1578 1219 credo

169 1247 213 1278 88
242 1237 433 1291 scientia,
464 1251 551 1277 non
581 1237 784 1278 locorum.
834 1235 1147 1290 Amphilochus
1180 1238 1222 1276 et
1253 1235 1429 1301 Mopsus
1456 1236 1580 1291 Argi-

239 1311 391 1339 vorum
429 1309 552 1350 reges
584 1294 775 1347 fuerunt,
813 1294 887 1335 sed
917 1294 1045 1335 iidem
1078 1309 1278 1350 augures,
1316 1295 1429 1348 iique
1461 1295 1578 1336 urbis
1600 1308 1634 1333 20
1676 1289 1677 1293 ¹

239 1356 285 1397 in
323 1369 399 1396 ora
431 1354 664 1395 marituma
696 1328 868 1394 Ciliciae
902 1352 1086 1394 Graecas
1118 1353 1414 1407 condiderunt,
1452 1356 1579 1407 atque

241 1414 372 1456 etiam
411 1415 510 1453 ante
547 1412 627 1453 hos
660 1411 949 1466 Amphiaraus
982 1414 1024 1453 et
1056 1411 1242 1453 Tiresias
1278 1426 1366 1453 non
1395 1412 1579 1453 humiles

241 1475 284 1514 et
315 1471 486 1514 obscuri
517 1485 653 1525 neque
686 1485 832 1511 eorum
864 1470 1038 1523 similes,
1070 1473 1119 1511 ut
1150 1471 1262 1526 apud
1287 1471 1475 1512 Ennium
1502 1474 1579 1525 est,

300 1529 397 1579 Qui
427 1530 505 1571 sui
538 1531 784 1584 quaestus
816 1531 970 1570 causa
1000 1529 1156 1570 fictas
1189 1530 1446 1571 suscitant
1472 1544 1580 1571 sen-

1251 1588 1461 1641 tentias,

241 1649 315 1690 sed
347 1647 452 1690 clari
485 1650 527 1688 et
558 1648 828 1702 praestantes
860 1647 952 1701 viri,
985 1647 1057 1701 qui
1089 1647 1238 1688 avibus
1272 1649 1315 1688 et
1347 1647 1481 1702 signis
1509 1647 1577 1688 ad·
1597 1660 1631 1685 ‘25
1676 1673 1679 1680 >

241 1707 395 1748 moniti
426 1706 573 1747 futura
605 1706 820 1760 dicebant,
852 1720 1033 1759 quorum
1066 1706 1115 1747 de
1148 1706 1282 1747 altero
1310 1706 1440 1746 etiam
1467 1706 1580 1761 apud

241 1765 401 1807 inferos
433 1764 648 1806 Homerus
687 1764 746 1805 ait
785 1763 968 1805 ‘solum
1007 1779 1203 1819 sapere,
1241 1766 1441 1806 ceteros
1480 1780 1579 1805 um-

241 1825 446 1865 brarum
477 1823 657 1878 vagari
689 1822 873 1877 modo'3
905 1822 1218 1878 Amphiaraum
1251 1825 1392 1864 autem
1420 1823 1481 1864 sic
1506 1823 1579 1864 ho-

240 1883 413 1924 noravit
437 1882 554 1923 fama
575 1881 790 1935 Graeciae,
823 1882 924 1922 deus
950 1884 998 1923 ut
1024 1882 1264 1935 haberetur,
1296 1884 1424 1935 atque
1450 1884 1499 1923 ut
1525 1882 1578 1923 ab

171 1951 215 1982 89
243 1942 331 1983 eius
359 1942 465 1995 solo,
489 1941 534 1981 in
561 1955 643 1994 quo
665 1943 730 1981 est
748 1940 963 1994 humatus,
989 1941 1133 1981 oracla
1151 1942 1406 1995 peterentur.
1440 1939 1578 1989 Quid?
1598 1952 1632 1978 30
1676 1934 1679 1977 'i

243 2000 372 2041 Asiae
409 2014 483 2040 rex
513 1999 711 2040 Priamus
748 2013 886 2040 nonne
920 2001 961 2040 et
992 1998 1204 2040 Helenum
1235 1998 1373 2040 filium
1406 2001 1448 2040 et
1481 1998 1579 2040 Cas·
1678 1995 1679 1998 ¹

243 2059 445 2101 sandram
475 2058 611 2099 filiam
644 2058 883 2098 divinantes
916 2057 1121 2111 habebat,
1159 2058 1342 2098 alterum
1375 2058 1578 2113 auguriis,

243 2118 425 2159 alteram
456 2117 612 2158 mentis
639 2116 889 2158 incitatione
917 2118 958 2157 et
983 2116 1249 2171 permotione
1275 2116 1447 2157 divina?
1486 2115 1577 2165 Quo

242 2177 287 2217 in
319 2190 472 2232 genere
499 2175 682 2216 Marcios
716 2175 923 2229 quosdam
954 2174 1124 2229 fratres,
1154 2174 1291 2216 nobili
1319 2175 1414 2216 loco
1439 2177 1577 2227 natos,
1661 2215 1663 2224 Α

245 2235 357 2290 apud
384 2234 567 2276 maiores
597 2235 769 2275 nostros
801 2233 933 2274 fuisse
960 2233 1166 2288 scriptum
1191 2233 1396 2275 videmus.
1441 2232 1577 2282 Quid?
1596 2243 1629 2270 35

243 2293 471 2342 Polyidum
492 2291 763 2334 Corinthium
790 2307 930 2334 nonne
950 2291 1162 2334 Homerus
1190 2294 1232 2333 et
1256 2292 1351 2333 aliis
1372 2292 1509 2333 multa
1535 2294 1577 2332 et
1660 2294 1662 2297 ’
