1685 2568
213 702 214 705 Ἰ
221 684 233 700 Γ

198 631 247 671 17

196 683 238 713 4ο

198 1430 240 1461 46

200 1961 241 1992 47

204 2248 254 2289 18

264 90 320 131 62
674 88 738 122 DE
764 88 963 123 NATURA
988 88 1193 123 DEORUM

263 188 534 240 moveantur3
567 200 674 240 quae
707 184 819 226 enim
850 187 994 239 potest
1020 184 1158 226 maior
1183 186 1303 227 esse?
1341 185 1496 227 Restat
1520 185 1599 241 igi-

263 254 350 295 tur,
393 247 442 286 ut
486 247 627 286 motus
672 246 887 285 astrorum
931 243 987 284 sit
1027 244 1309 285 voluntarius.
1371 243 1486 293 Quae
1526 245 1599 298 qui

267 304 418 357 videat,
448 318 535 344 non
565 303 735 343 indocte
768 302 918 355 solum,
950 317 1097 343 verum
1131 302 1260 343 etiam
1291 302 1422 358 impie
1452 303 1598 357 faciat,

265 363 301 403 si
334 363 433 403 deos
467 376 558 402 esse
590 363 730 416 neget.
778 360 869 402 Nec
894 375 995 402 sane
1022 361 1206 402 multum
1230 361 1422 415 interest,
1453 364 1598 402 utrum

263 421 308 462 id
337 423 467 476 neget
499 435 554 461 an
585 434 657 461 eos
690 419 806 461 omni
837 420 1135 473 procuratione
1169 422 1296 474 atque
1323 421 1490 461 actione
1515 420 1599 475 pri·
1635 433 1651 459 ⁵

264 482 353 533 vet,
392 479 498 520 mihi
531 479 661 532 enim,
701 478 773 532 qui
803 477 912 519 nihil
945 479 1054 534 agit,
1095 493 1187 520 esse
1220 478 1392 520 omnino
1423 494 1511 520 non
1541 479 1600 521 vi-

266 540 399 579 detur.
461 537 568 579 Esse
608 537 743 593 igitur
784 536 883 578 deos
920 537 983 578 ita
1022 537 1295 592 perspicuum
1328 539 1411 592 est,
1451 540 1517 592 ut,
1557 537 1600 578 id

266 597 338 652 qui
368 599 509 652 neget,
540 596 611 638 vix
643 611 739 637 eum
772 610 900 636 sanae
930 596 1086 637 mentis
1119 596 1371 637 existimem.

353 655 518 707 Restat,
549 658 608 709 ut,
642 654 781 709 qualis
809 669 956 695 eorum
983 657 1139 696 natura
1165 655 1234 710 sit,
1266 654 1601 709 consideremus,

265 716 310 755 in
347 730 430 769 quo
462 714 572 755 nihil
605 717 670 755 est
703 713 918 754 difficilius
952 728 1080 768 quam
1113 729 1137 754 a
1169 714 1472 755 consuetudine
1507 729 1601 756 ocu-
1622 727 1654 752 10

265 775 406 815 lorum
442 774 575 815 aciem
608 772 763 813 mentis
797 772 1015 813 abducere.
1077 772 1141 814 Ea
1172 773 1402 814 difficultas
1435 773 1603 814 induxit

266 836 309 874 et
340 833 471 887 vulgo
503 832 711 886 inperitos
739 834 782 872 et
808 831 968 872 similes
995 830 1277 886 philosophos
1304 832 1602 887 inperitorum,

270 895 314 933 ut
350 892 435 933 nisi
471 891 622 946 figuris
660 890 884 932 hominum
923 890 1170 931 constitutis
1202 890 1311 931 nihil
1342 893 1520 945 possent
1552 891 1602 931 de

267 951 331 992 dis
362 950 667 991 inmortalibus
699 949 907 1005 cogitare3
940 949 1058 990 cuius
1085 948 1297 1003 opinionis
1325 949 1480 990 levitas
1507 964 1603 991 con-

265 1010 409 1051 futata
447 1024 472 1050 a
503 1007 632 1050 Cotta
668 1023 756 1050 non
793 1008 1006 1049 desiderat
1039 1007 1277 1049 orationem
1308 1022 1458 1049 meam.
1522 1006 1603 1049 Sed
1623 1019 1654 1045 15

267 1084 363 1110 cum
404 1068 537 1109 talem
578 1082 670 1109 esse
712 1067 836 1108 deum
877 1069 994 1108 certa
1029 1067 1204 1108 notione
1243 1066 1375 1108 animi
1406 1081 1602 1122 praesen-

266 1128 443 1182 tiamus,
486 1126 673 1182 primum
713 1128 762 1167 ut
799 1126 856 1167 sit
894 1126 1106 1180 animans,
1152 1125 1300 1167 deinde
1332 1128 1380 1167 ut
1410 1126 1456 1167 in
1487 1126 1604 1168 omni

266 1190 422 1228 natura
455 1185 564 1227 nihil
597 1200 645 1227 eo
679 1185 736 1226 sit
767 1185 1076 1240 praestantius,
1115 1184 1168 1226 ad
1199 1184 1309 1226 hanc
1339 1185 1604 1239 praesensio-

265 1260 364 1287 nem
403 1245 707 1299 notionemque
747 1246 943 1285 nostram
982 1244 1090 1285 nihil
1127 1243 1250 1285 video
1309 1244 1422 1298 quod
1458 1244 1602 1298 potius

267 1304 596 1358 accommodem,
629 1318 757 1358 quam
788 1306 836 1344 ut
867 1303 1054 1357 primum
1080 1303 1192 1344 hunc
1218 1302 1360 1357 ipsum
1386 1303 1602 1357 mundum,
1623 1313 1655 1338 20

268 1379 351 1418 quo
383 1363 492 1404 nihil
525 1361 801 1404 excellentius
832 1362 925 1403 fieri
956 1364 1112 1416 potest,
1145 1361 1408 1402 animantem
1440 1376 1532 1403 esse
1562 1365 1604 1403 et

269 1423 394 1464 deum
443 1421 635 1463 iudicem.
708 1420 791 1462 Hic
842 1435 969 1475 quam
1012 1421 1130 1462 volet
1171 1419 1384 1475 Epicurus
1427 1420 1604 1475 iocetur,

267 1482 396 1523 homo
438 1495 524 1522 non
563 1480 813 1535 aptissimus
852 1480 905 1521 ad
941 1479 1169 1521 iocandum
1206 1479 1464 1534 minimeque
1501 1479 1603 1521 resi-

267 1541 388 1596 piens
418 1539 618 1595 patriam,
651 1541 694 1580 et
725 1539 839 1580 dicat
869 1553 914 1580 se
945 1553 1031 1580 non
1055 1552 1182 1593 posse
1207 1538 1472 1594 intellegere,
1504 1553 1604 1593 qua-

267 1600 321 1641 lis
355 1599 412 1640 sit
442 1598 646 1640 volubilis
673 1600 715 1639 et
740 1598 948 1639 rotundus
978 1597 1093 1651 deus,
1118 1599 1263 1638 tamen
1290 1611 1339 1638 ex
1365 1597 1458 1652 hoc,
1491 1598 1603 1652 quod
1623 1606 1655 1632 2⁵

268 1659 399 1700 etiam
441 1657 534 1712 ipse
576 1657 750 1712 probat,
793 1671 1028 1711 numquam
1071 1671 1138 1698 me
1182 1656 1383 1698 movebit.
1456 1655 1604 1698 Placet

269 1718 381 1759 enim
413 1717 479 1758 illi
511 1731 603 1758 esse
636 1716 748 1770 deos,
781 1716 881 1770 quia
910 1729 1082 1757 necesse
1109 1715 1166 1757 sit
1191 1717 1485 1770 praestantem
1511 1729 1603 1756 esse

269 1776 458 1830 aliquam
489 1778 702 1829 naturam,
735 1789 819 1829 qua
842 1775 951 1816 nihil
978 1774 1035 1815 sit
1060 1774 1224 1815 melius.
1273 1773 1432 1815 Mundo
1459 1776 1604 1816 autem
1683 1826 1684 1831 ¹

269 1838 383 1877 certe
413 1834 523 1876 nihil
556 1837 621 1876 est
653 1833 817 1875 melius.
879 1832 968 1875 Nec
1001 1833 1193 1887 dubium,
1227 1832 1340 1887 quin,
1372 1833 1485 1887 quod
1517 1833 1603 1875 ani·
1683 1862 1685 1883 i

268 1908 390 1935 mans
429 1894 486 1934 sit
522 1893 764 1947 habeatque
803 1907 975 1934 sensum
1013 1895 1056 1934 et
1086 1891 1298 1933 rationem
1330 1893 1372 1933 et
1404 1894 1602 1946 mentem,
1622 1900 1654 1928 30
1683 1884 1685 1944 Ι

268 1953 311 1994 id
344 1952 401 1993 sit
432 1952 584 1994 melius
618 1967 747 2006 quam
778 1951 832 2005 id,
865 1951 978 2006 quod
1007 1951 1075 1992 his
1108 1953 1261 1992 careat.
1319 1949 1388 1991 Ita
1421 1950 1603 1993 efficitur
1684 1954 1685 1969 ¹

269 2011 550 2066 animantem,
595 2025 760 2064 sensus,
810 2010 982 2063 mentis,
1031 2009 1211 2051 rationis
1261 2009 1467 2051 mundum
1511 2025 1603 2052 esse

269 2072 529 2125 compotem3
572 2085 655 2124 qua
694 2069 861 2110 ratione
903 2069 1027 2110 deum
1066 2082 1157 2109 esse
1195 2068 1399 2109 mundum
1437 2069 1603 2110 conclu-

270 2129 395 2170 ditur.
457 2126 539 2169 Sed
576 2128 681 2170 haec
718 2128 847 2183 paulo
878 2130 978 2182 post
1008 2127 1178 2168 facilius
1211 2130 1522 2182 cognoscentur
1553 2142 1603 2169 ex
1684 2173 1685 2178 ¹

268 2188 321 2229 iis
353 2187 480 2229 rebus
512 2187 631 2242 ipsis,
663 2201 768 2240 quas
801 2186 982 2227 mundus
1016 2185 1157 2227 efficit.
1622 2194 1653 2222 35
1683 2188 1685 2218 ἵ

356 2245 544 2300 Interea,
588 2245 746 2300 Vellei,
789 2245 895 2299 noli,
941 2259 1116 2299 quaeso,
1160 2259 1262 2299 prae
1299 2247 1342 2286 te
1377 2244 1489 2286 ferre
1526 2259 1603 2287 vos

268 2305 397 2360 plane
446 2306 641 2360 expertes
686 2319 777 2346 esse
822 2303 1050 2345 doctrinae.
1122 2302 1286 2345 Conum
1329 2303 1412 2344 tibi
1455 2304 1517 2345 ais
1561 2305 1604 2345 et
