1685 2568
472 105 560 143 LIB.
586 107 613 143 Ι.
647 106 746 141 ΟΑΡ.
775 112 806 151 1,
833 111 865 143 2.
897 111 917 149 ξ,
945 112 1045 142 1-4.
1343 108 1426 149 145

88 206 217 259 atque
250 203 421 246 doctam
451 217 588 258 neque
619 205 710 244 tam
741 202 957 244 inmanem
983 204 1157 256 tamque
1182 202 1426 257 barbaram,

88 277 196 318 quae
232 277 320 304 non
359 261 594 318 significari
630 260 777 303 futura
809 263 852 302 et
883 276 909 303 a
940 260 1197 315 quibusdam
1228 261 1425 317 intellegi

86 321 357 377 praedicique
398 334 524 376 posse
565 322 746 362 censeat.
807 319 1023 374 Principio
1055 318 1244 373 Assyrii,
1284 321 1333 360 ut
1370 320 1424 360 ab

86 380 264 421 ultumis
299 379 599 421 auctoritatem
630 381 835 433 repetam,
867 380 1046 434 propter
1076 378 1305 433 planitiam
1337 393 1424 419 ma-

51 451 68 476 ⁵
88 438 440 504 gnitudinemque
464 437 702 493 regionum,
729 451 834 492 quas
854 437 1113 491 incolebant,
1139 451 1235 478 cum
1257 436 1424 478 caelum

88 512 137 539 ex
170 497 286 539 omni
316 498 438 552 parte
469 498 623 551 patens
651 498 778 550 atque
805 498 1001 551 apertum
1026 495 1308 550 intuerentur
1338 498 1424 537 tra-

86 556 289 598 iectiones
321 557 547 608 motusque
580 555 806 596 stellarum
838 554 1230 609 observitaverunt,
1269 554 1423 608 quibus

86 615 260 669 notatis,
296 614 396 668 quid
428 614 577 667 cuique
611 613 937 669 significaretur,
969 612 1200 655 memoriae
1231 612 1424 668 prodide-

85 675 197 714 runt.
259 671 351 721 Qua
386 672 433 713 in
461 671 636 714 natione
669 671 875 714 Chaldaei
905 686 993 714 non
1023 686 1074 714 ex
1106 671 1230 725 artis,
1268 671 1343 713 sed
1375 686 1425 713 ex

33 745 66 770 10
86 732 228 787 gentis
267 730 475 772 vocabulo
507 731 719 772 nominati
751 731 953 773 diuturna
984 730 1286 773 observatione
1319 730 1425 771 side-

84 805 179 831 rum
218 789 440 832 scientiam
477 792 685 844 putantur
723 790 929 844 effecisse,
966 792 1015 831 ut
1045 789 1234 844 praedici
1264 791 1425 844 posset,

85 848 185 904 quid
212 849 362 903 cuique
388 851 641 890 eventurum
667 850 710 890 et
730 863 813 903 quo
835 848 1014 903 quisque
1033 848 1126 889 fato
1149 850 1278 890 natus
1300 850 1424 889 esset.

83 907 277 949 Eandem
316 909 453 949 artem
492 908 622 949 etiam
660 906 868 963 Aegyptii
905 907 1223 963 longinquitate
1261 909 1424 962 tempo-

84 982 179 1008 rum
205 966 590 1008 innumerabilibus
610 981 745 1021 paene
766 966 946 1008 saeculis
967 965 1185 1008 consecuti
1202 968 1423 1021 putantur.

32 1039 64 1064 15
85 1024 266 1068 Cilicum
316 1028 459 1067 autem
510 1027 554 1067 et
592 1024 838 1067 Pisidarum
882 1039 985 1080 gens
1030 1027 1073 1066 et
1115 1024 1184 1066 his
1226 1024 1425 1066 finituma

83 1084 351 1140 Pamphylia,
385 1084 539 1138 quibus
569 1084 818 1126 nationibus
850 1083 1113 1138 praefuimus
1144 1083 1240 1138 ipsi,
1272 1083 1425 1125 volati-

84 1144 164 1185 bus
198 1143 340 1184 avium
373 1142 655 1197 cantibusque
685 1146 732 1183 ut
761 1142 1013 1184 certissimis
1046 1141 1181 1197 signis
1215 1142 1424 1184 declarari

83 1216 150 1243 res
182 1202 350 1242 futuras
381 1203 548 1256 putant.
600 1199 737 1249 Quam
768 1215 869 1242 vero
903 1199 1083 1242 Graecia
1109 1200 1323 1242 coloniam
1348 1201 1424 1242 mi·
1450 1208 1471 1239 3

83 1260 141 1302 sit
171 1260 217 1301 in
241 1259 451 1313 Aeoliam,
481 1259 661 1314 Ioniam,
692 1259 856 1313 Asiam,
889 1257 1092 1313 Siciliam,
1124 1258 1300 1300 Italiam
1332 1259 1424 1301 sine

31 1331 65 1356 20
82 1318 240 1374 Pythio
285 1321 359 1359 aut
403 1318 635 1360 Dodonaeo
680 1320 756 1360 aut
797 1317 1052 1360 Hammonis
1098 1318 1301 1360 oraculo?
1349 1320 1424 1360 aut

83 1378 196 1433 quod
235 1377 396 1419 bellum
435 1380 682 1433 susceptum
719 1377 773 1419 ab
813 1392 863 1418 ea
900 1377 991 1418 sine
1029 1376 1207 1419 consilio
1247 1376 1424 1418 deorum

83 1437 176 1479 est?
237 1435 329 1479 Nec
368 1450 500 1477 unum
541 1450 674 1492 genus
716 1438 782 1478 est
819 1435 1095 1477 divinationis
1132 1435 1303 1491 publice
1339 1436 1424 1491 pri·
1449 1437 1477 1477 2

82 1496 303 1550 vatimque
335 1495 610 1537 celebratum.
672 1494 804 1549 Nam,
841 1497 891 1536 ut
923 1495 1123 1536 omittam
1154 1497 1320 1536 ceteros
1351 1510 1425 1550 po·

82 1555 222 1610 pulos,
246 1556 394 1596 noster
420 1569 548 1608 quam
573 1554 713 1596 multa
739 1568 898 1610 genera
922 1554 1153 1609 conplexus
1180 1554 1264 1595 est!
1303 1552 1426 1595 Prin-

31 1623 65 1650 25
83 1614 194 1669 cipio
220 1613 346 1655 huius
373 1613 491 1654 urbis
516 1627 672 1679 parens
692 1612 902 1654 Romulus
928 1627 1016 1654 non
1039 1612 1180 1655 solum
1200 1612 1423 1668 auspicato

82 1673 231 1714 urbem
258 1672 509 1727 condidisse,
535 1672 609 1714 sed
633 1672 726 1727 ipse
753 1672 884 1713 etiam
911 1674 1112 1726 optumus
1134 1685 1272 1727 augur
1289 1671 1423 1713 fuisse

82 1731 279 1773 traditur
339 1730 503 1772 Deinde
544 1730 778 1787 auguribus
819 1733 862 1772 et
901 1730 1057 1785 reliqui
1077 1744 1217 1796 reges
1255 1730 1340 1784 usi,
1381 1733 1424 1772 et

84 1790 243 1832 exactis
281 1790 456 1846 regibus
493 1789 603 1831 nihil
639 1790 809 1846 publice
842 1789 932 1831 sine
965 1789 1167 1844 auspiciis
1198 1803 1276 1831 nec
1308 1789 1425 1831 domi

82 1863 161 1890 nec
190 1848 371 1890 militiae
404 1849 645 1905 gerebatur.
701 1847 892 1903 Cumque
925 1863 1085 1904 magna
1114 1848 1180 1890 vis
1206 1847 1424 1890 videretur

32 1918 66 1944 ³0
88 1921 179 1949 esse
211 1910 254 1948 et
282 1907 562 1962 inpetriendis
594 1907 949 1962 consulendisque
980 1907 1109 1949 rebus
1142 1909 1185 1948 et
1213 1907 1422 1948 monstris

83 1966 415 2021 interpretandis
442 1982 490 2009 ac
515 1966 832 2021 procurandis
820 1981 867 2008 111
884 1966 1162 2021 haruspicum
1184 1966 1423 2021 disciplina,

85 2039 254 2066 omnem
284 2024 395 2067 hanc
427 2040 477 2067 ex
501 2025 681 2067 Etruria
713 2025 937 2067 scientiam
969 2025 1243 2079 adhibebant,
1273 2039 1327 2066 ne
1355 2039 1423 2091 ge-

42 2087 47 2093 '
83 2097 165 2124 nus
204 2085 317 2124 esset
353 2084 489 2126 ullum
527 2084 822 2139 divinationis,
861 2083 974 2139 quod
1003 2084 1251 2151 neglectum
1283 2083 1336 2125 ab
1368 2083 1422 2124 iis

83 2142 310 2184 videretur.
371 2141 429 2184 Et
467 2158 562 2184 cum
599 2143 764 2185 duobus
795 2143 934 2185 modis
967 2143 1100 2185 animi
1133 2144 1223 2184 sine
1255 2142 1422 2184 ratione
1448 2149 1472 2180 4

49 2211 66 2237 5
85 2203 129 2242 et
160 2201 340 2243 scientia
372 2204 492 2243 motu
515 2202 600 2257 ipsi
625 2216 701 2244 suo
729 2202 870 2244 soluto
899 2204 942 2243 et
966 2202 1102 2244 libero
1127 2202 1422 2254 incitarentur,

84 2274 168 2302 uno
208 2259 395 2314 furente,
439 2260 575 2302 altero
614 2261 875 2316 somniante,
917 2261 1076 2302 furoris
1115 2260 1423 2302 divinationem

85 2316 309 2373 Sibyllinis
348 2318 531 2360 maxime
567 2320 762 2361 versibus
801 2319 1012 2362 contineri
1043 2319 1244 2361 arbitrati
1276 2332 1423 2360 eorum

155 2393 227 2420 616.
246 2393 302 2420 xv.
321 2395 346 2421 2.
1095 2391 1137 2422 10
