1685 2568
489 94 767 130 ADNOTATIO
795 93 996 129 CRITICA.
1289 93 1404 129 XXX]

70 193 109 226 in
136 191 213 225 III
233 191 275 226 de
298 202 336 225 re
355 191 526 235 publiea.-
554 188 651 233 Quid
668 199 749 234 erqo
768 189 836 223 illa
859 188 932 223 sibi
953 188 1031 222 vult
1055 188 1215 222 absurda
1239 188 1406 231 exceptio,

69 239 146 275 nisi
173 239 207 273 si
236 239 318 282 quis
341 237 413 271 -ἓ
438 236 518 272 edd.
547 235 620 271 Cic.
647 256 691 260 —
715 234 755 270 P.
783 239 861 270 352.
892 238 932 269 17
958 234 1126 280 effingere
1150 233 1282 278 Bergk.
1311 234 1407 268 ‘Bei-

69 287 176 329 trilge
208 296 270 318 zur
304 284 367 319 lat.
395 283 531 319 Gram.'
565 294 600 327 p.
631 286 707 318 120.
734 301 777 307 -
810 280 926 315 Omisi
950 280 1057 325 frgm.
1085 285 1103 316 7
1129 280 1223 325 Aug.
1251 280 1320 315 civ.
1347 280 1408 315 dei

70 331 155 367 XIX
174 336 215 366 21
245 331 357 366 Nunc
381 335 432 366 est
457 331 554 365 locas
573 340 601 364 e.
627 340 660 373 q.
688 340 714 364 s.
742 349 786 354 —
811 327 849 364 P.
871 332 949 363 354.
978 332 1020 362 13
1045 332 1143 363 terra
1166 338 1202 363 se
1227 325 1407 369 Quicher.,

70 384 186 415 terras
211 378 311 423 vulg.
339 398 382 403 —
407 378 446 412 P.
468 381 546 411 354.
570 380 614 410 14
639 376 878 419 conficiendas
901 374 1002 419 vulg.
1029 385 1096 419 pro
1122 375 1257 419 concip.
1285 395 1328 400 -
1355 374 1407 410 lb.

71 427 207 462 aestiva
226 425 338 469 vulg„
358 425 538 470 †aftstala
557 422 688 464 Halm,
708 422 804 458 Bait.
820 443 864 448 —
883 421 924 458 P.
951 426 1029 457 354.
1054 426 1095 457 18
1110 433 1162 465 sq.
1183 423 1293 456 deser.
1315 421 1408 464 cod.,

71 473 189 517 vulg.;
221 483 256 508 v.
289 471 336 505 ad
360 483 395 516 p.
425 474 477 505 13.
508 474 559 505 14.
587 490 630 495 -
659 470 698 505 P.
726 473 805 504 355.
832 474 853 504 5
878 473 912 504 et
936 479 1005 504 om.
1031 468 1151 503 Halm.
1179 469 1218 502 et
1241 467 1338 504 Bait.
1365 487 1409 494 —-

70 520 110 556 P.
137 524 216 555 356.
244 523 264 554 9
295 520 370 563 ipse
401 528 471 552 om.
504 515 633 558 Quieh.
664 517 735 552 tao.
769 536 813 542 —
843 515 884 552 P.
916 520 995 551 356.
1031 519 1071 550 12
1105 516 1207 559 offert
1237 526 1317 559 scr„
1348 513 1409 549 vel

71 569 218 612 offerent
248 564 310 600 vel
340 566 506 609 offerrent
538 563 655 605 codd,
686 564 806 606 adfert
836 563 936 607 vulg.
969 583 1014 588 -
1044 562 1084 598 P.
1118 566 1196 598 356.
1231 566 1273 597 13
1307 563 1410 598 modo

73 626 142 650 om.
176 612 304 654 Quieh.
339 632 383 637 -
414 610 454 646 P.
488 614 567 646 357.
601 615 643 645 12
674 611 850 646 Benevol.
884 609 1002 654 vulg,
1033 621 1067 645 v,
1101 608 1149 643 ad
1178 621 1212 654 p.
1247 614 1278 645 6.
1306 614 1337 645 5.
1365 629 1409 634 —

71 661 111 697 P.
139 665 216 696 357.
246 663 289 693 14
313 662 408 693 vetat
431 657 633 699 Passerat3
665 658 759 692 inter
782 668 818 693 se
841 658 913 692 tao.
940 667 1010 691 om.
1038 655 1166 698 Quich.
1193 676 1238 681 —-
1263 656 1302 691 P.
1329 660 1409 691 357.

72 713 116 744 29
153 707 296 753 quidem
332 710 421 741 certe
456 704 579 740 Madv.
619 704 701 740 adv.
735 704 768 738 11
798 716 834 749 p.
867 707 934 738 245
971 714 1038 748 pro
1076 703 1309 746 abundiente,
1345 697 1411 737 alii

72 754 190 790 aliter.
213 774 257 779 ——
278 753 316 788 P.
338 756 417 788 358.
440 755 576 786 12—-15
596 751 649 786 Et
671 750 802 786 Graeci
821 772 864 776 —
883 751 1098 786 nominatim
1116 751 1248 785 diceret
1269 749 1410 794 primus

71 802 166 837 Bait.
205 799 412 845 Augustino
437 797 618 840 restituit,
646 797 814 832 Ciceroni
840 798 931 832 dant
961 797 1085 833 ceteri.
1112 817 1156 822 —
1187 798 1227 833 P.
1260 801 1338 832 358.
1365 801 1410 832 23

72 860 128 885 eos
153 848 307 894 (versus)
336 847 398 892 aqi
422 847 539 890 reete,
571 846 614 879 ut
645 845 793 890 opinor,
825 845 930 880 codd.
964 845 1002 879 et
1032 843 1144 889 vulg„
1175 845 1239 890 aqi
1270 843 1410 887 Cobet,

72 896 179 937 Bait„
215 894 396 940 eoeayitari
420 892 540 928 Halm.
574 913 618 918 -—-
648 892 687 928 P.
720 895 800 927 358.
833 896 876 926 25
911 892 1142 936 Scipionibus
1170 891 1318 925 Halmio
1350 902 1411 925 au-

74 944 174 978 ctore
207 941 302 977 Bait.
340 961 384 966 —-
421 940 460 976 P.
493 944 571 975 359.
607 944 650 974 10
687 943 720 974 et
749 940 835 974 ante
867 939 1033 974 Aeschin.
1066 938 1150 974 add.
1189 938 1300 983 vulg,
1340 949 1410 974 om.

72 989 262 1025 Dombart.
283 1008 327 1014 —
346 987 387 1023 P.
407 991 485 1023 359.
506 991 547 1021 21
578 986 826 1030 διαλεχθέντα
845 986 977 1028 Halm.,
1003 985 1099 1021 Bait.
1120 996 1195 1019 non
1216 985 1327 1029 bene,
1353 989 1412 1030 λη-

75 1038 230 1082 ροῦντα,
257 1035 515 1079 φλυαροῦντα,
542 1032 791 1078 ῥητορεύοντα
817 1033 984 1067 simileve
1010 1032 1099 1077 quid
1119 1032 1232 1067 fuisse
1252 1032 1402 1067 videtur

77 1106 118 1111 —
133 1085 172 1120 P.
188 1087 267 1118 359.
283 1087 327 1117 26
343 1083 380 1116 et
394 1085 471 1117 360.
487 1086 508 1115 5
534 1080 708 1125 αγεννέσι
727 1081 766 1114 et
784 1078 924 1124 ἀγεννῆ
946 1079 1088 1124 scripsi,
1108 1079 1207 1124 vulg.
1228 1090 1300 1113 uno
1320 1093 1352 1116 ν.
1368 1100 1411 1105 -—

74 1132 113 1167 P.
147 1134 226 1165 360.
262 1134 302 1163 12
334 1130 510 1163 derivata
540 1128 640 1172 vulg.
668 1148 711 1152 —-
747 1126 863 1161 Omisi
888 1126 995 1171 frgm.
1021 1126 1103 1162 Val.
1128 1126 1224 1162 MaX.
1250 1127 1283 1161 II
1311 1131 1340 1162 1.
1371 1131 1412 1161 10

77 1179 239 1213 Maiores
257 1179 349 1210 nata
367 1177 409 1210 in
428 1175 602 1210 conviviis
620 1195 663 1199 —
682 1175 877 1209 redderent.
900 1195 943 1199 —
963 1175 1002 1209 P.
1029 1178 1108 1208 361.
1123 1177 1167 1208 23
1188 1174 1414 1209 liniamenta

74 1224 217 1267 Domb.,
240 1225 379 1257 lincam.
400 1221 519 1266 vulg,
545 1232 579 1257 v,
601 1220 714 1256 Acad.
735 1221 803 1266 frg.
826 1226 857 1264 6,
883 1221 943 1257 fin.
970 1233 1006 1265 p.
1028 1224 1105 1255 179.
1133 1225 1188 1263 33,
1214 1220 1266 1254 ΠΙ
1292 1224 1347 1256 22.
1370 1226 1412 1256 75

76 1283 141 1315 ex„
167 1270 211 1306 N.
238 1269 281 1305 D.
307 1281 343 1314 p.
371 1273 425 1304 20.
455 1274 509 1312 12,
541 1271 598 1304 28.
625 1272 680 1311 24,
707 1273 762 1304 36.
789 1272 845 1311 30,
877 1272 933 1304 44.
960 1271 1015 1310 26,
1048 1266 1161 1303 divin.
1187 1278 1223 1311 p.
1253 1271 1330 1303 154.
1359 1273 1413 1310 14,

75 1324 153 1354 213.
180 1323 236 1361 27,
263 1321 341 1352 240.
368 1320 423 1352 22.
452 1337 495 1341 -
520 1315 558 1351 Ρ.
586 1320 664 1351 361.
692 1320 735 1350 35
762 1326 831 1350 om.
858 1314 927 1359 frg.
953 1313 1034 1350 Val.
1062 1314 1156 1349 Max,
1183 1314 1217 1348 ΙΙ
1243 1318 1274 1350 5.
1302 1319 1322 1349 2
1348 1315 1415 1350 Ius

75 1367 178 1401 civile
197 1386 240 1390 —
260 1365 435 1408 eoeposait.
462 1384 505 1389 —
531 1362 560 1396 P
598 1368 677 1398 362.
705 1366 748 1397 22
775 1363 966 1397 culturam
991 1361 1072 1397 cod.
1098 1361 1231 1405 (Halm.
1257 1373 1293 1406 p.
1320 1365 1414 1407 926),

76 1415 219 1448 cultura
244 1411 345 1455 vulg.
366 1431 410 1436 —-
429 1410 467 1446 P.
490 1414 569 1446 363.
591 1413 610 1444 8
631 1411 737 1445 discr.
758 1421 792 1445 v.
819 1409 867 1443 ad
891 1422 926 1454 p.
950 1413 1003 1444 13.
1032 1413 1086 1452 14,
1112 1409 1221 1444 deser.
1248 1408 1348 1454 vulg.
1370 1430 1414 1434 —

77 1461 115 1496 P.
148 1464 227 1495 363.
262 1462 303 1493 12
330 1461 427 1493 esset
456 1456 576 1492 Halm.
610 1457 690 1499 (sed
722 1468 755 1493 v.
787 1468 822 1502 p.
856 1459 950 1500 926),
982 1455 1077 1492 Bait.
1111 1476 1155 1481 -—
1186 1455 1225 1492 P.
1258 1460 1337 1492 363.
1374 1461 1415 1491 14

77 1509 125 1543 sit
148 1506 247 1549 Mai„
278 1506 311 1540 si
336 1504 426 1548 cod,
452 1504 584 1547 Halm,
610 1504 705 1540 Bait.
732 1525 776 1530 —
807 1503 845 1538 P.
874 1508 952 1538 364.
982 1507 1022 1537 18
1048 1504 1214 1538 molestis
1239 1523 1281 1528 -
1307 1504 1414 1546 fami-

77 1556 158 1590 lias
190 1553 308 1595 codd„
337 1553 518 1587 molestias
548 1572 591 1577 ——
622 1552 780 1595 familiis
811 1550 910 1595 vulg.
945 1551 1062 1591 recte,
1101 1551 1143 1584 ut
1180 1549 1337 1584 videtur.
1371 1571 1414 1576 -—

77 1603 115 1637 Ρ.
149 1605 227 1636 365.
259 1604 281 1635 2
312 1600 518 1645 pudentem
556 1597 596 1634 O.
634 1597 859 1634 Hirschfeld.
897 1597 1019 1632 Herm.
1052 1597 1084 1631 V
1122 1601 1191 1632 300
1211 1608 1276 1640 sq.,
1302 1598 1414 1643 prud.

77 1648 177 1693 vulg.
204 1668 248 1673 —-
274 1646 314 1682 P.
346 1651 425 1682 365.
453 1649 473 1680 5
500 1646 603 1680 Haec
628 1644 796 1686 Quicher.
821 1646 893 1679 tac.
921 1665 964 1670 —
990 1644 1027 1679 P.
1055 1649 1134 1680 366.
1163 1649 1180 1678 1
1208 1644 1303 1680 Bait.
1330 1644 1414 1681 add.

78 1695 151 1731 Cio.
184 1695 262 1730 Att.
294 1693 363 1728 VII
396 1698 427 1728 3.
459 1697 479 1727 2
516 1692 619 1738 Quod
649 1694 684 1727 si
712 1694 784 1727 ista
816 1713 859 1718 —
891 1693 935 1728 de
963 1703 1002 1726 re
1032 1692 1184 1736 publica
1216 1692 1337 1727 libera.
1372 1713 1415 1717 —

76 1742 114 1779 P.
148 1747 226 1777 367.
261 1745 281 1776 6
319 1741 520 1776 contuderit
556 1740 679 1783 Roth„
716 1739 876 1783 Machly,
914 1740 1115 1783 eontaperit
1151 1737 1212 1773 vel
1248 1740 1417 1783 comperit

79 1789 196 1832 codd,
222 1789 408 1833 compescit
432 1786 565 1828 Halm.,
597 1786 705 1829 Bait,
738 1787 943 1831 compressit
967 1785 1028 1821 all.
1056 1806 1100 1811 -—
1125 1786 1164 1820 P.
1191 1789 1270 1821 367.
1300 1790 1340 1820 13
1362 1797 1415 1830 sq.

76 1847 253 1872 numeros
278 1856 322 1861 —
347 1835 502 1881 optadit
525 1833 658 1877 Halm,
684 1833 790 1877 Bait„
817 1834 1056 1878 optimatium
1078 1832 1173 1868 Bait.
1201 1853 1245 1858 —
1270 1832 1309 1868 P.
1336 1837 1415 1869 367.

79 1887 120 1918 21
161 1883 248 1918 Nisi
285 1883 342 1917 his
378 1881 507 1923 Quich.
546 1901 590 1907 -—
620 1880 660 1916 P.
693 1885 772 1916 367.
811 1884 855 1915 28
892 1881 1073 1925 simpuvia
1107 1880 1221 1924 vulg„
1258 1881 1418 1924 simpma

80 1930 197 1974 codd„
228 1930 385 1975 simpula
416 1928 550 1972 Halm,
581 1927 676 1963 Bait.
711 1949 753 1954 —
785 1927 825 1964 P.
859 1931 938 1963 367.
971 1924 1015 1962 30
1048 1928 1269 1972 cappudines
1298 1926 1416 1970 codd„

79 1976 186 2020 Bait„
218 1977 408 2022 cupedines
438 1975 558 2011 Halm.
592 1996 636 2001 —
667 1974 707 2009 P.
740 1979 818 2010 368.
846 1978 890 2010 16
911 1986 963 2018 sq.
994 1976 1102 2010 sentit
1132 1973 1284 2016 Domb.„
1306 1976 1417 2009 sensit

80 2023 181 2068 vulg.
213 2044 256 2050 —
293 2023 331 2058 P.
365 2027 443 2059 368.
478 2027 522 2058 20
554 2023 648 2067 qnod
679 2022 761 2068 [id]
790 2033 911 2057 veram
941 2026 1045 2064 esset,
1083 2022 1247 2065 adfirmet
1283 2021 1416 2065 Halm,

80 2070 175 2106 Bait.
203 2091 246 2096 -—
270 2069 308 2107 P.
335 2075 414 2106 368.
441 2074 484 2105 21
511 2070 665 2105 Indicit
689 2068 799 2103 inviti
818 2069 937 2104 Halm.
965 2069 1003 2103 et
1021 2067 1116 2104 Bait.
1144 2089 1187 2093 —
1212 2068 1250 2104 P.
1272 2073 1351 2104 369.
1372 2073 1416 2103 23

80 2129 213 2162 semper
239 2128 308 2153 om.
327 2117 447 2153 Halm.
468 2118 506 2151 et
525 2116 619 2152 Bait.
647 2137 690 2143 —
715 2116 753 2152 P.
781 2120 861 2151 370.
883 2120 924 2150 17
951 2119 1070 2151 tamen
1088 2115 1350 2160 Eyssenhardt.
1374 2136 1416 2140 -

80 2164 118 2200 P.
146 2168 225 2199 371.
251 2168 294 2199 27
321 2165 439 2210 deley.
465 2164 597 2206 Halm,
623 2163 801 2207 Eyssenh.
829 2184 872 2188 —
904 2162 942 2199 P.
970 2166 1048 2198 372.
1076 2167 1121 2197 20
1153 2174 1224 2197 esse
1247 2164 1334 2207 post
1359 2174 1417 2197 ex-

80 2213 210 2246 tinctos
247 2210 330 2246 add.
368 2211 487 2247 Halm.
526 2212 564 2245 et
593 2210 701 2254 Bait,
734 2221 804 2246 om.
836 2209 1014 2254 Eyssenh.
1048 2231 1091 2235 -—
1126 2209 1164 2245 P.
1198 2214 1276 2245 372.
1310 2213 1353 2244 21
1388 2210 1419 2244 ii

79 2258 213 2302 Halm,
239 2258 334 2293 Bait.
361 2278 404 2283 —
429 2257 467 2294 P.
494 2262 572 2294 373.
600 2263 620 2293 6
650 2258 892 2304 [hamanum]
915 2257 1047 2301 Halm,
1079 2256 1174 2292 Bait.
1202 2278 1245 2292 -.—
1271 2257 1309 2292 P.
1337 2261 1416 2291 373.

82 2310 125 2340 20
157 2317 181 2340 a
211 2305 294 2341 add.
325 2304 490 2349 Madvig.
522 2304 604 2341 adv,
635 2305 670 2340 Π
701 2310 781 2341 443.
812 2325 856 2331 -
888 2304 927 2340 P.
960 2308 1038 2340 374.
1071 2308 1114 2339 33
1140 2305 1418 2349 praecipitatur
