1685 2568
400 114 489 151 LIB.
516 114 579 149 III.
608 113 708 150 CAP.
735 118 884 150 28—32.
910 117 930 156 ἓ
956 118 1106 148 40-44.
1336 114 1420 155 349

174 211 290 261 Quae
317 226 413 253 cum
439 211 616 253 dixisset
635 210 819 264 Laelius,
851 209 933 250 etsi
953 223 1114 263 omnes,
1140 208 1213 262 qui
1233 209 1422 263 aderant,
1437 194 1492 276 ἒξ

42 291 46 295 ·
86 271 390 327 significabant
415 271 469 312 ab
497 284 545 311 eo
573 284 617 311 se
644 283 735 311 esse
755 269 983 310 admodum
1004 268 1251 321 delectatOS,
1277 270 1424 308 tamen

86 332 256 385 praeter
297 332 460 371 ceteros
499 327 640 383 Scipio
683 327 805 382 quasi
849 327 1034 381 quodam
1073 326 1228 381 gaudio
1267 326 1423 366 elatus:

85 388 247 430 Multas
279 390 328 429 tu
361 388 543 443 quidem,
574 387 726 442 inquit,
757 386 890 439 Laeli,
922 399 1048 440 saepe
1080 399 1231 426 causas
1263 384 1325 425 ita
1357 384 1423 425 de-

49 446 277 500 ofendisti,
320 449 369 487 ut
410 460 490 501 ego
527 460 614 487 non
651 446 777 487 modo
815 448 956 486 tecum
995 443 1190 485 Servium
1228 441 1424 496 Galbam,

85 506 299 560 collegam
317 507 526 558 nostrum,
553 519 679 559 quem
698 506 758 558 tu,
785 503 925 558 quoad
944 503 1063 556 vixit,
1090 502 1287 544 omnibus
1308 503 1424 542 ante-

83 565 288 620 ponebas,
318 578 466 605 verum
492 578 545 604 ne
565 563 810 605 Atticorum
837 562 1008 617 quidem
1034 563 1256 603 oratorum
1282 574 1425 615 quem-

85 638 215 678 quam
247 625 322 664 aut
354 623 555 663 suavitate
565 654 693 664 .....

362 716 679 769 [Desiderantacr
700 717 883 769 payiwae
912 715 1147 768 duodecim]

173 800 237 842 M.
271 800 433 841 Tullius
464 800 511 841 de
541 813 585 840 re
607 799 721 852 publ.
754 799 819 840 lib.
845 799 949 840 III:
982 798 1087 839 duas
1120 797 1204 838 sibi
1228 811 1308 851 res,
1341 810 1424 851 quo

34 872 68 898 ιο
86 859 225 901 minus
265 859 311 900 in
351 859 507 914 vulgus
547 861 590 899 et
627 859 671 898 in
706 857 801 899 foro
834 857 1010 911 diceret,
1048 856 1351 898 confidentiam
1383 858 1426 897 et

85 932 244 971 vocem,
277 917 480 959 defuisse.
500 949 511 959 .
531 950 540 959 .
580 917 765 971 (Nonius
788 930 832 970 p.
864 919 962 958 262.
993 916 1085 969 22.)

171 976 238 1018 De
267 991 343 1029 quo
375 976 513 1030 (tauro
539 975 805 1029 Phalaridis)
831 974 968 1017 Cicero
1000 975 1128 1016 de‘xz’t:
1160 974 1426 1016 inclusorum

83 1035 307 1077 hominum
341 1035 504 1091 gemitu
530 1034 753 1090 mugiebat
778 1036 941 1075 taurus.
986 1033 1135 1086 (Schol.
1160 1033 1346 1075 Juvenal.
1371 1034 1429 1075 ad

83 1098 158 1136 sat.
198 1094 265 1136 VI
290 1095 407 1142 480.)
1522 1131 1527 1136 ,

35 1165 65 1191 15
182 1186 192 1196 .
211 1185 221 1195 .
241 1186 250 1195 .
271 1155 524 1208 ‚reportare
575 1152 694 1208 Ergo
725 1152 848 1194 illam
880 1166 971 1193 rem
1002 1151 1170 1207 pop-uli,
1201 1151 1244 1193 id
1277 1152 1331 1203 [p.
1358 1138 1496 1220 2513}

85 1214 151 1254 est
181 1226 273 1253 rem
303 1212 538 1267 publicam,
576 1212 671 1266 quis
704 1211 863 1253 diceret
894 1213 1005 1265 tum,
1043 1225 1139 1252 cum
1172 1210 1426 1252 crudelitate

84 1271 210 1312 unius
242 1271 438 1325 oppressi
469 1274 611 1312 essent
641 1269 841 1324 universi,
872 1284 1008 1324 neque
1041 1271 1154 1311 esset
1179 1284 1312 1310 unum
1337 1270 1427 1311 vin·

84 1330 227 1372 culum
269 1329 374 1370 iuris
411 1344 488 1371 nec
526 1343 758 1371 consensus
798 1343 847 1371 ac
888 1329 1071 1370 societas
1104 1330 1269 1383 coetus,
1313 1328 1427 1384 quod

85 1391 152 1430 est
188 1388 403 1444 populus?
454 1388 597 1443 Atque
634 1388 717 1430 hoc
753 1388 866 1429 idem
899 1386 1134 1442 Syracusis,
1194 1387 1310 1429 Urbs
1347 1388 1427 1429 illa

33 1460 66 1485 20
85 1447 324 1503 praeclara,
368 1462 496 1501 quam
534 1447 596 1489 ait
633 1447 831 1488 Timaeus
870 1445 1131 1488 Graecarum
1168 1462 1426 1501 maxumam,

86 1506 276 1548 omnium
309 1509 453 1548 autem
485 1521 576 1548 esse
607 1506 959 1562 pulcherrimam,
998 1521 1074 1547 arx
1106 1505 1299 1560 visenda,
1331 1521 1427 1561 por-

84 1567 155 1607 tus
192 1579 327 1619 usque
363 1565 410 1606 in
447 1565 565 1607 sinus
602 1565 749 1620 oppidi
787 1567 830 1606 et
862 1565 915 1606 ad
946 1565 1065 1606 urbis
1098 1565 1335 1620 crepidines
1366 1565 1428 1606 in-

83 1624 182 1679 fusi,
213 1624 307 1665 viae
339 1623 466 1679 latae,
496 1624 700 1680 porticus,
729 1623 734 1679 Ι
763 1624 938 1678 templa,
970 1623 1083 1665 muri
1112 1624 1249 1665 nihilo
1283 1625 1337 1676 [p.
1357 1634 1426 1666 252

85 1683 225 1738 magis
264 1682 524 1737 efficiebant,
560 1682 770 1738 Dionysio
807 1685 981 1724 tenente
1017 1685 1067 1724 ut
1105 1685 1218 1724 esset
1248 1683 1324 1724 illa
1358 1697 1427 1725 res

34 1754 66 1780 25
86 1742 278 1798 publica3
309 1742 419 1782 nihil
451 1742 565 1783 enim
596 1742 747 1797 populi
772 1744 815 1784 et
839 1742 964 1783 unius
992 1744 1085 1783 erat
1110 1741 1296 1797 populus
1322 1742 1426 1798 ipse.

84 1801 204 1856 Ergo
236 1800 311 1842 ubi
342 1803 550 1855 tyrannus
583 1803 666 1855 est,
703 1801 764 1843 ibi
794 1816 882 1842 non
912 1801 1133 1854 vitiosam,
1164 1803 1214 1842 ut
1245 1801 1337 1842 heri
1369 1801 1429 1842 di-

86 1860 252 1914 cebam,
291 1859 382 1914 sed,
413 1862 463 1901 ut
492 1874 604 1901 nunc
634 1860 746 1902 ratio
779 1860 913 1916 cogit,
946 1860 1172 1902 dicendum
1203 1861 1270 1901 est
1300 1860 1428 1916 plane

85 1919 250 1960 nullam
283 1933 374 1960 esse
406 1933 497 1960 rem
528 1919 757 1973 publicam.

173 1977 398 2019 Praeclare
427 1978 599 2032 quidem
626 1978 741 2031 dicis,
771 1977 963 2032 Laelius3
996 1978 1154 2019 etenim
1179 1977 1302 2019 video
1328 1978 1427 2033 iam,
1442 1964 1499 2005 32

34 2047 69 2073 ⁸⁰
88 2051 171 2091 quo
209 2038 365 2091 pergat
397 2037 548 2078 oratio.
603 2036 645 2078 S.
676 2036 807 2078 Vides
838 2037 974 2092 igitur
1004 2052 1057 2078 ne
1088 2037 1212 2078 illam
1245 2037 1427 2092 quidem,
1453 2016 1499 2047 44

87 2109 195 2149 quae
232 2097 327 2136 tota
365 2095 423 2136 sit
459 2095 505 2136 in
541 2095 742 2137 factionis
783 2098 1018 2150 potestate,
1056 2110 1183 2151 posse
1214 2111 1313 2138 vere
1347 2096 1429 2138 dici

86 2168 177 2195 rem
202 2154 432 2208 publicam.
469 2155 520 2196 L.
545 2153 614 2196 Sic
639 2155 767 2209 plane
792 2155 944 2196 iudico.
985 2154 1027 2196 S.
1054 2154 1112 2195 Et
1140 2156 1144 2207 1
1174 2170 1259 2197 rec-
1286 2157 1427 2207 [p.·109

85 2212 251 2254 tissime
285 2213 455 2267 quidem
486 2213 667 2267 iudicas;
700 2228 807 2267 quae
836 2214 949 2255 enim
973 2213 1057 2254 fuit
1082 2216 1175 2255 tum
1196 2213 1428 2255 Athenien-

87 2271 198 2312 sium
234 2286 321 2325 res,
359 2287 455 2313 cum
492 2275 593 2327 post
631 2287 835 2327 magnum
871 2272 979 2314 illud
1015 2272 1428 2328 Peloponnesiacum

35 2339 67 2366 35
86 2330 249 2371 bellum
280 2331 463 2385 triginta
494 2331 576 2371 viri
601 2330 665 2372 illi
693 2331 790 2372 urbi
813 2331 1095 2373 iniustissime
1120 2331 1428 2387 praefuerunt?
