1685 2568
148 113 237 149 ΜΒ.
264 114 290 149 1.
317 113 416 148 CAP.
442 118 499 156 46,
524 117 580 148 47.
606 116 625 155 ἓ
647 117 700 157 70,
728 117 782 157 τι,
809 111 998 157 1111110111,
1024 112 1111 148 ΜΒ.
1132 113 1177 148 11.
1202 113 1312 150 ARG.
1339 114 1425 156 305

183 210 222 251 3.
260 210 367 251 Non.
400 223 441 263 p.
477 211 574 252 526.
609 211 634 251 5
666 208 802 250 Cicero
839 209 886 250 de
922 222 963 249 rc
991 208 1105 261 publ.
1143 208 1208 249 lib.
1244 208 1293 249 I:
1337 208 1427 251 Nec

95 270 264 310 tantum
296 267 521 323 Karthago
558 267 780 309 habuisset
817 281 946 322 opum
985 268 1200 308 sescentos
1237 265 1325 308 fere
1357 281 1427 308 311-

94 341 173 369 nos
206 327 295 368 sine
327 327 516 369 consiliis
549 329 591 368 et
624 326 858 381 disciplina.

183 387 222 427 4.
260 386 368 428 Non.
401 400 445 439 p.
481 389 579 427 276.
616 388 641 427 5
681 386 744 427 M.
779 385 939 426 Tullius
977 385 1025 425 de
1062 397 1106 425 re
1141 384 1251 437 publ.
1283 383 1348 425 lib.
1379 383 1428 425 I:

61 458 77 484 5
96 443 363 500 Cognoscere
394 444 645 498 mehercule,
675 443 827 499 inquit,
858 443 1206 485 consuetudinem
1231 442 1360 483 istam
1386 444 1429 483 et

96 503 285 546 studium
316 503 536 544 sermonis.

183 562 221 603 5.
252 562 439 603 Laetam.
470 562 564 603 inst.
594 563 672 603 div.
704 561 792 602 III
817 565 880 603 16.
908 562 934 603 5
965 561 1062 603 Non
1092 574 1183 614 erqo
1213 561 1430 601 utilitatem

94 634 143 663 ex
177 620 452 675 philosophia,
494 621 565 662 sed
600 621 895 661 oblectationem
925 623 1086 673 petunt,
1130 620 1237 672 quod
1271 620 1431 672 quidem

96 679 231 722 Cicero
263 682 428 721 testatus
453 681 530 721 est:
561 678 773 733 Profecto,
803 680 947 732 iuquit,
980 678 1117 720 omnis
1142 677 1324 719 istorum
1350 677 1432 718 dis·

45 751 78 778 ιο
96 738 277 794 putatio,
309 752 569 792 quamquam
599 737 839 779 uberrimos
866 737 1008 779 fontes
1034 736 1206 779 virtutis
1233 738 1276 778 et
1301 736 1432 778 scien-

96 797 182 839 tiae
219 797 426 851 continet,
463 799 609 838 tamen
640 797 800 838 collata
831 811 926 838 cum
959 811 1106 837 eorum
1138 796 1242 837 actis
1273 795 1433 851 perfec—

96 856 237 911 tisque
268 856 395 897 rebus
426 869 576 897 vereor
605 870 659 897 ne
689 869 776 897 non
806 857 977 896 tantum
1008 855 1203 896 videatur
1234 854 1432 896 attulisse

95 914 260 971 negotii
290 914 549 968 hominibus,
582 916 787 969 quantam
819 914 1162 956 oblectationem.

187 974 225 1015 6.
257 974 495 1016 Arusianus
518 974 698 1016 M‘essius
727 973 890 1026 exempl.
916 973 1050 1015 elocut.
1067 987 1111 1027 10.
1132 976 1216 1015 216
1247 972 1432 1014 Lindem.

47 1045 79 1071 15
98 1032 255 1075 Avoeat
289 1033 340 1074 ab
375 1033 452 1074 illa
486 1045 531 1074 re
560 1032 640 1074 Cic.
677 1032 725 1074 de
760 1045 804 1074 re
831 1031 945 1085 publ.
983 1031 1048 1074 lib.
1079 1031 1129 1073 I:
1171 1030 1213 1073 A
1244 1045 1328 1086 qua
1357 1029 1430 1073 isti

98 1092 347 1134 avocabant.

425 1328 488 1375 M.
528 1315 741 1374 TULLII
778 1326 1104 1374 CICERONIS

286 1445 346 1509 D
373 1446 428 1509 E
501 1446 563 1509 R
587 1445 642 1508 Ε
714 1445 769 1508 P
794 1445 857 1509 U
882 1445 936 1507 B
963 1444 1016 1507 L
1041 1444 1075 1507 I
1101 1443 1149 1508 G
1174 1443 1240 1507 A

489 1576 670 1615 LIBER
708 1575 1038 1615 SECUNDUS.

570 1764 962 1804 ARGUMENTUM.

190 1855 270 1892 Hoc
295 1856 389 1890 libro
404 1854 598 1889 Africanus
613 1852 763 1889 Catonis
782 1852 975 1888 confirmat
994 1851 1225 1896 sententiam,
1251 1852 1430 1888 Romano-

98 1914 178 1938 rum
195 1915 273 1939 rem
292 1903 481 1948 publicam
502 1900 634 1937 ceteris
654 1901 841 1946 praestare
863 1899 1089 1943 civitatibus,
1109 1900 1208 1944 quod
1220 1911 1296 1935 non
1308 1900 1432 1936 subito

97 1950 204 1986 unius
228 1950 390 1985 hominis
415 1948 580 1992 arbitrio,
607 1948 672 1984 sed.
697 1947 941 1993 complurium
967 1946 1141 1992 deinceps
1167 1947 1329 1983 virorum
1349 1958 1433 2000 con-

98 1997 200 2042 silio,
230 1997 390 2043 pietate,
415 1996 554 2049 virtute
580 1995 631 2031 sit
655 1995 866 2030 constituta.
918 1993 997 2036 Qua
1020 1995 1144 2029 mente
1171 1996 1326 2037 enarrat,
1354 1993 1432 2039 qui-

97 2044 166 2080 bus
190 2026 259 2080 illa
284 2044 417 2079 civitas
442 2042 620 2088 auspiciis
646 2053 668 2077 3
685 2042 843 2077 Romulo
870 2041 1022 2076 condita
1046 2041 1096 2076 sit
1114 2042 1153 2076 et
1171 2041 1304 2086 quibus
1319 2022 1432 2077 'bene-

97 2091 201 2134 ficiis,
227 2091 367 2127 artibus
393 2090 663 2137 praesidiisque
688 2090 735 2124 ab
760 2089 891 2124 eodem
917 2088 1123 2134 ceterisque
1148 2089 1298 2133 regibus
1323 2089 1433 2123 aucta

97 2139 138 2174 et
165 2138 311 2174 firmata
340 2141 435 2184 (cap.
469 2140 597 2182 1—22)
628 2135 835 2181 tyrannidis
865 2135 1064 2189 impatiens
1094 2136 1247 2171 tandem
1279 2146 1430 2171 excusso

98 2185 288 2230 Tarquinii
311 2185 399 2231 iugo
426 2196 464 2221 se
489 2184 529 2219 in
547 2184 760 2219 libertatem
778 2182 1025 2219 vindicaverit
1043 2188 1137 2229 (cap.
1159 2186 1321 2236 23-2‘3).
1355 2183 1432 2217 Iam

98 2233 267 2279 exposita
294 2231 502 2277 tyrannidis
533 2233 665 2266 natura
695 2233 788 2276 (cap.
816 2234 871 2274 28,
898 2233 956 2276 29)
989 2230 1114 2276 Scipio
1146 2241 1221 2265 non
1245 2229 1431 2272 minimae,

98 2279 244 2324 qualem
269 2279 376 2314 Plato
402 2279 629 2325 cogitatione
654 2278 816 2321 finxerit,
847 2277 912 2313 sed
935 2277 1135 2320 maximae,
1162 2287 1255 2321 quae
1280 2287 1318 2312 re
1344 2286 1432 2310 vera

97 2326 225 2370 fuerit,
255 2326 504 2362 Romanorum
535 2325 699 2362 civitatis
729 2324 929 2370 imaginem
953 2324 1205 2360 adumbrando
1230 2334 1365 2359 novam
1392 2333 1430 2358 se

169 2391 242 2420 010.
260 2392 315 2418 IV.
334 2393 359 2420 2.
1102 2386 1147 2417 20
