1685 2568
185 1289 213 1371 -αιὺ

233 97 318 140 308
707 96 770 131 DE
796 95 860 130 RE
883 93 1089 130 PUBLICA
1613 0 1647 108 ἲ

233 213 267 245 p.
297 195 381 246 157]
414 195 462 234 ut
498 193 543 234 in
582 206 733 248 agrum
765 192 1022 233 Rutulorum
1055 188 1437 245 Aboriginumffque
1474 204 1569 245 pro-

235 252 412 306 cederet,
445 254 519 292 aut
550 251 594 292 in
626 251 737 292 ostio
771 250 983 303 Tiberino,
1016 264 1141 303 quem
1172 248 1218 289 in
1248 249 1389 290 locum
1420 248 1569 290 multis

234 313 333 367 post
372 310 493 352 annis
531 325 605 351 rex
636 310 781 351 Ancus
819 308 1032 350 coloniam
1071 307 1260 360 deduxit,
1297 307 1447 348 urbem
1477 307 1570 362 ipse

234 370 453 422 conderet,
486 368 559 410 sed
590 368 671 410 hoc
702 368 768 408 vir
799 366 1024 408 excellenti
1055 365 1326 420 providentia
1357 365 1490 406 sensit
1522 380 1571 407 ac
1643 403 1647 419 ,Α

234 428 358 482 vidit,
398 442 485 469 non
523 441 614 468 esse
652 425 1010 480 oportunissimos
1048 424 1156 465 situs
1187 424 1427 465 maiitimos
1459 424 1571 465 urbi-
1605 424 1647 478 sl
1683 458 1685 482 f

234 487 315 528 bus
348 486 419 551 618,
453 500 559 540 quae
593 484 646 526 ad
672 498 791 538 spem
818 483 1111 524 diuturnitatis
1137 483 1418 524 conderentur
1444 486 1571 537 atque

235 545 416 600 imperii,
449 545 636 598 primum
668 542 781 597 quod
808 544 949 583 essent
974 541 1102 582 urbes
1129 541 1370 582 maritimae
1395 555 1483 583 non
1508 556 1572 583 so-

235 623 270 655 p.
294 605 376 655 158]
410 603 500 644 lum
532 601 680 642 multis
706 601 906 655 periculis
932 600 1168 655 oppositae,
1201 600 1272 641 sed
1299 598 1455 656 etiam!
1483 614 1573 642 cae-

237 663 309 704 cis.
351 661 465 703 Nam
496 663 613 701 terra
639 660 860 701 continens
887 660 1092 700 adventus
1118 658 1310 700 hostium
1333 673 1421 700 non
1445 659 1572 701 modo

238 723 503 776 expectatos,
548 719 621 760 sed
665 718 795 759 etiam
839 717 1085 773 repentinos
1129 717 1278 758 multis
1321 717 1489 759 indiciis
1530 720 1573 759 et
1592 732 1626 759 ιο

239 779 361 834 quasi
397 778 569 833 fragore
611 777 795 831 quodam
826 779 869 818 et
901 776 1044 818 sonitu
1074 776 1169 830 ipso
1202 778 1300 817 ante
1333 776 1573 831 denuntiat3

236 852 373 892 neque
416 851 518 878 vero
564 836 790 890 quisquam
832 838 976 890 potest
1017 834 1156 876 hostis
1201 835 1402 876 advolare
1444 838 1573 889 terra,

239 897 341 951 quin
373 910 469 937 eum
500 909 588 936 non
618 895 744 936 modo
777 908 882 948 esse,
914 893 987 935 sed
1019 893 1149 934 etiam
1181 893 1275 947 quis
1302 896 1345 934 et
1368 893 1479 935 unde
1505 894 1573 948 sit,

239 955 345 997 scire
376 954 602 1010 possimus
650 952 894 995 Maritimus
925 966 1026 994 vero
1058 952 1131 993 1116
1163 954 1206 993 et
1235 952 1402 994 navalis
1434 953 1572 994 hostis

239 1017 338 1056 ante
382 1013 529 1055 adesse
572 1014 734 1068 potest,
779 1027 907 1066 quam
950 1011 1177 1065 quisquam
1216 1013 1444 1052 venturum
1481 1026 1573 1053 esse
1593 1025 1627 1051 15
1670 1045 1674 1052 .

238 1093 274 1125 p.
287 1074 371 1125 167]
393 1071 602 1126 suspicari
622 1074 762 1125 queat,
781 1085 858 1112 nec
876 1084 989 1123 vero,
1009 1084 1105 1111 cum
1124 1069 1254 1124 venit,
1272 1084 1375 1124 prae
1395 1084 1440 1111 se
1457 1068 1460 1126 1
1477 1070 1573 1125 fert,
1682 1061 1685 1072 Δ

240 1134 314 1173 aut
346 1131 418 1186 qui
451 1130 507 1172 sit
539 1133 613 1171 aut
643 1130 752 1171 unde
784 1129 928 1171 veniat
959 1130 1034 1170 aut
1065 1128 1195 1169 etiam
1228 1128 1328 1182 quid
1358 1129 1475 1183 velit,
1507 1129 1574 1170 de-

238 1191 366 1245 m'que
396 1204 451 1231 ne
480 1191 586 1230 nota
617 1189 787 1243 quidem
811 1188 914 1242 ulla,
945 1189 1123 1242 pacatus
1150 1201 1206 1228 an
1230 1187 1370 1229 hostis
1397 1188 1466 1242 sit,
1493 1188 1574 1229 dis-

240 1249 354 1291 cerni
385 1263 434 1290 ac
464 1247 643 1289 iudicari
676 1249 830 1301 potest.

326 1307 408 1348 Est
440 1309 583 1348 autem
615 1305 844 1347 maritimis
876 1305 1054 1347 urbibus
1086 1305 1218 1347 etiam
1250 1305 1457 1360 quaedam
1486 1320 1574 1347 cor·
1592 1320 1628 1345 20
1682 1343 1685 1352 ,

238 1366 411 1421 ruptela
442 1380 492 1407 ac
523 1365 758 1406 demutatio
784 1379 969 1418 morum3
1001 1364 1287 1406 admiscentur
1313 1364 1425 1405 enim
1450 1364 1573 1406 novis
1682 1355 1685 1368 ¹

240 1424 508 1467 sermonibus
546 1438 595 1465 ac
633 1423 868 1478 disciplinis
907 1425 949 1464 et
985 1423 1259 1477 inportantur
1295 1437 1382 1464 non
1413 1437 1573 1465 merces

240 1485 379 1526 solum
418 1482 699 1537 adventiciae,
738 1482 810 1523 sed
848 1482 977 1523 etiam
1015 1496 1172 1536 mores,
1209 1483 1258 1522 ut
1295 1481 1404 1522 nihil
1434 1482 1574 1537 possit

239 1563 274 1595 p.
303 1544 386 1595 168]
425 1542 470 1582 111
514 1541 667 1596 patriis
710 1541 920 1582 institutis
965 1554 1135 1581 manere
1180 1538 1420 1606 inltegrum.
1480 1539 1573 1582 Iam

241 1601 313 1656 qui
348 1600 543 1642 incolunt
580 1614 651 1641 eas
688 1600 834 1654 urbes,
870 1614 956 1640 non
986 1599 1166 1640 haerent
1196 1599 1241 1640 in
1272 1599 1359 1640 suis
1392 1599 1574 1655 sedibus,
1592 1612 1628 1638 25

241 1660 314 1702 sed
338 1659 502 1702 volucri
528 1673 696 1713 semper
721 1673 795 1713 spe
815 1660 858 1699 et
877 1658 1139 1713 cogitatione
1158 1657 1384 1712 rapiuntur
1403 1673 1428 1699 a
1448 1658 1573 1700 domo

241 1718 430 1774 longius,
466 1720 593 1771 atque
626 1717 755 1758 etiam
787 1731 882 1759 cum
912 1718 1087 1758 manent
1118 1730 1308 1771 corpore,
1339 1716 1481 1759 animo
1511 1720 1575 1759 ta·

241 1792 339 1818 rnen
376 1777 551 1818 exulant
590 1778 633 1818 et
669 1778 894 1830 vagantur.
955 1774 1045 1816 Nec
1081 1789 1182 1817 vero
1213 1775 1305 1816 ulla
1335 1789 1402 1817 res
1434 1776 1573 1832 magis

240 1836 547 1878 labefactatam
585 1834 657 1875 diu
693 1838 736 1875 et
773 1832 1081 1889 Carthaginem
1118 1836 1161 1875 et
1192 1832 1447 1876 Corinthum
1483 1850 1575 1889 per-
1683 1874 1685 1878 .

240 1895 372 1936 vertit
403 1893 634 1948 aliquando
667 1908 796 1947 quam
827 1893 895 1934 hic
927 1907 1046 1934 error
1077 1906 1125 1934 ac
1157 1892 1381 1947 dissipatio
1407 1893 1574 1948 civium,
1593 1905 1627 1932 30
1670 1890 1685 1945 „f

241 1973 275 2005 p.
298 1955 381 2005 227]
410 1953 522 2007 quod
548 1952 762 1993 mercandi
788 1951 1020 2006 cupiditate
1047 1953 1089 1992 et
1113 1950 1359 2007 navigandi
1385 1954 1427 1993 et
1452 1966 1574 2008 agro-

242 2027 337 2053 rum
368 2014 411 2052 et
443 2025 659 2052 armorum
691 2010 854 2052 cultum
880 2010 1152 2064 reliquerant.
1201 2009 1340 2052 Multa
1366 2010 1494 2052 etiam
1521 2011 1575 2053 ad

242 2070 454 2112 luxuriam
497 2069 781 2111 invitamenta
820 2069 1058 2123 perniciosa
1095 2069 1342 2110 civitatibus
1380 2069 1574 2124 subpedi-

240 2131 390 2171 tantur
427 2128 553 2182 mari,
592 2142 699 2182 quae
729 2127 798 2169 vel
830 2127 1056 2182 capiuntur
1086 2127 1154 2169 vel
1186 2127 1476 2182 inportantur3
1513 2131 1574 2170 at-

242 2203 321 2244 que
359 2187 490 2229 habet
528 2186 659 2228 etiam
697 2186 932 2228 amoenitas
969 2186 1064 2241 ipsa
1100 2186 1168 2228 vel
1200 2189 1475 2241 sumptuosas
1505 2188 1573 2229 vel
1592 2198 1627 2226 35
1672 2222 1679 2245 ἕ

242 2246 475 2288 (1681(110838
515 2245 752 2287 inlecebras
791 2245 950 2286 multas
989 2244 1282 2300 cupiditatum.
1342 2245 1418 2300 Et,
1462 2246 1572 2300 quod
1677 2242 1680 2247 ’

241 2305 291 2347 (16
322 2303 530 2348 Corintho
576 2304 680 2359 dixi,
723 2303 767 2345 id
803 2303 918 2345 haud
955 2303 1041 2345 8610
1080 2318 1135 2344 311
1170 2303 1298 2345 liceat
1334 2304 1384 2345 de
1422 2307 1573 2346 cuncta
