<?xml version="1.0" encoding="UTF-8"?>
<!DOCTYPE html PUBLIC "-//W3C//DTD XHTML 1.0 Transitional//EN"
    "http://www.w3.org/TR/xhtml1/DTD/xhtml1-transitional.dtd">
<html xmlns="http://www.w3.org/1999/xhtml" xml:lang="en" lang="en">
 <head>
  <title>
</title>
<meta http-equiv="Content-Type" content="text/html;charset=utf-8" />
  <meta name='ocr-system' content='tesseract 3.04.00' />
  <meta name='ocr-capabilities' content='ocr_page ocr_carea ocr_par ocr_line ocrx_word'/>
</head>
<body>
  <div class='ocr_page' id='page_1' title='image "./p2scriptaquaemanse04ciceuoft_0460.png"; bbox 0 0 1685 2568; ppageno 0'>
   <div class='ocr_carea' id='block_1_1' title="bbox 200 88 1015 132">
    <p class='ocr_par' dir='ltr' id='par_1_1' title="bbox 200 88 1015 132">
     <span class='ocr_line' id='line_1_1' title="bbox 200 88 1015 132; baseline -0.012 0"><span class='ocrx_word' id='word_1_1' title='bbox 200 91 286 132; x_wconf 77' lang='grc'>408</span> <span class='ocrx_word' id='word_1_2' title='bbox 722 88 786 123; x_wconf 89' lang='lat' dir='ltr'>DE</span> <span class='ocrx_word' id='word_1_3' title='bbox 812 88 1015 123; x_wconf 83' lang='lat' dir='ltr'>LEGIBUS</span> 
     </span>
    </p>
   </div>
   <div class='ocr_carea' id='block_1_2' title="bbox 136 183 1592 2353">
    <p class='ocr_par' dir='ltr' id='par_1_2' title="bbox 201 183 1533 242">
     <span class='ocr_line' id='line_1_2' title="bbox 201 183 1533 242; baseline -0.003 -13"><span class='ocrx_word' id='word_1_4' title='bbox 201 187 406 242; x_wconf 88' lang='lat' dir='ltr'>sapientis</span> <span class='ocrx_word' id='word_1_5' title='bbox 457 186 509 228; x_wconf 88' lang='lat' dir='ltr'>ad</span> <span class='ocrx_word' id='word_1_6' title='bbox 557 186 788 228; x_wconf 89' lang='lat' dir='ltr'>iubendum</span> <span class='ocrx_word' id='word_1_7' title='bbox 837 187 879 226; x_wconf 90' lang='lat' dir='ltr'>et</span> <span class='ocrx_word' id='word_1_8' title='bbox 928 184 982 226; x_wconf 88' lang='lat' dir='ltr'>ad</span> <span class='ocrx_word' id='word_1_9' title='bbox 1030 183 1328 224; x_wconf 88' lang='lat' dir='ltr'>deterrendum</span> <span class='ocrx_word' id='word_1_10' title='bbox 1367 183 1533 225; x_wconf 83' lang='lat' dir='ltr'>idonea.</span> 
     </span>
    </p>

    <p class='ocr_par' dir='ltr' id='par_1_3' title="bbox 154 243 1589 828">
     <span class='ocr_line' id='line_1_3' title="bbox 154 243 1532 300; baseline -0.004 -13"><span class='ocrx_word' id='word_1_11' title='bbox 154 256 174 287; x_wconf 83' lang='lat'>9</span> <span class='ocrx_word' id='word_1_12' title='bbox 203 246 246 298; x_wconf 73' lang='lat' dir='ltr'>Q.</span> <span class='ocrx_word' id='word_1_13' title='bbox 272 245 547 300; x_wconf 74' lang='lat' dir='ltr'><strong>Aliquotiens</strong></span> <span class='ocrx_word' id='word_1_14' title='bbox 577 245 664 286; x_wconf 90' lang='lat' dir='ltr'>iam</span> <span class='ocrx_word' id='word_1_15' title='bbox 691 244 773 284; x_wconf 91' lang='lat' dir='ltr'>iste</span> <span class='ocrx_word' id='word_1_16' title='bbox 799 244 916 284; x_wconf 91' lang='lat' dir='ltr'>locus</span> <span class='ocrx_word' id='word_1_17' title='bbox 944 257 969 283; x_wconf 89' lang='lat' dir='ltr'>a</span> <span class='ocrx_word' id='word_1_18' title='bbox 993 244 1036 283; x_wconf 90' lang='lat' dir='ltr'>te</span> <span class='ocrx_word' id='word_1_19' title='bbox 1056 244 1194 283; x_wconf 88' lang='lat' dir='ltr'>tactus</span> <span class='ocrx_word' id='word_1_20' title='bbox 1222 245 1304 296; x_wconf 74' lang='lat' dir='ltr'>est,</span> <span class='ocrx_word' id='word_1_21' title='bbox 1335 243 1408 283; x_wconf 87' lang='lat' dir='ltr'>sed</span> <span class='ocrx_word' id='word_1_22' title='bbox 1434 245 1532 283; x_wconf 88' lang='lat' dir='ltr'>ante</span> 
     </span>
     <span class='ocr_line' id='line_1_4' title="bbox 202 300 1532 359; baseline -0.004 -13"><span class='ocrx_word' id='word_1_23' title='bbox 202 319 331 358; x_wconf 87' lang='lat' dir='ltr'>quam</span> <span class='ocrx_word' id='word_1_24' title='bbox 368 304 422 346; x_wconf 88' lang='lat' dir='ltr'>ad</span> <span class='ocrx_word' id='word_1_25' title='bbox 458 304 686 359; x_wconf 82' lang='lat' dir='ltr'>populares</span> <span class='ocrx_word' id='word_1_26' title='bbox 719 302 837 357; x_wconf 88' lang='lat' dir='ltr'>leges</span> <span class='ocrx_word' id='word_1_27' title='bbox 868 300 1032 354; x_wconf 85' lang='lat' dir='ltr'>venias,</span> <span class='ocrx_word' id='word_1_28' title='bbox 1063 301 1150 341; x_wconf 85' lang='lat' dir='ltr'>vim</span> <span class='ocrx_word' id='word_1_29' title='bbox 1180 300 1304 341; x_wconf 90' lang='lat' dir='ltr'>istius</span> <span class='ocrx_word' id='word_1_30' title='bbox 1337 300 1532 342; x_wconf 87' lang='lat' dir='ltr'>caelestis</span> 
     </span>
     <span class='ocr_line' id='line_1_5' title="bbox 201 359 1533 418; baseline -0.004 -14"><span class='ocrx_word' id='word_1_31' title='bbox 201 363 310 418; x_wconf 88' lang='lat' dir='ltr'>legis</span> <span class='ocrx_word' id='word_1_32' title='bbox 348 363 546 417; x_wconf 85' lang='lat' dir='ltr'>explana,</span> <span class='ocrx_word' id='word_1_33' title='bbox 586 361 622 402; x_wconf 91' lang='lat' dir='ltr'>si</span> <span class='ocrx_word' id='word_1_34' title='bbox 652 361 810 415; x_wconf 87' lang='lat' dir='ltr'>placet,</span> <span class='ocrx_word' id='word_1_35' title='bbox 847 374 900 400; x_wconf 89' lang='lat' dir='ltr'>ne</span> <span class='ocrx_word' id='word_1_36' title='bbox 933 362 1075 400; x_wconf 88' lang='lat' dir='ltr'>aestus</span> <span class='ocrx_word' id='word_1_37' title='bbox 1107 373 1185 400; x_wconf 87' lang='lat' dir='ltr'>nos</span> <span class='ocrx_word' id='word_1_38' title='bbox 1217 359 1533 401; x_wconf 88' lang='lat' dir='ltr'>consuetudinis</span> 
     </span>
     <span class='ocr_line' id='line_1_6' title="bbox 202 416 1586 463; baseline -0.006 1"><span class='ocrx_word' id='word_1_39' title='bbox 202 421 433 463; x_wconf 86' lang='lat' dir='ltr'>absorbeat</span> <span class='ocrx_word' id='word_1_40' title='bbox 464 423 507 461; x_wconf 86' lang='lat' dir='ltr'>et</span> <span class='ocrx_word' id='word_1_41' title='bbox 532 420 585 461; x_wconf 89' lang='lat' dir='ltr'>ad</span> <span class='ocrx_word' id='word_1_42' title='bbox 611 419 818 460; x_wconf 86' lang='lat' dir='ltr'>sermonis</span> <span class='ocrx_word' id='word_1_43' title='bbox 844 432 1005 459; x_wconf 91' lang='lat' dir='ltr'>morem</span> <span class='ocrx_word' id='word_1_44' title='bbox 1032 417 1183 458; x_wconf 90' lang='lat' dir='ltr'>usitati</span> <span class='ocrx_word' id='word_1_45' title='bbox 1207 417 1366 458; x_wconf 87' lang='lat' dir='ltr'>trahat.</span> <span class='ocrx_word' id='word_1_46' title='bbox 1405 417 1468 459; x_wconf 87' lang='lat' dir='ltr'>M.</span> <span class='ocrx_word' id='word_1_47' title='bbox 1493 416 1534 458; x_wconf 87' lang='lat' dir='ltr'>A</span> <span class='ocrx_word' id='word_1_48' title='bbox 1569 430 1586 456; x_wconf 88' lang='lat'><strong>5</strong></span> 
     </span>
     <span class='ocr_line' id='line_1_7' title="bbox 201 475 1534 535; baseline -0.003 -14"><span class='ocrx_word' id='word_1_49' title='bbox 201 481 347 535; x_wconf 85' lang='lat' dir='ltr'>parvis</span> <span class='ocrx_word' id='word_1_50' title='bbox 373 479 498 532; x_wconf 87' lang='lat' dir='ltr'>enim,</span> <span class='ocrx_word' id='word_1_51' title='bbox 524 478 690 531; x_wconf 82' lang='lat' dir='ltr'>Quinte,</span> <span class='ocrx_word' id='word_1_52' title='bbox 717 477 938 518; x_wconf 80' lang='lat' dir='ltr'>didicimus</span> <span class='ocrx_word' id='word_1_53' title='bbox 966 476 1021 518; x_wconf 75' lang='lat' dir='ltr'>‘sl</span> <span class='ocrx_word' id='word_1_54' title='bbox 1048 488 1094 517; x_wconf 84' lang='lat' dir='ltr'>IN</span> <span class='ocrx_word' id='word_1_55' title='bbox 1120 487 1191 518; x_wconf 81' lang='lat' dir='ltr'>ms</span> <span class='ocrx_word' id='word_1_56' title='bbox 1210 475 1379 518; x_wconf 83' lang='lat' dir='ltr'>VOCAT&#39;</span> <span class='ocrx_word' id='word_1_57' title='bbox 1406 478 1534 530; x_wconf 86' lang='lat' dir='ltr'>atque</span> 
     </span>
     <span class='ocr_line' id='line_1_8' title="bbox 203 533 1535 592; baseline -0.004 -12"><span class='ocrx_word' id='word_1_58' title='bbox 203 539 291 580; x_wconf 85' lang='lat' dir='ltr'>eius</span> <span class='ocrx_word' id='word_1_59' title='bbox 324 538 439 580; x_wconf 89' lang='lat' dir='ltr'>modi</span> <span class='ocrx_word' id='word_1_60' title='bbox 472 536 655 592; x_wconf 69' lang='lat' dir='ltr'>‘leges’</span> <span class='ocrx_word' id='word_1_61' title='bbox 689 536 795 576; x_wconf 87' lang='lat' dir='ltr'>alias</span> <span class='ocrx_word' id='word_1_62' title='bbox 824 535 1056 576; x_wconf 88' lang='lat' dir='ltr'>nominare.</span> <span class='ocrx_word' id='word_1_63' title='bbox 1107 533 1188 575; x_wconf 78' lang='lat' dir='ltr'>Sed</span> <span class='ocrx_word' id='word_1_64' title='bbox 1213 549 1313 576; x_wconf 88' lang='lat' dir='ltr'>vero</span> <span class='ocrx_word' id='word_1_65' title='bbox 1338 534 1535 589; x_wconf 74' lang='lat' dir='ltr'>intellegi</span> 
     </span>
     <span class='ocr_line' id='line_1_9' title="bbox 203 593 1534 651; baseline -0.004 -13"><span class='ocrx_word' id='word_1_66' title='bbox 203 597 263 638; x_wconf 87' lang='lat' dir='ltr'>sic</span> <span class='ocrx_word' id='word_1_67' title='bbox 295 599 478 651; x_wconf 88' lang='lat' dir='ltr'>oportet,</span> <span class='ocrx_word' id='word_1_68' title='bbox 510 598 552 636; x_wconf 94' lang='lat' dir='ltr'>et</span> <span class='ocrx_word' id='word_1_69' title='bbox 582 595 663 636; x_wconf 91' lang='lat' dir='ltr'>hoc</span> <span class='ocrx_word' id='word_1_70' title='bbox 695 596 738 635; x_wconf 89' lang='lat' dir='ltr'>et</span> <span class='ocrx_word' id='word_1_71' title='bbox 769 594 854 635; x_wconf 88' lang='lat' dir='ltr'>alia</span> <span class='ocrx_word' id='word_1_72' title='bbox 884 594 1001 635; x_wconf 88' lang='lat' dir='ltr'>iussa</span> <span class='ocrx_word' id='word_1_73' title='bbox 1033 608 1081 634; x_wconf 89' lang='lat' dir='ltr'>ac</span> <span class='ocrx_word' id='word_1_74' title='bbox 1111 593 1247 634; x_wconf 89' lang='lat' dir='ltr'>vetita</span> <span class='ocrx_word' id='word_1_75' title='bbox 1277 593 1534 647; x_wconf 87' lang='lat' dir='ltr'>populorum</span> 
     </span>
     <span class='ocr_line' id='line_1_10' title="bbox 202 651 1536 706; baseline -0.004 -9"><span class='ocrx_word' id='word_1_76' title='bbox 202 657 290 697; x_wconf 85' lang='lat' dir='ltr'>vim</span> <span class='ocrx_word' id='word_1_77' title='bbox 321 656 478 697; x_wconf 88' lang='lat' dir='ltr'>habere</span> <span class='ocrx_word' id='word_1_78' title='bbox 512 654 564 695; x_wconf 87' lang='lat' dir='ltr'>ad</span> <span class='ocrx_word' id='word_1_79' title='bbox 595 655 710 695; x_wconf 89' lang='lat' dir='ltr'>recte</span> <span class='ocrx_word' id='word_1_80' title='bbox 740 653 857 694; x_wconf 85' lang='lat' dir='ltr'>facta</span> <span class='ocrx_word' id='word_1_81' title='bbox 888 652 1066 694; x_wconf 86' lang='lat' dir='ltr'>vocandi</span> <span class='ocrx_word' id='word_1_82' title='bbox 1097 654 1140 693; x_wconf 89' lang='lat' dir='ltr'>et</span> <span class='ocrx_word' id='word_1_83' title='bbox 1171 667 1197 693; x_wconf 85' lang='lat' dir='ltr'>a</span> <span class='ocrx_word' id='word_1_84' title='bbox 1227 651 1412 706; x_wconf 86' lang='lat' dir='ltr'>peccatis</span> <span class='ocrx_word' id='word_1_85' title='bbox 1439 666 1536 700; x_wconf 82' lang='lat' dir='ltr'>avo-</span> 
     </span>
     <span class='ocr_line' id='line_1_11' title="bbox 203 711 1589 768; baseline -0.004 -12"><span class='ocrx_word' id='word_1_86' title='bbox 203 714 337 768; x_wconf 85' lang='lat' dir='ltr'>candi,</span> <span class='ocrx_word' id='word_1_87' title='bbox 373 728 480 768; x_wconf 83' lang='lat' dir='ltr'>quae</span> <span class='ocrx_word' id='word_1_88' title='bbox 512 712 577 754; x_wconf 85' lang='lat' dir='ltr'>vis</span> <span class='ocrx_word' id='word_1_89' title='bbox 608 726 695 753; x_wconf 92' lang='lat' dir='ltr'>non</span> <span class='ocrx_word' id='word_1_90' title='bbox 725 711 851 753; x_wconf 90' lang='lat' dir='ltr'>modo</span> <span class='ocrx_word' id='word_1_91' title='bbox 885 711 1025 752; x_wconf 91' lang='lat' dir='ltr'>senior</span> <span class='ocrx_word' id='word_1_92' title='bbox 1057 713 1122 751; x_wconf 88' lang='lat' dir='ltr'>est</span> <span class='ocrx_word' id='word_1_93' title='bbox 1154 725 1281 764; x_wconf 89' lang='lat' dir='ltr'>quam</span> <span class='ocrx_word' id='word_1_94' title='bbox 1314 712 1431 752; x_wconf 86' lang='lat' dir='ltr'>aetas</span> <span class='ocrx_word' id='word_1_95' title='bbox 1463 724 1536 765; x_wconf 87' lang='lat' dir='ltr'>po·</span> <span class='ocrx_word' id='word_1_96' title='bbox 1555 724 1589 749; x_wconf 84' lang='grc' dir='ltr'>ιο</span> 
     </span>
     <span class='ocr_line' id='line_1_12' title="bbox 202 769 1537 828; baseline -0.003 -14"><span class='ocrx_word' id='word_1_97' title='bbox 202 773 401 828; x_wconf 85' lang='lat' dir='ltr'>pulorum</span> <span class='ocrx_word' id='word_1_98' title='bbox 434 775 476 813; x_wconf 88' lang='lat' dir='ltr'>et</span> <span class='ocrx_word' id='word_1_99' title='bbox 508 771 765 824; x_wconf 86' lang='lat' dir='ltr'>civitatium,</span> <span class='ocrx_word' id='word_1_100' title='bbox 804 770 875 811; x_wconf 87' lang='lat' dir='ltr'>sed</span> <span class='ocrx_word' id='word_1_101' title='bbox 908 769 1098 824; x_wconf 88' lang='lat' dir='ltr'>aequalis</span> <span class='ocrx_word' id='word_1_102' title='bbox 1129 769 1246 810; x_wconf 89' lang='lat' dir='ltr'>illius</span> <span class='ocrx_word' id='word_1_103' title='bbox 1278 769 1442 811; x_wconf 87' lang='lat' dir='ltr'>caelum</span> <span class='ocrx_word' id='word_1_104' title='bbox 1475 771 1537 810; x_wconf 83' lang='lat' dir='ltr'>at·</span> 
     </span>
    </p>

    <p class='ocr_par' dir='ltr' id='par_1_4' title="bbox 136 825 1592 1812">
     <span class='ocr_line' id='line_1_13' title="bbox 136 825 1537 886; baseline -0.004 -13"><span class='ocrx_word' id='word_1_105' title='bbox 136 842 177 873; x_wconf 89' lang='lat'>10</span> <span class='ocrx_word' id='word_1_106' title='bbox 204 846 285 886; x_wconf 91' lang='lat' dir='ltr'>que</span> <span class='ocrx_word' id='word_1_107' title='bbox 322 834 460 872; x_wconf 87' lang='lat' dir='ltr'>terras</span> <span class='ocrx_word' id='word_1_108' title='bbox 497 830 659 872; x_wconf 86' lang='lat' dir='ltr'>tuentis</span> <span class='ocrx_word' id='word_1_109' title='bbox 693 832 736 870; x_wconf 93' lang='lat' dir='ltr'>et</span> <span class='ocrx_word' id='word_1_110' title='bbox 766 829 955 884; x_wconf 88' lang='lat' dir='ltr'>regentis</span> <span class='ocrx_word' id='word_1_111' title='bbox 987 828 1064 869; x_wconf 90' lang='lat' dir='ltr'>dei.</span> <span class='ocrx_word' id='word_1_112' title='bbox 1119 825 1268 882; x_wconf 88' lang='lat' dir='ltr'>Neque</span> <span class='ocrx_word' id='word_1_113' title='bbox 1301 828 1413 869; x_wconf 89' lang='lat' dir='ltr'>enim</span> <span class='ocrx_word' id='word_1_114' title='bbox 1445 842 1537 868; x_wconf 90' lang='lat' dir='ltr'>esse</span> 
     </span>
     <span class='ocr_line' id='line_1_14' title="bbox 202 886 1538 942; baseline -0.003 -11"><span class='ocrx_word' id='word_1_115' title='bbox 202 904 321 932; x_wconf 89' lang='lat' dir='ltr'>mens</span> <span class='ocrx_word' id='word_1_116' title='bbox 354 889 498 930; x_wconf 86' lang='lat' dir='ltr'>divina</span> <span class='ocrx_word' id='word_1_117' title='bbox 530 888 620 930; x_wconf 89' lang='lat' dir='ltr'>sine</span> <span class='ocrx_word' id='word_1_118' title='bbox 651 888 818 930; x_wconf 90' lang='lat' dir='ltr'>ratione</span> <span class='ocrx_word' id='word_1_119' title='bbox 849 889 1005 942; x_wconf 88' lang='lat' dir='ltr'>potest,</span> <span class='ocrx_word' id='word_1_120' title='bbox 1035 901 1112 928; x_wconf 90' lang='lat' dir='ltr'>nec</span> <span class='ocrx_word' id='word_1_121' title='bbox 1143 886 1254 928; x_wconf 89' lang='lat' dir='ltr'>ratio</span> <span class='ocrx_word' id='word_1_122' title='bbox 1284 886 1427 928; x_wconf 85' lang='lat' dir='ltr'>divina</span> <span class='ocrx_word' id='word_1_123' title='bbox 1450 901 1538 927; x_wconf 91' lang='lat' dir='ltr'>non</span> 
     </span>
     <span class='ocr_line' id='line_1_15' title="bbox 201 945 1538 1001; baseline -0.004 -11"><span class='ocrx_word' id='word_1_124' title='bbox 201 949 312 990; x_wconf 88' lang='lat' dir='ltr'>hanc</span> <span class='ocrx_word' id='word_1_125' title='bbox 352 948 440 989; x_wconf 89' lang='lat' dir='ltr'>vim</span> <span class='ocrx_word' id='word_1_126' title='bbox 479 948 524 988; x_wconf 91' lang='lat' dir='ltr'>in</span> <span class='ocrx_word' id='word_1_127' title='bbox 561 947 688 989; x_wconf 90' lang='lat' dir='ltr'>rectis</span> <span class='ocrx_word' id='word_1_128' title='bbox 725 946 954 1001; x_wconf 80' lang='lat' dir='ltr'>pravisque</span> <span class='ocrx_word' id='word_1_129' title='bbox 993 945 1229 986; x_wconf 82' lang='lat' dir='ltr'>sanciendis</span> <span class='ocrx_word' id='word_1_130' title='bbox 1261 945 1410 999; x_wconf 90' lang='lat' dir='ltr'>habet,</span> <span class='ocrx_word' id='word_1_131' title='bbox 1449 959 1538 999; x_wconf 90' lang='lat' dir='ltr'>nec,</span> 
     </span>
     <span class='ocr_line' id='line_1_16' title="bbox 204 1003 1590 1062; baseline -0.004 -13"><span class='ocrx_word' id='word_1_132' title='bbox 204 1007 303 1062; x_wconf 89' lang='lat' dir='ltr'>quia</span> <span class='ocrx_word' id='word_1_133' title='bbox 328 1021 540 1061; x_wconf 85' lang='lat' dir='ltr'>nusquam</span> <span class='ocrx_word' id='word_1_134' title='bbox 566 1009 659 1047; x_wconf 85' lang='lat' dir='ltr'>erat</span> <span class='ocrx_word' id='word_1_135' title='bbox 684 1005 902 1060; x_wconf 89' lang='lat' dir='ltr'>scriptum,</span> <span class='ocrx_word' id='word_1_136' title='bbox 934 1007 982 1045; x_wconf 90' lang='lat' dir='ltr'>ut</span> <span class='ocrx_word' id='word_1_137' title='bbox 1007 1006 1157 1046; x_wconf 87' lang='lat' dir='ltr'>contra</span> <span class='ocrx_word' id='word_1_138' title='bbox 1182 1004 1320 1045; x_wconf 86' lang='lat' dir='ltr'>omnis</span> <span class='ocrx_word' id='word_1_139' title='bbox 1345 1003 1536 1045; x_wconf 86' lang='lat' dir='ltr'>hostium</span> <span class='ocrx_word' id='word_1_140' title='bbox 1557 1016 1590 1042; x_wconf 83' lang='lat'>15</span> 
     </span>
     <span class='ocr_line' id='line_1_17' title="bbox 204 1064 1538 1121; baseline -0.004 -13"><span class='ocrx_word' id='word_1_141' title='bbox 204 1066 348 1121; x_wconf 88' lang='lat' dir='ltr'>copias</span> <span class='ocrx_word' id='word_1_142' title='bbox 388 1066 434 1106; x_wconf 88' lang='lat' dir='ltr'>in</span> <span class='ocrx_word' id='word_1_143' title='bbox 473 1067 603 1120; x_wconf 84' lang='lat' dir='ltr'>ponte</span> <span class='ocrx_word' id='word_1_144' title='bbox 642 1078 750 1105; x_wconf 88' lang='lat' dir='ltr'>unus</span> <span class='ocrx_word' id='word_1_145' title='bbox 790 1064 1018 1105; x_wconf 71' lang='lat' dir='ltr'>adsisteret</span> <span class='ocrx_word' id='word_1_146' title='bbox 1056 1077 1081 1104; x_wconf 89' lang='lat' dir='ltr'>a</span> <span class='ocrx_word' id='word_1_147' title='bbox 1117 1065 1325 1117; x_wconf 88' lang='lat' dir='ltr'>tergoque</span> <span class='ocrx_word' id='word_1_148' title='bbox 1361 1065 1538 1117; x_wconf 89' lang='lat' dir='ltr'>pontem</span> 
     </span>
     <span class='ocr_line' id='line_1_18' title="bbox 203 1120 1537 1177; baseline -0.003 -12"><span class='ocrx_word' id='word_1_149' title='bbox 203 1124 451 1166; x_wconf 73' lang='lat' dir='ltr'>interscindi</span> <span class='ocrx_word' id='word_1_150' title='bbox 483 1124 661 1177; x_wconf 89' lang='lat' dir='ltr'>iuberet,</span> <span class='ocrx_word' id='word_1_151' title='bbox 692 1122 848 1164; x_wconf 91' lang='lat' dir='ltr'>idcirco</span> <span class='ocrx_word' id='word_1_152' title='bbox 880 1122 1020 1163; x_wconf 86' lang='lat' dir='ltr'>minus</span> <span class='ocrx_word' id='word_1_153' title='bbox 1053 1120 1261 1163; x_wconf 83' lang='lat' dir='ltr'>Coclitem</span> <span class='ocrx_word' id='word_1_154' title='bbox 1292 1121 1416 1162; x_wconf 87' lang='lat' dir='ltr'>illum</span> <span class='ocrx_word' id='word_1_155' title='bbox 1447 1135 1537 1162; x_wconf 88' lang='lat' dir='ltr'>rem</span> 
     </span>
     <span class='ocr_line' id='line_1_19' title="bbox 205 1179 1537 1239; baseline -0.004 -14"><span class='ocrx_word' id='word_1_156' title='bbox 205 1183 390 1239; x_wconf 81' lang='lat' dir='ltr'>gessisse</span> <span class='ocrx_word' id='word_1_157' title='bbox 421 1184 590 1224; x_wconf 82' lang='lat' dir='ltr'>tantam</span> <span class='ocrx_word' id='word_1_158' title='bbox 620 1181 887 1223; x_wconf 86' lang='lat' dir='ltr'>fortitudinis</span> <span class='ocrx_word' id='word_1_159' title='bbox 919 1182 1014 1236; x_wconf 89' lang='lat' dir='ltr'>lege</span> <span class='ocrx_word' id='word_1_160' title='bbox 1047 1182 1174 1234; x_wconf 89' lang='lat' dir='ltr'>atque</span> <span class='ocrx_word' id='word_1_161' title='bbox 1205 1179 1385 1234; x_wconf 89' lang='lat' dir='ltr'>imperio</span> <span class='ocrx_word' id='word_1_162' title='bbox 1417 1182 1537 1234; x_wconf 85' lang='lat' dir='ltr'>puta-</span> 
     </span>
     <span class='ocr_line' id='line_1_20' title="bbox 204 1237 1537 1296; baseline -0.004 -13"><span class='ocrx_word' id='word_1_163' title='bbox 204 1242 363 1296; x_wconf 80' lang='lat' dir='ltr'>bimus,</span> <span class='ocrx_word' id='word_1_164' title='bbox 399 1256 494 1295; x_wconf 89' lang='lat' dir='ltr'>nec,</span> <span class='ocrx_word' id='word_1_165' title='bbox 532 1241 569 1282; x_wconf 89' lang='lat' dir='ltr'>si</span> <span class='ocrx_word' id='word_1_166' title='bbox 600 1243 806 1295; x_wconf 78' lang='lat' dir='ltr'>regnante</span> <span class='ocrx_word' id='word_1_167' title='bbox 838 1240 886 1281; x_wconf 92' lang='lat' dir='ltr'>L.</span> <span class='ocrx_word' id='word_1_168' title='bbox 917 1239 1150 1293; x_wconf 87' lang='lat' dir='ltr'>Tarquinio</span> <span class='ocrx_word' id='word_1_169' title='bbox 1181 1239 1300 1280; x_wconf 89' lang='lat' dir='ltr'>nulla</span> <span class='ocrx_word' id='word_1_170' title='bbox 1332 1240 1424 1279; x_wconf 85' lang='lat' dir='ltr'>erat</span> <span class='ocrx_word' id='word_1_171' title='bbox 1455 1237 1537 1279; x_wconf 91' lang='lat' dir='ltr'>Ro-</span> 
     </span>
     <span class='ocr_line' id='line_1_21' title="bbox 205 1297 1592 1355; baseline -0.004 -13"><span class='ocrx_word' id='word_1_172' title='bbox 205 1316 298 1342; x_wconf 89' lang='lat' dir='ltr'>mae</span> <span class='ocrx_word' id='word_1_173' title='bbox 337 1300 499 1355; x_wconf 87' lang='lat' dir='ltr'>scripta</span> <span class='ocrx_word' id='word_1_174' title='bbox 529 1300 598 1341; x_wconf 82' lang='lat' dir='ltr'>lex</span> <span class='ocrx_word' id='word_1_175' title='bbox 630 1300 680 1340; x_wconf 86' lang='lat' dir='ltr'>de</span> <span class='ocrx_word' id='word_1_176' title='bbox 712 1299 890 1353; x_wconf 80' lang='lat' dir='ltr'>stupris,</span> <span class='ocrx_word' id='word_1_177' title='bbox 928 1298 1084 1339; x_wconf 89' lang='lat' dir='ltr'>idcirco</span> <span class='ocrx_word' id='word_1_178' title='bbox 1116 1312 1203 1338; x_wconf 90' lang='lat' dir='ltr'>non</span> <span class='ocrx_word' id='word_1_179' title='bbox 1234 1299 1383 1338; x_wconf 88' lang='lat' dir='ltr'>contra</span> <span class='ocrx_word' id='word_1_180' title='bbox 1414 1297 1536 1337; x_wconf 88' lang='lat' dir='ltr'>illam</span> <span class='ocrx_word' id='word_1_181' title='bbox 1556 1310 1592 1335; x_wconf 85' lang='lat'>20</span> 
     </span>
     <span class='ocr_line' id='line_1_22' title="bbox 204 1355 1538 1415; baseline -0.004 -14"><span class='ocrx_word' id='word_1_182' title='bbox 204 1361 344 1415; x_wconf 88' lang='lat' dir='ltr'>legem</span> <span class='ocrx_word' id='word_1_183' title='bbox 389 1359 695 1413; x_wconf 88' lang='lat' dir='ltr'>sempiternam</span> <span class='ocrx_word' id='word_1_184' title='bbox 739 1356 830 1398; x_wconf 81' lang='lat' dir='ltr'>Sex.</span> <span class='ocrx_word' id='word_1_185' title='bbox 874 1356 1129 1411; x_wconf 83' lang='lat' dir='ltr'>Tarquinius</span> <span class='ocrx_word' id='word_1_186' title='bbox 1173 1355 1259 1397; x_wconf 89' lang='lat' dir='ltr'>vim</span> <span class='ocrx_word' id='word_1_187' title='bbox 1303 1355 1538 1409; x_wconf 79' lang='lat' dir='ltr'>Lucretiae,</span> 
     </span>
     <span class='ocr_line' id='line_1_23' title="bbox 205 1414 1539 1473; baseline -0.004 -14"><span class='ocrx_word' id='word_1_188' title='bbox 205 1418 447 1473; x_wconf 84' lang='lat' dir='ltr'>Tricipitini</span> <span class='ocrx_word' id='word_1_189' title='bbox 476 1417 608 1471; x_wconf 84' lang='lat' dir='ltr'>filiae,</span> <span class='ocrx_word' id='word_1_190' title='bbox 644 1416 803 1458; x_wconf 84' lang='lat' dir='ltr'>attulit.</span> <span class='ocrx_word' id='word_1_191' title='bbox 864 1416 972 1457; x_wconf 84' lang='lat' dir='ltr'>Erat</span> <span class='ocrx_word' id='word_1_192' title='bbox 1005 1415 1116 1456; x_wconf 88' lang='lat' dir='ltr'>enim</span> <span class='ocrx_word' id='word_1_193' title='bbox 1148 1414 1259 1456; x_wconf 90' lang='lat' dir='ltr'>ratio</span> <span class='ocrx_word' id='word_1_194' title='bbox 1291 1414 1483 1468; x_wconf 88' lang='lat' dir='ltr'>profecta</span> <span class='ocrx_word' id='word_1_195' title='bbox 1514 1429 1539 1455; x_wconf 90' lang='lat' dir='ltr'>a</span> 
     </span>
     <span class='ocr_line' id='line_1_24' title="bbox 204 1473 1540 1527; baseline -0.004 -9"><span class='ocrx_word' id='word_1_196' title='bbox 204 1492 348 1518; x_wconf 89' lang='lat' dir='ltr'>rerum</span> <span class='ocrx_word' id='word_1_197' title='bbox 392 1479 549 1518; x_wconf 90' lang='lat' dir='ltr'>natura</span> <span class='ocrx_word' id='word_1_198' title='bbox 589 1478 631 1517; x_wconf 92' lang='lat' dir='ltr'>et</span> <span class='ocrx_word' id='word_1_199' title='bbox 669 1475 722 1516; x_wconf 89' lang='lat' dir='ltr'>ad</span> <span class='ocrx_word' id='word_1_200' title='bbox 759 1477 872 1516; x_wconf 89' lang='lat' dir='ltr'>recte</span> <span class='ocrx_word' id='word_1_201' title='bbox 909 1474 1149 1515; x_wconf 86' lang='lat' dir='ltr'>faciendum</span> <span class='ocrx_word' id='word_1_202' title='bbox 1186 1473 1396 1527; x_wconf 83' lang='lat' dir='ltr'>inpellens</span> <span class='ocrx_word' id='word_1_203' title='bbox 1434 1475 1477 1513; x_wconf 94' lang='lat' dir='ltr'>et</span> <span class='ocrx_word' id='word_1_204' title='bbox 1514 1487 1540 1514; x_wconf 93' lang='lat' dir='ltr'>a</span> 
     </span>
     <span class='ocr_line' id='line_1_25' title="bbox 205 1531 1538 1589; baseline -0.005 -12"><span class='ocrx_word' id='word_1_205' title='bbox 205 1536 360 1577; x_wconf 88' lang='lat' dir='ltr'>delicto</span> <span class='ocrx_word' id='word_1_206' title='bbox 387 1549 583 1589; x_wconf 87' lang='lat' dir='ltr'>avocans,</span> <span class='ocrx_word' id='word_1_207' title='bbox 611 1549 717 1588; x_wconf 90' lang='lat' dir='ltr'>quae</span> <span class='ocrx_word' id='word_1_208' title='bbox 742 1548 828 1576; x_wconf 89' lang='lat' dir='ltr'>non</span> <span class='ocrx_word' id='word_1_209' title='bbox 852 1536 945 1574; x_wconf 89' lang='lat' dir='ltr'>tum</span> <span class='ocrx_word' id='word_1_210' title='bbox 972 1532 1151 1586; x_wconf 88' lang='lat' dir='ltr'>denique</span> <span class='ocrx_word' id='word_1_211' title='bbox 1176 1531 1327 1586; x_wconf 89' lang='lat' dir='ltr'>incipit</span> <span class='ocrx_word' id='word_1_212' title='bbox 1346 1532 1414 1572; x_wconf 88' lang='lat' dir='ltr'>lex</span> <span class='ocrx_word' id='word_1_213' title='bbox 1434 1545 1538 1586; x_wconf 88' lang='lat' dir='ltr'>esse,</span> 
     </span>
     <span class='ocr_line' id='line_1_26' title="bbox 205 1592 1592 1649; baseline -0.005 -13"><span class='ocrx_word' id='word_1_214' title='bbox 205 1609 335 1649; x_wconf 90' lang='lat' dir='ltr'>quom</span> <span class='ocrx_word' id='word_1_215' title='bbox 363 1594 525 1649; x_wconf 88' lang='lat' dir='ltr'>scripta</span> <span class='ocrx_word' id='word_1_216' title='bbox 551 1596 628 1647; x_wconf 88' lang='lat' dir='ltr'>est,</span> <span class='ocrx_word' id='word_1_217' title='bbox 654 1593 727 1634; x_wconf 87' lang='lat' dir='ltr'>sed</span> <span class='ocrx_word' id='word_1_218' title='bbox 752 1594 856 1646; x_wconf 90' lang='lat' dir='ltr'>tum,</span> <span class='ocrx_word' id='word_1_219' title='bbox 883 1606 1012 1646; x_wconf 89' lang='lat' dir='ltr'>quom</span> <span class='ocrx_word' id='word_1_220' title='bbox 1039 1594 1133 1632; x_wconf 88' lang='lat' dir='ltr'>orta</span> <span class='ocrx_word' id='word_1_221' title='bbox 1159 1593 1242 1644; x_wconf 82' lang='lat' dir='ltr'>est3</span> <span class='ocrx_word' id='word_1_222' title='bbox 1274 1592 1369 1631; x_wconf 85' lang='lat' dir='ltr'>orta</span> <span class='ocrx_word' id='word_1_223' title='bbox 1395 1592 1538 1631; x_wconf 90' lang='lat' dir='ltr'>autem</span> <span class='ocrx_word' id='word_1_224' title='bbox 1558 1602 1592 1628; x_wconf 81' lang='lat'>25</span> 
     </span>
     <span class='ocr_line' id='line_1_27' title="bbox 205 1648 1540 1698; baseline -0.004 -3"><span class='ocrx_word' id='word_1_225' title='bbox 205 1656 270 1695; x_wconf 91' lang='lat' dir='ltr'>est</span> <span class='ocrx_word' id='word_1_226' title='bbox 302 1653 430 1694; x_wconf 88' lang='lat' dir='ltr'>simul</span> <span class='ocrx_word' id='word_1_227' title='bbox 463 1667 559 1694; x_wconf 85' lang='lat' dir='ltr'>cum</span> <span class='ocrx_word' id='word_1_228' title='bbox 589 1654 732 1693; x_wconf 90' lang='lat' dir='ltr'>mente</span> <span class='ocrx_word' id='word_1_229' title='bbox 764 1651 918 1692; x_wconf 87' lang='lat' dir='ltr'>divina.</span> <span class='ocrx_word' id='word_1_230' title='bbox 968 1648 1104 1698; x_wconf 79' lang='lat' dir='ltr'>Quam</span> <span class='ocrx_word' id='word_1_231' title='bbox 1137 1650 1190 1690; x_wconf 87' lang='lat' dir='ltr'>ob</span> <span class='ocrx_word' id='word_1_232' title='bbox 1223 1663 1314 1689; x_wconf 87' lang='lat' dir='ltr'>rem</span> <span class='ocrx_word' id='word_1_233' title='bbox 1345 1649 1413 1689; x_wconf 87' lang='lat' dir='ltr'>lex</span> <span class='ocrx_word' id='word_1_234' title='bbox 1438 1663 1540 1690; x_wconf 83' lang='lat' dir='ltr'>vera</span> 
     </span>
     <span class='ocr_line' id='line_1_28' title="bbox 205 1707 1538 1766; baseline -0.004 -13"><span class='ocrx_word' id='word_1_235' title='bbox 205 1715 334 1766; x_wconf 87' lang='lat' dir='ltr'>atque</span> <span class='ocrx_word' id='word_1_236' title='bbox 378 1711 576 1766; x_wconf 88' lang='lat' dir='ltr'>princeps</span> <span class='ocrx_word' id='word_1_237' title='bbox 621 1713 722 1765; x_wconf 89' lang='lat' dir='ltr'>apta</span> <span class='ocrx_word' id='word_1_238' title='bbox 765 1710 818 1751; x_wconf 90' lang='lat' dir='ltr'>ad</span> <span class='ocrx_word' id='word_1_239' title='bbox 860 1708 1090 1750; x_wconf 85' lang='lat' dir='ltr'>iubendum</span> <span class='ocrx_word' id='word_1_240' title='bbox 1134 1710 1176 1748; x_wconf 86' lang='lat' dir='ltr'>et</span> <span class='ocrx_word' id='word_1_241' title='bbox 1219 1707 1273 1749; x_wconf 86' lang='lat' dir='ltr'>ad</span> <span class='ocrx_word' id='word_1_242' title='bbox 1308 1707 1538 1749; x_wconf 85' lang='lat' dir='ltr'>vetandum</span> 
     </span>
     <span class='ocr_line' id='line_1_29' title="bbox 205 1768 906 1812; baseline -0.004 0"><span class='ocrx_word' id='word_1_243' title='bbox 205 1771 316 1812; x_wconf 87' lang='lat' dir='ltr'>ratio</span> <span class='ocrx_word' id='word_1_244' title='bbox 350 1773 415 1811; x_wconf 92' lang='lat' dir='ltr'>est</span> <span class='ocrx_word' id='word_1_245' title='bbox 445 1773 563 1812; x_wconf 90' lang='lat' dir='ltr'>recta</span> <span class='ocrx_word' id='word_1_246' title='bbox 594 1769 749 1810; x_wconf 87' lang='lat' dir='ltr'>summi</span> <span class='ocrx_word' id='word_1_247' title='bbox 779 1768 906 1810; x_wconf 88' lang='lat' dir='ltr'>Iovis.</span> 
     </span>
    </p>

    <p class='ocr_par' dir='ltr' id='par_1_5' title="bbox 139 1816 1592 2353">
     <span class='ocr_line' id='line_1_30' title="bbox 139 1816 1539 1898; baseline -0.004 -27"><span class='ocrx_word' id='word_1_248' title='bbox 139 1816 180 1898; x_wconf 60' lang='lat'><em>3</em></span> <span class='ocrx_word' id='word_1_249' title='bbox 295 1830 339 1881; x_wconf 72' lang='lat' dir='ltr'>Q.</span> <span class='ocrx_word' id='word_1_250' title='bbox 366 1829 610 1882; x_wconf 87' lang='lat' dir='ltr'>Adsentior,</span> <span class='ocrx_word' id='word_1_251' title='bbox 634 1828 779 1881; x_wconf 88' lang='lat' dir='ltr'>frater,</span> <span class='ocrx_word' id='word_1_252' title='bbox 805 1829 864 1881; x_wconf 83' lang='lat' dir='ltr'>ut,</span> <span class='ocrx_word' id='word_1_253' title='bbox 889 1827 1001 1881; x_wconf 89' lang='lat' dir='ltr'>quod</span> <span class='ocrx_word' id='word_1_254' title='bbox 1028 1829 1092 1867; x_wconf 83' lang='lat' dir='ltr'>est</span> <span class='ocrx_word' id='word_1_255' title='bbox 1117 1828 1280 1867; x_wconf 88' lang='lat' dir='ltr'>rectum</span> <span class='ocrx_word' id='word_1_256' title='bbox 1306 1839 1539 1877; x_wconf 77' lang='lat' dir='ltr'>verumque,</span> 
     </span>
     <span class='ocr_line' id='line_1_31' title="bbox 205 1883 1592 1942; baseline -0.004 -13"><span class='ocrx_word' id='word_1_257' title='bbox 205 1892 413 1930; x_wconf 72' lang='lat' dir='ltr'>aeternum</span> <span class='ocrx_word' id='word_1_258' title='bbox 448 1901 609 1942; x_wconf 78' lang='lat' dir='ltr'>quoque</span> <span class='ocrx_word' id='word_1_259' title='bbox 648 1887 704 1927; x_wconf 90' lang='lat' dir='ltr'>sit</span> <span class='ocrx_word' id='word_1_260' title='bbox 733 1901 870 1940; x_wconf 89' lang='lat' dir='ltr'>neque</span> <span class='ocrx_word' id='word_1_261' title='bbox 903 1900 997 1927; x_wconf 87' lang='lat' dir='ltr'>cum</span> <span class='ocrx_word' id='word_1_262' title='bbox 1029 1885 1204 1937; x_wconf 87' lang='lat' dir='ltr'>litteris,</span> <span class='ocrx_word' id='word_1_263' title='bbox 1245 1883 1398 1938; x_wconf 86' lang='lat' dir='ltr'>quibus</span> <span class='ocrx_word' id='word_1_264' title='bbox 1431 1883 1539 1925; x_wconf 85' lang='lat' dir='ltr'>scita</span> <span class='ocrx_word' id='word_1_265' title='bbox 1558 1894 1592 1919; x_wconf 83' lang='lat'>30</span> 
     </span>
     <span class='ocr_line' id='line_1_32' title="bbox 206 1942 1541 1999; baseline -0.004 -11"><span class='ocrx_word' id='word_1_266' title='bbox 206 1947 468 1999; x_wconf 86' lang='lat' dir='ltr'>scribuntur,</span> <span class='ocrx_word' id='word_1_267' title='bbox 507 1949 581 1987; x_wconf 88' lang='lat' dir='ltr'>aut</span> <span class='ocrx_word' id='word_1_268' title='bbox 613 1945 777 1986; x_wconf 86' lang='lat' dir='ltr'>oriatur</span> <span class='ocrx_word' id='word_1_269' title='bbox 809 1947 882 1986; x_wconf 86' lang='lat' dir='ltr'>aut</span> <span class='ocrx_word' id='word_1_270' title='bbox 915 1944 1090 1986; x_wconf 87' lang='lat' dir='ltr'>occidat.</span> <span class='ocrx_word' id='word_1_271' title='bbox 1140 1944 1203 1985; x_wconf 81' lang='lat' dir='ltr'>M.</span> <span class='ocrx_word' id='word_1_272' title='bbox 1233 1943 1352 1998; x_wconf 88' lang='lat' dir='ltr'>Ergo</span> <span class='ocrx_word' id='word_1_273' title='bbox 1385 1944 1433 1983; x_wconf 92' lang='lat' dir='ltr'>ut</span> <span class='ocrx_word' id='word_1_274' title='bbox 1464 1942 1541 1983; x_wconf 84' lang='lat' dir='ltr'>illa</span> 
     </span>
     <span class='ocr_line' id='line_1_33' title="bbox 206 2000 1539 2056; baseline -0.005 -9"><span class='ocrx_word' id='word_1_275' title='bbox 206 2005 350 2047; x_wconf 87' lang='lat' dir='ltr'>divina</span> <span class='ocrx_word' id='word_1_276' title='bbox 389 2020 508 2046; x_wconf 87' lang='lat' dir='ltr'>mens</span> <span class='ocrx_word' id='word_1_277' title='bbox 547 2019 713 2045; x_wconf 89' lang='lat' dir='ltr'>summa</span> <span class='ocrx_word' id='word_1_278' title='bbox 749 2004 816 2044; x_wconf 80' lang='lat' dir='ltr'>lex</span> <span class='ocrx_word' id='word_1_279' title='bbox 850 2006 931 2055; x_wconf 88' lang='lat' dir='ltr'>est,</span> <span class='ocrx_word' id='word_1_280' title='bbox 971 2003 1092 2056; x_wconf 90' lang='lat' dir='ltr'>item,</span> <span class='ocrx_word' id='word_1_281' title='bbox 1134 2016 1263 2056; x_wconf 88' lang='lat' dir='ltr'>quom</span> <span class='ocrx_word' id='word_1_282' title='bbox 1294 2001 1339 2042; x_wconf 90' lang='lat' dir='ltr'>in</span> <span class='ocrx_word' id='word_1_283' title='bbox 1368 2000 1539 2042; x_wconf 87' lang='lat' dir='ltr'>homine</span> 
     </span>
     <span class='ocr_line' id='line_1_34' title="bbox 206 2061 1539 2119; baseline -0.004 -14"><span class='ocrx_word' id='word_1_284' title='bbox 206 2067 272 2106; x_wconf 92' lang='lat' dir='ltr'>est</span> <span class='ocrx_word' id='word_1_285' title='bbox 302 2063 502 2119; x_wconf 88' lang='lat' dir='ltr'>perfecta,</span> <span class='ocrx_word' id='word_1_286' title='bbox 540 2097 548 2104; x_wconf 91' lang='lat'><strong>.</strong></span> <span class='ocrx_word' id='word_1_287' title='bbox 570 2097 577 2104; x_wconf 96' lang='lat'>.</span> <span class='ocrx_word' id='word_1_288' title='bbox 599 2097 607 2104; x_wconf 92' lang='lat'><strong>.</strong></span> <span class='ocrx_word' id='word_1_289' title='bbox 636 2063 681 2104; x_wconf 90' lang='lat' dir='ltr'>in</span> <span class='ocrx_word' id='word_1_290' title='bbox 712 2064 852 2103; x_wconf 87' lang='lat' dir='ltr'>mente</span> <span class='ocrx_word' id='word_1_291' title='bbox 879 2061 1104 2116; x_wconf 69' lang='lat' dir='ltr'>sapientis,</span> <span class='ocrx_word' id='word_1_292' title='bbox 1137 2075 1244 2115; x_wconf 87' lang='lat' dir='ltr'>quae</span> <span class='ocrx_word' id='word_1_293' title='bbox 1271 2061 1371 2101; x_wconf 87' lang='lat' dir='ltr'>sunt</span> <span class='ocrx_word' id='word_1_294' title='bbox 1396 2062 1539 2100; x_wconf 86' lang='lat' dir='ltr'>autem</span> 
     </span>
     <span class='ocr_line' id='line_1_35' title="bbox 205 2118 1539 2176; baseline -0.004 -12"><span class='ocrx_word' id='word_1_295' title='bbox 205 2123 322 2164; x_wconf 85' lang='lat' dir='ltr'>varie</span> <span class='ocrx_word' id='word_1_296' title='bbox 361 2125 404 2164; x_wconf 90' lang='lat' dir='ltr'>et</span> <span class='ocrx_word' id='word_1_297' title='bbox 442 2122 494 2163; x_wconf 83' lang='lat' dir='ltr'>ad</span> <span class='ocrx_word' id='word_1_298' title='bbox 525 2124 695 2176; x_wconf 87' lang='lat' dir='ltr'>tempus</span> <span class='ocrx_word' id='word_1_299' title='bbox 735 2119 964 2175; x_wconf 78' lang='lat' dir='ltr'>discriptae</span> <span class='ocrx_word' id='word_1_300' title='bbox 995 2119 1186 2174; x_wconf 88' lang='lat' dir='ltr'>populis,</span> <span class='ocrx_word' id='word_1_301' title='bbox 1221 2118 1369 2160; x_wconf 87' lang='lat' dir='ltr'>favore</span> <span class='ocrx_word' id='word_1_302' title='bbox 1401 2118 1539 2173; x_wconf 83' lang='lat' dir='ltr'>magis</span> 
     </span>
     <span class='ocr_line' id='line_1_36' title="bbox 207 2177 1592 2236; baseline -0.005 -13"><span class='ocrx_word' id='word_1_303' title='bbox 207 2197 334 2236; x_wconf 80' lang='lat' dir='ltr'>quan]</span> <span class='ocrx_word' id='word_1_304' title='bbox 372 2196 416 2222; x_wconf 89' lang='lat' dir='ltr'>re</span> <span class='ocrx_word' id='word_1_305' title='bbox 454 2181 599 2236; x_wconf 90' lang='lat' dir='ltr'>legum</span> <span class='ocrx_word' id='word_1_306' title='bbox 636 2194 793 2221; x_wconf 88' lang='lat' dir='ltr'>nomen</span> <span class='ocrx_word' id='word_1_307' title='bbox 824 2181 981 2220; x_wconf 88' lang='lat' dir='ltr'>tenent.</span> <span class='ocrx_word' id='word_1_308' title='bbox 1032 2178 1211 2220; x_wconf 88' lang='lat' dir='ltr'>Omnem</span> <span class='ocrx_word' id='word_1_309' title='bbox 1245 2177 1353 2218; x_wconf 86' lang='lat' dir='ltr'>enim</span> <span class='ocrx_word' id='word_1_310' title='bbox 1388 2177 1539 2231; x_wconf 78' lang='lat' dir='ltr'>legem,</span> <span class='ocrx_word' id='word_1_311' title='bbox 1558 2186 1592 2212; x_wconf 83' lang='lat'>35</span> 
     </span>
     <span class='ocr_line' id='line_1_37' title="bbox 207 2235 1540 2295; baseline -0.005 -13"><span class='ocrx_word' id='word_1_312' title='bbox 207 2255 314 2295; x_wconf 90' lang='lat' dir='ltr'>quae</span> <span class='ocrx_word' id='word_1_313' title='bbox 347 2240 517 2294; x_wconf 88' lang='lat' dir='ltr'>quidem</span> <span class='ocrx_word' id='word_1_314' title='bbox 548 2241 662 2280; x_wconf 88' lang='lat' dir='ltr'>recte</span> <span class='ocrx_word' id='word_1_315' title='bbox 693 2239 761 2279; x_wconf 86' lang='lat' dir='ltr'>lex</span> <span class='ocrx_word' id='word_1_316' title='bbox 794 2237 1003 2293; x_wconf 87' lang='lat' dir='ltr'>appellari</span> <span class='ocrx_word' id='word_1_317' title='bbox 1034 2237 1189 2291; x_wconf 86' lang='lat' dir='ltr'>possit,</span> <span class='ocrx_word' id='word_1_318' title='bbox 1227 2250 1319 2277; x_wconf 88' lang='lat' dir='ltr'>esse</span> <span class='ocrx_word' id='word_1_319' title='bbox 1352 2235 1540 2276; x_wconf 79' lang='lat' dir='ltr'>laudabi-</span> 
     </span>
     <span class='ocr_line' id='line_1_38' title="bbox 205 2292 1541 2353; baseline -0.004 -13"><span class='ocrx_word' id='word_1_320' title='bbox 205 2299 291 2341; x_wconf 88' lang='lat' dir='ltr'>lem</span> <span class='ocrx_word' id='word_1_321' title='bbox 336 2298 589 2353; x_wconf 87' lang='lat' dir='ltr'>quibusdam</span> <span class='ocrx_word' id='word_1_322' title='bbox 633 2297 793 2338; x_wconf 87' lang='lat' dir='ltr'>talibus</span> <span class='ocrx_word' id='word_1_323' title='bbox 838 2295 1103 2352; x_wconf 87' lang='lat' dir='ltr'>argumentis</span> <span class='ocrx_word' id='word_1_324' title='bbox 1145 2295 1313 2336; x_wconf 76' lang='lat' dir='ltr'>docent:</span> <span class='ocrx_word' id='word_1_325' title='bbox 1358 2292 1541 2335; x_wconf 84' lang='lat' dir='ltr'>Constat</span> 
     </span>
    </p>
   </div>
   <div class='ocr_carea' id='block_1_3' title="bbox 1615 0 1685 2568">
    <p class='ocr_par' dir='ltr' id='par_1_6' title="bbox 1615 0 1685 2568">
     <span class='ocr_line' id='line_1_39' title="bbox 1615 0 1685 2568; baseline 0 0"><span class='ocrx_word' id='word_1_326' title='bbox 1615 0 1685 2568; x_wconf 95' lang='lat' dir='ltr'> </span> 
     </span>
    </p>
   </div>
  </div>
 </body>
</html>
