1685 2568
229 80 319 121 432
754 79 818 114 DE
843 79 1046 114 LEGIBUS

229 176 340 210 taret.
391 175 507 216 Quam
542 175 589 209 ob
622 185 699 208 rem
730 174 1010 218 discriptionem
1040 172 1327 217 magistratuum
1357 171 1561 207 Romanam

231 220 386 255 retinuit
419 232 485 256 nec
518 221 676 255 multum
710 220 838 255 attulit
868 220 965 254 novi.
1016 218 1283 264 Explicationis
1315 230 1451 263 magna
1474 230 1559 264 pars

231 268 392 310 interiit,
425 268 462 302 in
494 279 537 303 ea
569 270 710 310 autem,
742 278 834 311 quae
860 266 1013 305 mansit,
1046 265 1216 310 egregiae
1242 267 1280 300 et
1305 266 1488 310 sapientes
1514 266 1559 301 de

232 315 482 360 legationibus
507 315 645 357 liberis,
671 314 715 349 de
740 315 928 358 potestate
953 312 1163 355 tribunicia,
1191 312 1235 346 de
1262 314 1409 346 senatus
1429 312 1561 348 sancti-

230 363 309 397 tate
336 364 373 397 et
397 362 623 406 integritate,
650 361 695 395 de
721 360 865 404 legibus
890 360 1098 395 tabellariis
1123 361 1192 395 etc.
1219 358 1488 404 disputationes
1508 370 1562 394 re-

230 409 433 454 periuntur.
479 410 522 443 ln
547 408 697 453 epilogo
717 407 972 451 significantur
990 407 1178 451 librorum,
1205 405 1267 451 qui
1285 406 1562 450 interciderunt,

231 455 535 500 consequentium
560 454 769 490 summaria.

188 624 208 708 ξ
321 647 504 689 MARCUS.
535 643 699 699 Sequar
728 643 881 700 igitur,
919 646 967 685 ut
997 643 1183 697 institui,
1221 642 1410 685 divinum
1439 643 1564 685 illum

232 705 390 758 virum,
428 719 554 758 quem
594 703 777 757 quadam
814 702 1095 744 admiratione
1126 705 1363 744 commotus
1395 702 1563 757 saepius

231 765 417 806 fortasse
449 762 588 817 laudo,
621 777 749 816 quam
780 776 949 803 necesse
982 764 1058 802 est.
1118 762 1219 803 ATT.
1248 761 1475 803 Platonem
1506 761 1564 802 vi-

234 823 387 864 delicet
420 822 534 863 dicis.
589 822 651 863 M.
682 820 821 862 Istum
852 821 1005 875 ipsum,
1037 819 1193 862 Attice.
1243 820 1343 862 Am.
1374 820 1438 862 Tu
1463 834 1563 861 vero

232 897 330 923 eum
367 895 444 922 1166
480 880 608 921 nimis
645 879 769 921 valde
806 894 1010 933 umquam
1046 893 1124 920 1166
1159 878 1287 919 nimis
1320 893 1446 933 saepe
1477 878 1600 920 lau-5

233 940 421 994 daveris3
452 954 552 980 nam
584 939 665 980 1106
697 938 802 979 mihi
829 938 959 979 etiam
984 937 1122 979 nostri
1146 937 1224 991 illi,
1257 937 1329 991 qui
1353 937 1566 979 neminem

233 999 317 1040 nisi
344 1013 467 1040 suum
494 997 661 1039 laudari
685 997 848 1050 volunt,
880 996 1127 1050 concedunt,
1158 999 1206 1037 ut
1232 1011 1326 1038 eum
1353 996 1567 1037 arbitratu

234 1072 327 1099 meo
372 1057 563 1111 diligam.
628 1056 691 1098 M.
732 1055 846 1096 Bene
887 1055 1027 1096 hercle
1068 1055 1242 1096 faciunt.
1303 1054 1413 1103 Quid
1453 1055 1565 1096 enim

233 1119 301 1158 est
332 1116 548 1171 elegantia
579 1117 654 1156 tua
680 1114 878 1169 dignius?
912 1115 1029 1156 6111113
1057 1116 1099 1154 et
1125 1114 1214 1155 vita
1239 1116 1281 1155 et
1307 1114 1444 1155 oratio
1471 1128 1566 1155 6011-

234 1178 381 1217 secuta
407 1174 512 1215 mihi
538 1174 705 1215 videtur
731 1173 1029 1214 difficillimam
1055 1173 1177 1214 illam
1203 1173 1450 1214 societatem
1474 1187 1567 1227 gra-
1587 1184 1618 1208 10

234 1233 383 1276 vitatis
422 1248 517 1275 cum
548 1232 828 1274 humanitate.
888 1233 987 1274 ATT.
1020 1230 1129 1273 Sane
1161 1232 1343 1287 gaudeo,
1381 1231 1493 1286 quod
1524 1233 1566 1272 te

234 1292 525 1347 interpellavi,
569 1291 771 1345 quoniam
814 1291 984 1345 quidem
1026 1293 1117 1331 tam
1157 1290 1424 1345 praeclarum
1461 1290 1567 1331 mihi

236 1351 390 1393 dedisti
427 1350 571 1392 iudicii
602 1350 666 1391 tui
697 1349 1002 1390 testimonium.
1059 1349 1139 1390 Sed
1171 1363 1312 1404 perge,
1343 1351 1391 1390 ut
1423 1363 1567 1403 coepe-

187 1416 209 1447 2
235 1425 318 1452 ras.
367 1410 429 1451 M.
461 1409 700 1450 Laudemus
732 1409 866 1464 igitur
897 1408 1015 1462 prius
1047 1408 1187 1463 legem
1218 1408 1356 1462 ipsam
1386 1407 1498 1449 veris
1524 1409 1567 1448 et

236 1468 422 1524 propriis
451 1468 619 1522 generis
645 1467 711 1509 sui
737 1467 946 1508 laudibus.
988 1468 1088 1509 ATT.
1108 1465 1218 1508 Sane
1244 1466 1426 1520 quidem,
1459 1466 1618 1508 sicut15

236 1528 287 1569 de
319 1527 577 1582 religionum
609 1527 704 1581 lege
735 1526 888 1568 fecisti.

323 1587 386 1628 M.
419 1585 584 1626 Videtis
623 1586 757 1640 igitur
794 1585 1074 1639 magistratus
1112 1583 1222 1625 hanc
1254 1597 1346 1625 esse
1377 1583 1482 1638 vim,
1519 1586 1567 1625 ut

235 1645 398 1700 praesit
423 1644 770 1700 praescribatque
796 1646 912 1684 recta
938 1646 980 1684 et
1006 1643 1131 1684 utilia
1157 1645 1199 1684 et
1225 1643 1450 1696 coniuncta
1472 1657 1567 1684 cum

235 1704 417 1759 legibus,
483 1702 545 1745 Ut
594 1703 706 1744 enim
749 1702 1073 1757 magistratibus
1118 1702 1252 1756 leges,
1301 1701 1364 1742 ita
1406 1701 1567 1756 populo

235 1764 441 1818 praesunt
480 1762 779 1817 magistratus,
820 1775 1001 1814 vereque
1042 1760 1124 1801 dici
1160 1762 1304 1814 potest
1341 1760 1567 1815 magistra·
1586 1770 1619 1795 20

236 1824 329 1862 tum
362 1821 500 1875 legem
533 1835 625 1861 esse
657 1820 913 1874 loquentem,
946 1820 1085 1874 legem
1117 1822 1259 1860 autem
1290 1821 1456 1860 mutum
1483 1833 1568 1859 ma-

188 1887 210 1918 3
238 1880 482 1934 gistratum.
543 1879 664 1920 Nihil
703 1893 829 1933 porro
871 1881 961 1919 tam
999 1881 1147 1932 aptum
1186 1880 1250 1918 est
1287 1877 1340 1918 ad
1376 1878 1441 1918 ius
1474 1892 1568 1919 con-

237 1939 528 1992 dicionemque
565 1941 743 1979 naturae
782 1936 913 1992 (quod
951 1951 1079 1991 quom
1117 1936 1226 1990 dico,
1264 1937 1404 1992 legem
1446 1951 1471 1978 a
1502 1950 1568 1977 me

238 1997 319 2038 dici
350 1996 545 2052 intellegi
576 1995 694 2051 volo)
728 2010 854 2050 quam
886 1995 1129 2050 imperium,
1161 1995 1250 2036 sine
1283 2010 1365 2049 quo
1397 2009 1474 2035 nec
1500 1994 1568 2036 do-

238 2070 332 2097 mus
372 2056 461 2097 ulla
499 2070 576 2096 nec
613 2055 764 2096 civitas
801 2069 877 2095 nec
910 2069 1014 2109 gens
1045 2069 1122 2095 neo
1152 2053 1373 2095 hominum
1405 2053 1569 2095 univer·
1588 2064 1621 2089 25

238 2129 334 2156 sum
378 2128 510 2170 genus
555 2116 669 2155 stare
709 2128 785 2155 1166
821 2127 962 2154 rerum
999 2115 1153 2154 natura
1191 2112 1328 2154 omnis
1365 2127 1442 2154 nee
1478 2112 1569 2166 ipse

238 2173 419 2214 mundus
446 2175 607 2228 potest3
632 2187 731 2213 nam
758 2174 800 2213 et
819 2171 888 2213 hic
908 2172 984 2213 deo
1004 2174 1139 2226 paret,
1161 2173 1203 2212 et
1222 2171 1319 2212 huic
1340 2170 1570 2212 oboediunt

238 2232 375 2273 maria
417 2234 659 2286 terraeque,
705 2233 747 2272 et
786 2230 1007 2271 hominum
1049 2230 1140 2271 vita
1178 2230 1305 2271 iussis
1347 2244 1570 2284 supremae

185 2276 212 2352 ἒ
239 2291 347 2346 legis
381 2290 662 2345 obtemperat.
712 2289 854 2344 Atque
886 2292 934 2330 ut
965 2289 1018 2330 ad
1049 2289 1154 2330 haec
1178 2288 1378 2330 citeriora
1402 2288 1569 2330 veniam

1672 988 1685 1012 15

1673 1868 1685 1893 34
