1685 2568
401 94 490 132 LIB.
517 95 544 132 Ι.
573 95 672 131 ΟΑΡ.
699 98 847 131 28—30.
875 99 894 138 ξ
920 98 1068 130 79—85.
1347 95 1401 138 31,

65 205 208 233 nonne
240 190 365 233 deum
396 191 531 233 videri
556 190 813 246 Aegyptiis?
863 190 971 232 Tam
994 190 1137 233 hercle
1170 205 1298 245 quam
1323 190 1404 232 tibi

65 250 188 291 illam
231 252 422 291 vestram
460 248 693 304 Sospitam,
738 264 866 304 quam
909 251 956 290 tu
999 263 1233 304 numquam
1269 263 1322 290 ne
1359 249 1404 289 in

66 308 228 350 somnis
256 308 425 362 quidem
452 307 568 349 vides
590 307 674 349 nisi
693 322 789 349 cum
808 308 919 362 pelle
939 308 1124 362 caprina,
1150 322 1246 349 cum
1264 307 1404 360 hasta,

66 382 162 409 cum
195 368 375 421 scutulo,
408 381 503 409 cum
534 366 733 408 calceolis
759 367 969 421 repandis.
1013 366 1074 407 At
1098 380 1185 408 non
1211 367 1276 407 est
1302 365 1403 407 talis

29 425 204 481 ⁵Argia.
243 440 320 467 nec
358 425 552 467 Romana
583 424 701 467 Iuno.
761 424 881 481 Ergo
914 425 1000 467 alia
1033 425 1194 480 species
1226 423 1403 466 Iunonis

66 484 262 540 ArgiviS,
301 484 386 526 alia
416 482 666 538 Lanuvinis,
704 484 792 525 alia
827 484 951 526 nobis.
1012 483 1070 525 Et
1109 483 1280 538 quidem
1318 482 1404 524 alia
1419 515 1476 556 30

65 543 190 585 nobis
235 542 485 597 Capitolini,
530 541 616 584 alia
658 541 776 583 Afris
817 541 1072 584 Hammonis
1110 541 1237 584 Iovis.
1305 540 1405 583 Non
1430 567 1475 598 83

65 602 198 657 pudet
222 601 355 656 igitur
379 600 615 656 physicum,
641 601 684 642 id
711 604 776 643 est
801 602 1115 657 speculatorem
1141 602 1405 643 venatorem-

68 675 148 714 que
190 664 386 714 naturae,
431 660 484 700 ab
526 659 680 700 animis
718 660 1021 702 consuetudine
1058 659 1221 701 inbutis
1260 661 1404 713 petere

30 730 47 756 ο
65 718 362 760 testimonium
393 718 620 760 veritatis?
670 717 760 760 Isto
794 719 907 760 enim
939 718 1064 760 modo
1094 718 1232 760 dicere
1258 717 1405 759 licebit

65 777 213 819 Iovem
238 791 407 831 semper
431 777 674 831 barbatum,
705 777 954 832 Apollinem
980 792 1147 832 semper
1172 777 1406 830 inberbem,

67 836 229 878 caesios
262 835 408 877 oculos
440 835 676 889 Minervae,
708 836 925 878 caeruleos
959 851 1050 878 esse
1082 835 1285 891 Neptuni.
1348 835 1405 876 Et

67 895 238 950 quidem
269 894 494 936 laudamus
521 894 705 935 Athenis
732 894 971 937 Volcanum
1005 910 1112 949 eum,
1146 909 1272 949 quem
1303 893 1406 936 fecit

55 954 341 1007 ·Alcamenes,
371 953 416 994 in
449 967 533 1008 quo
566 955 708 994 stante
741 956 870 1008 atque
902 954 1060 996 vestito
1093 954 1246 995 leviter
1278 967 1406 1008 appa-

31 1015 133 1054 5ret
171 1011 426 1054 claudicatio
463 1026 550 1054 non
589 1012 803 1054 deformis.
865 1011 1076 1055 Claudum
1113 1012 1249 1068 igitur
1279 1011 1407 1053 habe-

67 1071 208 1113 bimus
235 1070 371 1124 deum,
399 1070 601 1125 quoniam
627 1070 676 1112 de
704 1070 896 1113 Volcano
924 1072 984 1112 sic
1010 1072 1262 1126 accepimus.
1311 1070 1406 1126 Age

68 1132 111 1172 et
149 1129 217 1170 his
260 1129 481 1171 vocabulis
519 1143 610 1170 esse
649 1129 749 1170 deos
785 1129 985 1183 facimus,
1029 1130 1182 1184 quibus
1221 1144 1246 1171 a
1281 1129 1406 1171 nobis

65 1187 372 1230 nominantur?
421 1187 483 1228 At
512 1187 710 1242 primum,
743 1191 848 1242 quot
873 1188 1096 1230 hominum
1123 1188 1308 1244 linguae,
1340 1190 1407 1229 tot
1433 1195 1477 1227 84

66 1246 242 1289 nomina
273 1246 458 1287 deorum.
520 1245 620 1287 Non
652 1246 781 1298 enim,
814 1249 862 1288 ut
893 1250 941 1288 tu
972 1246 1176 1302 Velleius,
1209 1261 1407 1301 quocum-

33 1317 150 1360 oque
193 1305 377 1358 veneris,
421 1305 481 1346 sic
524 1304 637 1346 idem
680 1305 725 1346 in
762 1305 892 1347 Italia
930 1304 1166 1360 Volcanus,
1209 1305 1322 1347 idem
1364 1305 1408 1346 in

67 1363 291 1419 Hispania.
340 1363 503 1405 Deinde
534 1363 757 1406 nominum
788 1379 876 1406 non
907 1379 1089 1420 magnus
1120 1379 1323 1406 numerus
1354 1379 1407 1406 ne

67 1423 113 1465 in
150 1422 381 1478 pontificiis
415 1422 584 1477 quidem
615 1422 796 1478 nostris,
835 1423 1011 1465 deorum
1043 1425 1186 1465 autem
1218 1423 1408 1464 innume-

68 1482 230 1524 rabilis.
292 1482 362 1523 An
400 1481 490 1523 31116
520 1481 766 1523 nominibus
799 1483 928 1524 sunt?
989 1481 1112 1524 Istud
1145 1482 1313 1537 quidem
1346 1482 1408 1523 ita

68 1541 192 1583 vobis
225 1540 361 1582 dicere
392 1554 565 1582 necesse
597 1543 680 1595 est3
718 1541 820 1595 quid
851 1541 964 1582 enim
997 1541 1165 1595 attinet,
1198 1556 1293 1583 cum
1325 1556 1410 1582 una

17 1609 50 1637 25
69 1599 200 1642 facies
246 1599 319 1654 sit,
363 1599 489 1654 plura
525 1613 618 1641 6336
657 1599 861 1641 nomina?
930 1599 1067 1649 Quam
1103 1600 1267 1642 bellum
1305 1602 1409 1654 erat,

68 1658 227 1712 Vellei,
266 1658 460 1700 confiteri
495 1658 640 1713 potius
677 1658 858 1713 nescire,
896 1659 1009 1713 quod
1038 1659 1242 1713 nescires,
1281 1673 1408 1713 quam

68 1718 155 1759 ista
189 1717 453 1758 effutientem
484 1731 690 1758 nauseare
723 1720 851 1772 atque
883 1717 1026 1772 ipsum
1058 1718 1141 1759 sibi
1166 1718 1408 1773 displicere!

71 1776 141 1817 An
178 1778 226 1818 tu
263 1776 348 1817 11161
389 1775 574 1817 similem
606 1778 733 1831 putas
767 1791 858 1818 esse
891 1779 965 1818 aut
996 1776 1061 1818 tui
1093 1776 1247 1818 deum?
1308 1776 1409 1818 Pro-

71 1835 182 1877 fecto
214 1849 301 1876 non
331 1837 470 1890 putas.
521 1833 631 1883 Quid
662 1835 797 1891 ergo?
831 1835 965 1877 3016111
997 1835 1135 1877 dicam
1162 1838 1236 1877 aut
1262 1835 1410 1877 lunam

19 1904 54 1930 3ο
73 1896 147 1935 aut
196 1894 361 1935 caelum
411 1893 564 1935 deum?
630 1893 748 1949 Ergo
800 1894 930 1936 etiam
973 1894 1178 1936 beatum?
1247 1893 1409 1943 Quibus

71 1951 284 1993 fruentem
323 1952 650 2007 voluptatibus?
711 1952 770 1993 Et
812 1953 1083 2007 sapientem?
1145 1951 1227 2002 Qui
1265 1955 1410 2009 potest

74 2025 166 2052 esse
189 2010 235 2052 111
260 2010 348 2052 61113
375 2011 491 2053 modi
515 2013 667 2053 trunco
694 2011 934 2067 sapientia?
984 2011 1102 2054 Haec
1128 2014 1273 2054 vestra
1299 2014 1410 2053 sunt.

74 2068 119 2110 Si
156 2069 290 2124 igitur
319 2084 395 2112 1166
426 2069 614 2112 humano
645 2071 751 2124 visu,
792 2070 906 2125 quod
938 2070 1077 2124 docui,
1115 2085 1193 2113 nec
1224 2070 1304 2112 tali
1335 2071 1409 2112 ali·
1436 2078 1477 2109 85

75 2142 170 2182 quo,
204 2127 316 2182 quod
346 2128 426 2170 tibi
451 2129 514 2170 ita
538 2143 792 2184 persuasum
818 2131 895 2184 est,
928 2129 1029 2184 quid
1055 2129 1226 2171 dubitas
1252 2143 1410 2185 negare

22 2197 55 2223 35
76 2187 176 2228 deos
222 2186 342 2228 esse‘?
402 2186 503 2229 Non
543 2188 684 2230 audes.
751 2186 976 2243 Sapienter
1017 2187 1061 2229 id
1101 2188 1288 2243 quidem,
1329 2187 1412 2229 etsi

73 2245 155 2287 hoc
190 2245 284 2287 1060
315 2259 403 2287 11011
432 2246 639 2301 populum
671 2246 839 2302 metuis,
871 2247 945 2288 sed
976 2247 1093 2302 ipsos
1126 2247 1238 2289 deos.
1299 2245 1413 2288 Novi

75 2317 155 2360 ego
195 2303 429 2359 Epicureos
472 2304 615 2346 omnia
656 2305 803 2361 sigilla
838 2308 1108 2360 venerantes3
1153 2318 1409 2360 quamquam
