1685 2568
239 118 328 152 mss.
355 117 399 153 11.
432 117 534 152 GAP.
561 121 711 152 42-44.
739 120 758 158 §
784 120 939 158 69—70‚
969 116 1057 151 LIB.
1084 118 1146 153 111.
1172 117 1353 153 ARGUM.
1387 119 1469 161 331

464 285 524 334 M.
564 284 776 331 TULLII
814 284 1142 332 cicERONIS

297 401 360 465 D
393 402 447 465 E
527 402 588 465 R
619 402 673 464 E
753 401 808 464 P
839 401 902 466 U
931 402 986 464 B
1019 401 1072 464 L
1104 401 1138 465 I
1171 401 1218 465 O
1250 402 1315 465 A

558 531 742 570 LIBER
780 532 1055 571 TERTIUS.

217 719 597 758 ARGUMENTUM
628 719 926 759 AUGUSTINI
958 716 1024 773 (de
1049 721 1121 760 civ.
1148 721 1213 759 dei
1237 721 1278 759 ΙΙ
1306 716 1392 774 21).

228 807 339 843 Cuius
377 808 606 854 quaestionis
642 808 843 854 explicatio
876 820 958 844 cum
988 808 1028 843 in
1060 809 1158 843 diem
1189 810 1477 854 consequentem

133 855 252 890 dilata
286 856 401 899 esset,
437 855 477 889 in
509 855 622 890 tertio
658 855 754 890 libro
793 867 928 901 magna
954 855 1189 891 conflictione
1214 867 1272 891 res
1299 858 1382 890 acta
1408 858 1476 891 est,

133 902 307 948 Suscepit
331 903 430 938 enim
454 902 583 937 Philus
608 902 689 948 ipse
716 903 1008 948 disputationem
1035 914 1177 948 eorum,
1205 903 1269 948 qui
1295 903 1478 938 sentirent

133 950 212 985 sine
244 950 429 985 iniustitia
460 949 540 995 geri
571 961 646 984 non
670 961 780 995 posse
807 962 884 985 rem
909 950 1114 996 publicam,
1146 961 1309 996 purgans
1335 951 1476 996 praeci-

131 1008 221 1043 pue,
252 1008 298 1032 ne
326 998 398 1032 hoc
423 996 503 1042 ipse
530 997 668 1032 sentire
695 997 921 1041 crederetur,
954 997 1107 1042 egitque
1135 998 1263 1033 sedulo
1289 1009 1357 1043 pro
1383 997 1477 1032 iniu-

133 1045 238 1079 stitia
263 1045 392 1079 contra
416 1043 609 1086 iustitiam,
636 1045 678 1078 ut
701 1044 798 1078 hanc
823 1056 902 1079 esse
928 1044 1059 1079 utilem
1084 1044 1138 1079 rei
1163 1045 1346 1089 publicae,
1372 1044 1477 1079 illam

131 1102 219 1126 vero
246 1091 418 1126 inutilem
443 1091 522 1126 veri
548 1091 731 1126 similibus
757 1091 963 1127 rationibus
989 1093 1028 1126 et
1047 1092 1226 1136 exemplis
1247 1092 1352 1126 velut
1371 1103 1477 1126 cona-

132 1140 234 1173 retur
272 1138 476 1173 ostendere.
529 1138 623 1172 Tum
654 1138 801 1173 Laelius
839 1138 1058 1183 rogantibus
1092 1139 1262 1178 omnibus
1295 1139 1477 1173 iustitiam

132 1185 332 1220 defendere
357 1185 554 1230 adgressus
581 1186 639 1220 est
657 1185 898 1229 asseruitque
926 1186 1104 1229 quantum
1123 1186 1258 1230 potuit,
1284 1186 1379 1219 1111111
1400 1188 1477 1220 tam

131 1232 324 1267 inimicum
358 1244 469 1276 quam
502 1232 727 1267 iniustitiam
763 1232 925 1275 civitati,
961 1244 1029 1266 nec
1061 1232 1211 1267 omnino
1245 1232 1317 1266 nisi
1342 1244 1478 1277 magna

131 1279 278 1314 iustitia
308 1279 388 1324 geri
419 1281 485 1313 aut
517 1280 613 1314 stare
646 1290 755 1324 posse
788 1291 866 1314 rem
892 1260 1091 1324 publicam.
1144 1278 1223 1320 Qua
1248 1280 1477 1324 quaestione,

132 1328 310 1371 quantum
342 1326 432 1361 satis
458 1326 579 1361 visum
606 1328 680 1368 est,
706 1328 934 1372 pertractata
961 1326 1086 1371 Scipio
1113 1326 1161 1361 ad
1187 1327 1398 1361 intermissa
1422 1338 1478 1362 10-

131 1374 290 1409 vertitur
313 1373 518 1418 recolitque
545 1384 649 1408 suam
668 1374 780 1418 atque
801 1374 1037 1408 commendat
1055 1373 1205 1408 brevem
1230 1373 1285 1407 rei
1303 1374 1477 1419 publicae

132 1421 397 1465 definitionem,
424 1431 498 1465 qua
516 1420 661 1455 dixerat
681 1432 760 1455 eam
781 1432 861 1456 esse
881 1432 959 1455 rem
978 1420 1126 1466 populi3
1152 1421 1332 1473 populum
1353 1423 1477 1456 autem

130 1479 207 1504 non
232 1479 378 1503 omnem
404 1469 550 1502 coetum
575 1467 837 1510 multitudinis,
865 1468 930 1502 sed
957 1470 1102 1502 coetum
1127 1467 1217 1501 iuris
1239 1479 1420 1502 consensu
1441 1470 1480 1503 et

131 1515 309 1550 utilitatis
335 1515 593 1550 communione
616 1515 798 1550 sociatum
819 1526 897 1550 esse
919 1515 1152 1549 deteiminat.
1191 1515 1312 1549 Docet
1332 1515 1477 1558 deinde,

133 1564 274 1607 quanta
298 1562 348 1596 sit
373 1562 411 1596 in
431 1562 656 1607 disputando
679 1562 906 1597 definitionis
926 1562 1082 1605 utilitas,
1109 1563 1220 1606 atque
1241 1573 1285 1596 ex
1304 1562 1380 1596 illis
1402 1563 1478 1597 suis

133 1609 413 1645 definitionibus
441 1609 588 1655 colligit
611 1611 700 1644 tunc
727 1620 806 1644 esse
833 1621 911 1644 iem
935 1609 1137 1654 publicam,
1163 1609 1202 1642 id
1229 1610 1287 1643 est
1311 1621 1387 1644 rem
1413 1621 1478 1655 po-

131 1657 230 1710 puli,
264 1668 347 1691 cum
371 1656 465 1691 bene
491 1667 535 1691 ac
559 1656 656 1691 iuste
682 1656 823 1701 geritur
849 1656 926 1691 sive
953 1657 999 1690 ab
1026 1667 1098 1691 uno
1125 1667 1212 1701 rege
1239 1656 1316 1691 sive
1343 1668 1365 1690 a
1389 1668 1478 1702 pau-

133 1704 185 1739 cis
218 1703 463 1749 optimatibus
497 1703 574 1738 sive
607 1703 653 1738 ab
685 1704 857 1738 universo
883 1703 1035 1748 populo
1088 1703 1178 1737 Cum
1205 1714 1292 1738 vero
1318 1703 1477 1738 iniustus

133 1753 191 1787 est
224 1763 304 1794 rex,
341 1762 450 1795 quem
484 1751 683 1795 tyrannum
712 1762 813 1786 more
840 1750 980 1785 Giaeco
1007 1750 1231 1795 appellavit,
1260 1752 1324 1784 aut
1348 1751 1479 1785 iniusti

133 1798 345 1844 optimates,
372 1809 526 1842 quorum
547 1808 767 1832 consensum
787 1798 882 1832 dixit
901 1809 980 1833 esse
1001 1797 1213 1840 factionem,
1234 1799 1300 1832 aut
1318 1798 1477 1832 iniustus

132 1845 213 1891 ipse
238 1846 417 1891 populus,
445 1845 505 1879 001
528 1855 663 1880 001000
688 1845 868 1880 usitatum
892 1856 967 1879 non
992 1844 1174 1889 repperit,
1200 1844 1273 1878 nisi
1297 1846 1340 1879 ut
1365 1845 1479 1879 etiam

132 1905 255 1937 lpsum
280 1894 479 1936 tyrannum
504 1893 666 1936 vocaret,
692 1903 766 1926 non
791 1892 866 1926 iam
888 1891 1073 1933 vitiosam,
1101 1892 1198 1925 sicut
1216 1891 1336 1936 pridie
1357 1892 1480 1927 fuerat

133 1940 382 1985 disputatum,
415 1939 496 1982 sed,
530 1939 627 1973 sicut
651 1939 746 1973 ratio
772 1950 816 1974 ex
840 1938 916 1973 11115
944 1938 1222 1973 definitionibus
1250 1950 1390 1973 conexa
1415 1939 1479 1974 do-

133 1987 282 2030 cuisset,
309 1986 458 2022 omnino
484 1986 625 2020 nullam
651 1997 731 2021 esse
756 1997 835 2021 rem
859 1986 1060 2031 publicam,
1088 1985 1261 2030 quoniam
1285 1997 1360 2020 non
1379 1987 1480 2020 esset

131 2045 190 2069 res
228 2034 376 2087 populi,
412 2044 495 2067 cum
525 2034 703 2077 tyrannus
737 2044 818 2085 eam
848 2033 1010 2067 factiove
1044 2034 1270 2077 capesseret,
1302 2044 1371 2068 nec
1396 2032 1478 2078 ipse

132 2082 292 2127 populus
312 2081 387 2115 iam
405 2080 566 2133 populus
587 2081 697 2123 esset,
725 2079 755 2114 si
777 2081 876 2115 esset
893 2080 1063 2122 iniustus,
1091 2080 1265 2132 quoniam
1284 2091 1359 2114 non
1379 2081 1480 2114 esset

133 2128 364 2163 multitudo
354 2128 444 2162 iuris
465 2138 647 2162 consensu
667 2108 706 2162 et
724 2127 901 2162 utilitatis
922 2127 1180 2162 communione
1202 2126 1354 2172 sociata,
1381 2126 1479 2161 sicut

133 2176 293 2222 populus
317 2175 440 2210 suerat
464 2174 650 2210 definitus.
