1685 2568
460 91 547 127 LIB.
574 92 600 127 I.
639 91 738 126 CAP.
765 96 867 127 5-8.
900 96 920 134 ξ
945 97 1070 127 9-14.
1352 94 1434 136 149

98 188 209 242 dam,
242 203 350 244 quae
381 191 474 229 tum
507 187 745 230 observatis
778 187 908 242 longo
940 190 1135 242 tempore
1161 188 1435 243 significatio-

96 247 242 301 nibus,
282 250 375 288 tum
417 247 560 301 aliquo
600 245 807 287 instinctu
842 245 1077 301 inflatuque
1115 246 1258 288 divino
1289 247 1435 289 futura

97 306 384 360 praenuntiat.
435 304 574 354 Quare
606 304 781 346 omittat
812 318 994 360 urguere
1026 303 1284 359 Carneades,
1323 306 1436 360 quod
1463 307 1486 347 7

96 364 284 406 faciebat
321 365 453 406 etiam
483 362 714 404 Panaetius
751 363 991 417 requirens,
1022 362 1270 418 Iuppiterne
1302 364 1437 406 corni-

62 434 78 460 5
97 437 188 464 cem
221 438 246 464 a
277 423 411 477 laeva,
442 436 618 464 corvum
649 421 703 462 ab
730 421 904 463 dextera
928 436 1078 463 canere
1102 422 1311 464 iussisset.
1355 421 1438 464 Ob-

98 484 270 523 servata
290 484 390 523 sunt
409 481 514 522 haec
533 482 726 535 tempore
746 480 938 521 inmenso
960 482 1003 522 et
1023 480 1083 533 [in
1104 480 1436 536 significatione]

98 541 261 582 eventis
294 539 594 581 animadversa
619 540 662 579 et
686 541 849 580 notata.
899 538 1021 580 Nihil
1048 541 1115 580 est
1140 541 1296 605 autem,
1325 540 1439 594 quod

96 613 183 640 non
220 598 515 654 longinquitas
552 599 798 652 temporum
836 597 1072 653 excipiente
1104 598 1313 640 memoria
1342 613 1439 653 pro-

97 657 329 711 dendisque
370 656 658 698 monumentis
701 655 867 697 efficere
905 659 1033 711 atque
1072 656 1248 711 adsequi
1287 657 1438 712 possit.

46 728 78 754 ιο
97 715 248 757 Mirari
278 715 396 769 licet,
435 729 543 769 quae
575 714 663 756 sint
695 715 993 757 animadversa
1024 730 1050 756 a
1080 715 1257 757 medicis
1288 716 1439 758 herba-
1466 725 1508 756 13

97 789 192 815 rum
225 788 401 830 genera,
442 787 550 828 quae
582 773 774 815 radicum
806 773 861 815 ad
892 788 1060 815 morsus
1091 774 1346 829 bestiarum,
1385 775 1440 816 ad

98 833 319 875 oculorum
350 832 538 886 morbos,
569 832 623 873 ad
654 832 843 886 vulnera,
876 847 1058 887 quorum
1089 833 1177 874 vim
1209 835 1338 888 atque
1366 849 1440 875 na-

96 894 240 934 turam
278 891 390 933 ratio
421 905 657 945 numquam
690 891 937 946 explicavit,
974 891 1165 933 utilitate
1198 895 1241 934 et
1272 907 1342 934 ars
1374 895 1441 934 est

98 953 141 992 et
184 950 383 992 inventor
419 950 640 1005 probatus.
707 953 803 1006 Age
841 964 907 1004 ea,
946 965 1055 1005 quae
1093 965 1351 1005 quamquam
1390 966 1441 992 ex

47 1021 78 1046 15
99 1009 184 1051 alio
230 1023 384 1065 genere
428 1011 546 1063 sunt,
588 1011 735 1050 tamen
780 1008 1035 1051 divinationi
1079 1012 1180 1050 sunt
1218 1010 1441 1065 similiora,

98 1068 339 1109 videamus:

187 1150 358 1205 Atque
391 1149 546 1190 etiam
571 1152 753 1190 ventos
780 1152 1167 1203 praemonstrat
1192 1165 1343 1206 saepe
1367 1151 1442 1193 fu-

186 1265 438 1308 Inflatum
477 1281 631 1321 mare,
671 1281 779 1308 cum
818 1266 992 1308 subito
1024 1212 1333 1323 penitiilslqcuse
1365 1271 1443 1310 tu-

1126 1328 1322 1381 mescit,

188 1382 418 1438 Saxaque
451 1398 576 1425 cana
608 1384 735 1425 salis
767 1384 915 1425 niveo
949 1388 1184 1439 spumata
1216 1386 1417 1440 liquore

46 1456 81 1481 20
187 1442 488 1484 Tristificas
527 1445 731 1484 certant
762 1441 1001 1497 Neptuno
1033 1444 1244 1486 reddere
1276 1459 1442 1500 voces,

188 1502 291 1543 Aut
346 1501 530 1543 densus
581 1501 778 1543 stridor
827 1516 935 1543 cum
985 1503 1125 1544 celso
1176 1518 1198 1544 e
1247 1504 1440 1546 vertice

1132 1563 1322 1604 montis

188 1618 342 1661 Ortus
363 1619 663 1674 adaugescit
683 1620 1010 1674 scopulorum
1028 1622 1442 1676 saeperepulsus.

100 1701 245 1757 Atque
276 1702 344 1743 his
376 1716 519 1743 rerum
550 1702 926 1756 praesensionibus
958 1701 1245 1758 Prognostica
1275 1706 1352 1745 tua
1381 1718 1443 1745 re-
1469 1705 1494 1746 8

99 1760 212 1803 ferta
250 1763 360 1802 sunt.
423 1759 527 1809 Quis
558 1761 694 1816 igitur
725 1761 876 1802 elicere
908 1775 1058 1803 causas
1089 1762 1443 1816 praesensionum

49 1831 81 1857 25
100 1820 273 1874 potest?
323 1820 406 1861 etsi
448 1796 602 1861 videot>
610 1818 827 1861 Boethum
865 1818 1057 1862 Stoicum
1101 1835 1193 1862 esse
1230 1824 1442 1876 conatum,

103 1879 176 1933 qui
211 1878 416 1920 hactenus
456 1878 620 1944 aliquid
653 1878 759 1944 egit,
796 1881 844 1920 ut
877 1893 1023 1921 earum
1054 1879 1268 1921 rationem
1299 1895 1442 1922 rerum

103 1937 354 1992 explicaret,
398 1952 506 1992 quae
547 1937 593 1978 in
633 1938 743 1978 mari
784 1938 956 1979 caelove
993 1938 1157 1980 fierent.
1218 1938 1304 1980 Illa
1341 1954 1440 1981 vero
1471 1947 1514 1978 14

102 2010 177 2037 cur
208 1996 417 2051 eveniant,
450 1996 545 2051 quis
576 1996 863 2051 probabiliter
896 1996 1077 2039 dixerit?

191 2063 328 2107 Cana
357 2065 490 2107 fulix
519 2066 700 2107 itidem
731 2066 937 2122 fugiens
970 2083 992 2109 e
1024 2068 1230 2124 gurgite
1262 2069 1408 2124 ponti

49 2135 83 2161 30
190 2123 413 2165 Nuntiat
465 2124 739 2166 horribilis
796 2126 1022 2168 clamans
1077 2127 1276 2168 instare
1330 2142 1444 2183 pro-

0 2211 9 2238 ⁵
191 2241 339 2283 Haud
384 2240 609 2283 modicos
649 2244 869 2285 tremulo
910 2243 1126 2285 fundens
1163 2186 1442 2300 {elggtsture

1132 2306 1323 2344 cantus.
