1685 2568
391 87 480 122 LIB.
507 87 552 122 ΙΙ.
579 86 678 123 ΟΑΡ.
706 91 854 122 61-63.
881 90 900 129 ξ
929 91 1123 123 153—159.
1342 87 1427 129 103

94 183 417 238 laetissumique
456 183 620 225 fructus
659 182 769 223 nihil
808 182 980 224 omnino
1019 182 1072 223 ad
1109 182 1270 223 bestias
1301 183 1430 237 perti-

94 244 206 284 nent.
274 241 422 296 Neque
466 242 579 283 enim
623 241 789 282 serendi
830 255 968 295 neque
1011 241 1178 282 colendi
1213 255 1289 282 nec
1326 244 1430 282 tem—

94 300 258 356 pestive
302 300 541 342 demetendi
580 299 924 354 percipiendique
961 298 1126 340 fructus
1162 313 1299 353 neque
1336 313 1431 341 eon-

95 359 219 401 dendi
245 374 293 401 ac
312 358 543 414 reponendi
562 358 652 399 ulla
670 358 878 413 pecudum
899 358 1077 399 scientia
1097 360 1175 412 est,
1201 372 1431 411 earumque
1447 392 1502 433 63

59 418 285 460 5omnium
326 433 467 459 rerum
508 416 729 458 hominum
771 419 836 458 est
877 419 919 458 et
958 431 1060 458 usus
1099 419 1142 458 et
1180 431 1292 458 cura.
1352 415 1415 457 Ut
1436 420 1502 474 15⁵7

94 477 198 518 fides
230 477 364 531 igitur
395 478 438 518 et
462 475 592 516 tibias
619 489 765 516 eorum
792 490 920 517 causa
943 474 1080 516 factas
1108 475 1328 516 dicendum
1354 477 1433 528 est,

96 536 169 590 qui
199 535 287 576 illis
318 535 383 576 uti
413 537 608 590 possent,
647 534 707 575 sic
740 549 806 589 ea,
839 548 946 588 quae
979 534 1083 588 dixi,
1114 533 1167 575 iis
1201 533 1304 575 solis
1337 547 1433 575 con-

94 594 300 635 fitendum
338 595 403 635 est
441 607 532 634 esse
570 595 741 647 parata,
780 593 852 647 qui
882 595 1080 647 utuntur,
1120 607 1214 647 nec,
1255 592 1293 634 si
1324 606 1433 646 quae

94 653 257 694 bestiae
296 651 495 693 furantur
534 651 697 706 aliquid
736 666 785 693 ex
822 652 875 692 iis
914 654 988 693 aut
1026 651 1217 706 rapiunt,
1257 651 1433 692 illarum

44 724 76 749 ιο
95 726 262 765 quoque
294 725 422 752 causa
453 724 502 751 ea
532 713 636 751 nata
668 724 760 751 esse
793 710 992 752 dicemus.
1041 709 1191 764 Neque
1220 710 1334 751 enim
1359 709 1433 751 ho-

94 770 229 811 mines
268 784 436 810 murum
469 771 544 810 aut
573 768 851 810 formicarum
883 783 1012 811 causa
1041 768 1306 810 frumentum
1337 783 1433 810 con-

94 829 211 882 dunt,
237 828 311 869 sed
333 828 563 882 coniugum
584 830 626 868 et
645 828 880 869 liberorum
902 830 943 869 et
962 827 1226 869 familiarum
1247 841 1433 869 suarum.

92 887 245 941 Itaque
270 887 435 928 bestiae
460 886 622 941 furtim,
654 890 702 928 ut
729 887 826 941 dixi,
856 886 1070 941 fruuntur,
1102 886 1264 928 domini
1288 886 1433 941 palam

0 991 1 999 ἵ
94 948 138 987 et
174 945 319 988 libere.
380 945 616 987 Hominum
657 946 791 1001 igitur
831 960 960 987 causa
998 959 1069 987 eas
1107 960 1250 986 rerum
1288 945 1504 1000 copias158

45 1017 77 1043 15
97 1007 369 1059 comparatas
401 1004 622 1045 fatendum
656 1007 738 1058 est,
769 1004 852 1045 nisi
884 1004 996 1046 forte
1028 1006 1154 1045 tanta
1184 1004 1359 1045 ubertas
1392 1006 1435 1045 et

94 1063 282 1105 varietas
325 1077 552 1118 pomorum
596 1077 826 1117 eorumque
863 1063 1070 1104 iucundus
1108 1078 1196 1105 non
1234 1065 1434 1118 gustatus

96 1123 254 1177 solum,
292 1121 365 1163 sed
403 1121 606 1163 odoratus
645 1122 776 1163 etiam
815 1124 857 1163 et
889 1124 1088 1176 aspectus
1121 1121 1435 1163 dubitationem

96 1180 253 1235 adfert,
304 1180 405 1235 quin
454 1180 699 1222 hominibus
751 1180 854 1221 solis
905 1195 956 1221 ea
1000 1182 1157 1221 natura
1201 1180 1435 1221 donaverit.

95 1239 366 1293 Tantumque
399 1239 532 1293 abest,
563 1241 612 1280 ut
643 1238 748 1281 haec
779 1239 1015 1280 bestiarum
1048 1239 1179 1280 etiam
1211 1253 1340 1280 causa
1364 1253 1436 1294 pa-

43 1311 75 1337 20
94 1301 190 1340 rata
222 1298 326 1352 sint,
356 1300 405 1341 ut
435 1298 551 1353 ipsas
585 1298 746 1339 bestias
778 1298 1001 1339 hominum
1033 1297 1175 1353 gratia
1208 1300 1436 1353 generatas

94 1371 186 1399 esse
223 1357 455 1398 videamus.
517 1355 628 1405 Quid
665 1357 778 1398 enim
817 1371 917 1398 oves
950 1356 1065 1398 aliud
1099 1356 1315 1411 adferunt,
1352 1356 1436 1398 nisi

93 1419 143 1458 ut
173 1430 319 1457 earum
350 1415 466 1457 villis
498 1415 705 1457 confectis
738 1418 867 1470 atque
899 1415 1110 1457 contextis
1141 1415 1336 1457 homines
1368 1430 1436 1457 ve-

95 1475 310 1516 stiantur?
343 1489 451 1529 quae
484 1474 655 1529 quidem
685 1489 822 1529 neque
855 1474 912 1515 ali
943 1489 1079 1529 neque
1106 1474 1342 1516 sustentari
1366 1489 1436 1516 ne-

97 1548 176 1588 que
213 1533 351 1575 ullum
386 1533 575 1574 fructum
614 1533 737 1575 edere
775 1548 825 1575 ex
864 1548 908 1575 se
941 1534 1030 1574 sine
1063 1534 1181 1575 cultu
1212 1533 1437 1575 hominum

43 1604 77 1629 25
97 1596 139 1634 et
170 1592 388 1634 curatione
419 1592 673 1647 potuissent.
729 1591 894 1634 Canum
925 1607 1026 1634 vero
1059 1595 1149 1634 tam
1181 1592 1267 1634 fida
1298 1594 1438 1634 custo-

97 1651 166 1692 dia
214 1654 388 1706 tamque
438 1665 587 1693 amans
632 1651 902 1693 dominorum
946 1651 1137 1693 adulatio
1181 1653 1437 1705 tantumque

97 1710 240 1752 odium
276 1710 322 1751 in
359 1712 557 1752 externos
596 1712 638 1751 et
673 1713 764 1751 tam
795 1710 1057 1752 incredibilis
1091 1710 1144 1751 ad
1174 1709 1438 1766 investigan—

96 1769 196 1810 dum
222 1768 437 1824 sagacitas
462 1768 644 1823 narium,
675 1772 801 1810 tanta
827 1769 1029 1811 alacritas
1054 1769 1100 1810 in
1119 1769 1313 1810 venando
1335 1768 1437 1824 quid

97 1827 312 1883 significat
338 1827 455 1869 aliud
478 1827 563 1869 nisi
589 1842 633 1869 se
660 1828 714 1869 ad
738 1828 962 1869 hominum
988 1827 1316 1869 commoditates
1343 1842 1436 1869 esse

45 1897 78 1922 30
99 1887 353 1941 generatos?
398 1886 507 1935 Quid
533 1886 582 1927 de
608 1887 748 1928 bubus
775 1887 956 1941 loquar?
984 1901 1165 1941 quorum
1184 1886 1280 1942 ipsa
1299 1889 1426 1942 terga
1441 1892 1505 1924 159

99 1945 316 1986 declarant
352 1960 440 1987 non
477 1960 569 1987 esse
608 1960 652 1987 se
684 1946 737 1988 ad
769 1960 875 1988 onus
908 1946 1200 2001 accipiendum
1230 1946 1437 2001 figurata3

97 2004 281 2045 cervices
314 2007 456 2046 autem
486 2007 615 2046 natae
647 2005 700 2046 ad
730 2005 892 2060 iugum,
922 2008 1015 2046 tum
1046 2004 1159 2046 vires
1191 2019 1435 2046 umerorum

99 2066 141 2103 el.
166 2062 414 2104 latitudines
442 2063 496 2105 ad
516 2066 661 2105 aratra
683 2063 993 2117 [ex]trahenda.
1038 2063 1213 2118 Quibus,
1239 2078 1335 2105 cum
1355 2066 1436 2105 ter—

97 2135 170 2162 rae
203 2121 502 2176 subigerentur
532 2122 706 2164 fissione
739 2123 976 2179 glebarum,
1011 2123 1064 2164 ab
1096 2123 1173 2164 illo
1207 2137 1334 2164 aureo
1368 2137 1436 2178 ge-

45 2189 79 2216 35
96 2193 214 2233 nere,
252 2182 300 2220 ut
330 2182 483 2235 poetae
514 2181 760 2236 loquuntur,
792 2182 857 2223 vis
887 2182 1010 2223 nulla
1039 2196 1246 2237 umquam
1277 2181 1436 2223 adfere-

97 2238 236 2280 batur.

184 2295 371 2339 Ferrea
408 2300 513 2339 tum
544 2313 662 2340 vero
694 2299 867 2354 proles
901 2301 1081 2341 exorta
1112 2300 1324 2354 repente
1357 2300 1438 2339 est
