1685 2568
205 153 287 194 102
631 153 695 187 DE
721 153 925 188 NATURA
950 153 1156 188 DEORUM

202 265 302 292 nere
333 251 480 292 finitus
514 252 580 291 est
612 250 718 303 dies,
751 250 927 303 mensis,
960 264 1114 304 annus,
1148 249 1404 292 defectiones
1438 250 1542 292 solis

203 313 246 351 et
289 310 415 351 lunae
458 309 657 364 cognitae
701 309 1028 363 praedictaeque
1071 309 1117 349 111
1160 323 1284 350 0111116
1323 313 1543 363 posterum

202 371 391 423 tempus,
436 382 560 422 quae,
606 369 809 421 quantae,
848 368 1016 421 quando
1053 367 1224 408 futurae
1263 367 1359 408 sint.
1427 367 1543 416 Quae

204 430 408 470 contuens
455 426 622 467 animus
662 425 824 467 accedit
862 427 916 467 ad
952 426 1246 481 cognitionem
1285 426 1477 480 deorum,
1520 441 1543 468 6
1651 473 1655 476 ,

205 502 289 541 qua
321 486 457 526 oritur
489 485 647 539 pietas,
686 484 752 526 cui
785 484 1012 526 coniuncta
1042 485 1209 526 iustitia
1241 487 1307 526 est
1338 485 1543 539 reliquae·
1581 498 1597 524 5

205 560 285 600 que
317 544 510 596 virtutes,
543 557 564 584 e
598 543 751 597 quibus
778 543 869 584 vita
893 543 1021 584 beata
1047 544 1192 585 existit
1217 558 1296 598 par
1322 547 1364 585 et
1391 544 1545 585 similis

204 605 396 657 deorum,
438 602 560 643 nulla
599 602 684 643 alia
721 616 766 642 re
803 602 887 642 nisi
925 602 1258 656 inmortalitate,
1297 617 1405 656 quae
1437 603 1545 643 nihil

204 663 258 704 ad
288 663 395 703 bene
427 661 656 703 vivendum
688 660 892 715 pertinet,
932 661 1082 702 cedens
1116 661 1385 703 caelestibus.
1449 660 1546 710 Qui-

203 722 282 762 bus
314 721 442 762 rebus
475 719 680 775 expositis
714 719 820 760 satis
853 720 1045 762 docuisse
1072 720 1229 773 videor,
1261 720 1447 762 hominis
1474 735 1546 762 na·

202 784 302 821 tura
334 781 494 834 quanto
527 779 665 820 omnis
699 779 882 819 anteiret
915 779 1166 820 animantes.
1216 779 1280 820 Ex
1308 794 1390 833 quo
1419 779 1545 820 debet
1566 791 1598 816 10

202 838 400 894 intellegi
442 852 519 879 nec
561 838 746 893 figuram
791 837 1005 892 situmque
1043 838 1332 880 membrorum
1371 853 1447 880 nec
1484 838 1544 879 in-

205 898 319 954 genii
369 897 610 950 mentisque
659 896 747 938 vim
791 896 924 938 talem
969 896 1079 938 effici
1123 897 1315 951 potuisse
1358 897 1544 938 fortuna.

136 972 202 1002 154
223 957 392 1010 Restat,
429 958 478 997 ut
517 955 691 997 doceam
730 957 858 1009 atque
897 955 1125 1010 aliquando
1161 970 1357 1010 perorem
1389 957 1545 1010 omnia,

205 1031 313 1070 quae
345 1015 433 1057 sint
464 1015 509 1055 in
540 1014 621 1056 hoc
647 1014 817 1068 mundo,
850 1015 1003 1068 quibus
1030 1017 1208 1056 utantur
1233 1015 1440 1069 homines,
1471 1015 1545 1057 ho-

204 1075 367 1116 minum
399 1088 528 1116 causa
557 1073 675 1115 facta
707 1088 798 1114 esse
831 1076 873 1114 et
905 1076 1068 1128 parata.
1567 1087 1598 1111 15

134 1140 189 1182 62
292 1133 507 1188 Principio
540 1132 630 1188 ipse
663 1132 846 1174 mundus
878 1132 1053 1174 deorum
1085 1133 1391 1187 hominumque
1418 1147 1547 1174 causa

204 1193 344 1234 sactus
377 1194 454 1246 est,
488 1206 679 1246 quaeque
710 1192 755 1232 in
787 1206 835 1233 eo
869 1195 980 1244 sunt,
1013 1207 1062 1233 ea
1093 1195 1247 1247 parata
1280 1192 1332 1233 ad
1358 1192 1546 1234 fructum

203 1252 426 1293 hominum
465 1254 507 1291 et
548 1250 722 1292 inventa
760 1253 870 1291 sunt.
932 1250 1013 1292 Est
1051 1251 1164 1291 enim
1202 1251 1383 1292 mundus
1424 1251 1546 1305 quasi

204 1310 440 1353 communis
486 1309 662 1350 deorum
707 1311 834 1363 atque
879 1309 1101 1350 hominum
1141 1310 1290 1351 domus
1330 1312 1404 1351 aut
1442 1311 1544 1351 urbs

203 1373 492 1423 utrorumque.
556 1366 646 1410 Soli
684 1369 796 1409 6111111
833 1369 1000 1410 ratione
1037 1371 1208 1410 utentes
1245 1369 1336 1410 iure
1369 1383 1416 1410 ac
1449 1369 1545 1424 lege
1565 1381 1598 1405 20

202 1429 363 1470 vivunt.
427 1427 487 1468 Ut
527 1427 662 1482 igitur
699 1427 895 1468 Athenas
934 1431 976 1469 et
1016 1427 1380 1469 Lacedaemonem
1412 1427 1545 1469 Athe-

202 1487 414 1528 niensium
457 1486 976 1540 Lacedaemoniorumque
1026 1501 1154 1528 causa
1196 1487 1433 1541 putandum
1478 1489 1545 1528 est

203 1546 397 1588 conditas
441 1560 550 1599 esse,
596 1545 840 1599 omniaque,
885 1560 993 1600 quae
1037 1546 1124 1586 sint
1167 1545 1211 1586 111
1249 1545 1315 1586 1113
1354 1545 1545 1600 urbibus,

203 1620 351 1647 eorum
388 1605 648 1659 populorum
680 1607 795 1646 recte
828 1619 919 1646 esse
952 1604 1166 1658 (licuntur,
1206 1604 1282 1658 sic,
1323 1619 1544 1659 quaecum-

204 1679 284 1719 que
328 1666 428 1705 sunt
471 1663 517 1704 in
560 1663 676 1705 omni
718 1663 898 1718 mundo,
942 1663 1117 1705 deorum
1155 1666 1283 1717 atque
1321 1663 1543 1705 hominum
1564 1673 1597 1699 25

134 1736 199 1767 155
220 1723 412 1778 putanda
455 1725 566 1764 sunt.
627 1722 719 1764 Iam
763 1737 863 1764 vero
909 1722 1155 1764 circumitus
1195 1722 1298 1763 solis
1337 1725 1380 1763 et
1418 1723 1542 1764 lunae

202 1782 550 1836 reliquorumque
591 1782 795 1835 siderum,
838 1796 1097 1836 quamquam
1140 1781 1269 1822 etiam
1312 1781 1363 1822 ad
1396 1781 1542 1822 mundi

202 1841 520 1882 cohaerentiam
546 1841 773 1895 pertinent,
806 1843 951 1882 tamen
977 1843 1020 1882 et
1047 1841 1336 1894 spectaculum
1362 1839 1543 1882 1101111111-

202 1900 282 1941 bus
328 1900 555 1955 praebent3
603 1900 724 1941 nulla
769 1902 834 1940 est
878 1899 989 1940 enim
1033 1899 1324 1940 insatiabilior
1368 1899 1542 1953 species,

201 1959 321 2000 nulla
347 1958 568 2013 pulchrior
594 1961 636 1999 et
662 1959 715 2000 ad
741 1959 953 2000 rationem
979 1958 1302 2012 sollertiamque
1323 1960 1542 2012 praestan-
1562 1970 1597 1996 30

200 2017 305 2071 tior,
337 2032 485 2059 eorum
517 2017 631 2058 enim
662 2032 810 2059 cursus
844 2017 1040 2058 dimetati
1071 2017 1346 2058 maturitates
1379 2019 1542 2072 tempo-

200 2091 296 2117 rum
328 2079 370 2117 et
401 2076 633 2117 varietates
667 2076 1012 2130 mutationesque
1041 2076 1339 2131 cognovimus3
1372 2091 1479 2130 quae
1507 2075 1544 2117 si

200 2134 446 2176 hominibus
479 2135 583 2176 solis
615 2138 720 2176 nota
753 2138 863 2189 sunt,
894 2135 1116 2176 hominum
1148 2134 1264 2176 facta
1297 2149 1388 2176 esse
1415 2149 1544 2176 causa

132 2206 197 2237 156
218 2193 490 2235 iudicandum
532 2196 609 2235 est.
670 2193 803 2235 Terra
843 2209 945 2235 vero
986 2194 1075 2234 feta
1111 2194 1309 2250 frugibus
1350 2197 1391 2235 et
1422 2194 1542 2235 vario

201 2253 466 2308 leguminum
499 2266 672 2308 genere,
711 2268 819 2307 quae
851 2268 946 2294 cum
979 2268 1180 2295 maxuma
1213 2253 1419 2308 largitate
1449 2251 1542 2293 fun·
1561 2263 1595 2289 35

200 2311 274 2365 dit,
306 2326 356 2352 63
379 2311 623 2352 ferarumne
657 2326 711 2352 an
737 2311 958 2353 hominum
985 2327 1114 2353 causa
1140 2312 1317 2367 gignere
1343 2311 1540 2352 videtur?

199 2368 309 2418 Quid
341 2370 391 2411 de
424 2370 584 2411 vitibus
617 2371 872 2425 olivetisque
906 2371 1073 2412 dicam?
1113 2386 1293 2425 quarum
1325 2369 1541 2412 uberrumi

1656 2335 1657 2354 1

1653 2378 1657 2475 'J

1651 2519 1654 2557 1
