1685 2568
439 65 528 101 LIB.
556 65 582 101 I.
617 64 715 100 CAP.
742 69 893 100 40—43.
926 69 946 108 ξ
972 71 1121 101 63-67,
1367 68 1450 110 30],

111 161 291 217 regium,
323 161 366 203 id
400 163 464 203 est
495 161 684 216 patrium
716 161 943 203 consilium
975 161 1136 216 populo
1168 162 1275 203 bene
1307 177 1455 205 consu·

111 220 294 262 lentium
325 220 579 275 principum.
630 218 706 261 Sin
735 234 812 274 per
844 234 888 261 se
920 220 1105 275 populus
1137 220 1354 262 interfecit
1381 224 1456 262 aut

112 279 236 321 eiecit
261 281 505 333 tyrannum,
538 280 604 320 est
630 278 903 332 moderatior,
933 278 1074 332 quoad
1100 279 1232 319 sentit
1258 281 1300 320 et
1330 280 1455 334 sapit,

113 340 156 379 et
195 352 273 379 sua
309 352 354 379 re
388 340 512 393 gesta
543 338 732 379 laetatur
763 337 958 391 tuerique
989 337 1084 378 vult
1116 351 1192 391 per
1224 351 1268 378 se
1300 338 1456 379 consti-

76 406 92 433 5
111 399 253 438 tutam
278 411 368 438 rem
394 396 623 450 publicam.
668 394 713 438 Si
739 395 906 450 quando
935 398 1010 437 aut
1029 396 1122 451 regi
1141 395 1256 437 iusto
1276 396 1365 437 vim
1384 411 1457 451 po—

111 456 238 510 pulus
267 454 272 508 Ι
301 455 450 496 attulit
475 469 663 510 regnove
690 469 786 496 eum
813 454 1017 509 spoliavit
1043 456 1117 495 aut
1144 455 1286 508 etiam,
1315 456 1367 506 [p.
1389 465 1456 496 243

110 514 155 557 id
181 514 295 568 quod
320 513 461 555 evenit
481 513 663 567 saepius,
690 513 966 579 optimatium
986 512 1241 567 sanguinem
1264 513 1457 568 gustavit

111 633 237 686 putes
276 632 420 672 autem
457 644 575 671 mare
612 598 749 671 iillum
788 633 863 672 aut
899 631 1119 672 flammam
1151 645 1244 672 esse
1276 633 1456 684 tantam,

60 701 95 727 10
115 704 243 744 quam
281 703 368 731 non
403 688 574 730 facilius
614 689 671 730 sit
710 689 858 731 sedare
896 704 1024 743 quam
1063 689 1315 731 effrenatam
1346 690 1457 731 inso-

112 748 248 790 lentia
279 746 636 802 multitudinem),
668 750 762 789 tum
793 748 844 789 fit
874 748 993 803 illud,
1026 748 1140 803 quod
1171 748 1284 803 apud
1314 748 1458 790 Plato-

112 822 211 849 nem
250 809 316 848 est
346 807 561 848 luculente
594 806 773 860 dictum,
813 807 848 848 si
880 807 1006 848 modo
1037 807 1082 848 id
1113 807 1349 862 exprimere
1380 807 1458 849 La-

112 866 202 907 tine
240 868 440 921 potuer03
478 865 652 907 difficile
683 865 801 907 factu
830 865 834 919 Ι
864 868 946 920 est,
984 866 1059 907 sed
1090 866 1286 908 conabor>
1310 867 1362 918 [p.
1390 877 1458 907 244
1473 900 1528 941 4²3

112 927 271 966 tamen.
334 923 495 967 ‘Cum'
541 924 655 966 enim
693 924 834 979 inquit
874 924 1241 979 einexplebiles
1278 925 1459 980 populi
1485 929 1529 983 6¹6

60 995 93 1021 1⁵
112 984 289 1026 fauces
316 985 626 1025 exaruerunt
652 983 921 1025 libertatis
948 983 1039 1025 siti
1065 984 1318 1039 malisque
1337 998 1458 1026 usus

112 1043 205 1084 ille
237 1042 498 1084 ministris
530 1057 630 1084 non
661 1042 854 1084 modice
885 1045 1243 1097 temperatam,
1277 1043 1362 1084 sed
1386 1043 1460 1084 ni-

112 1102 207 1143 mis
253 1116 502 1143 meracam
547 1101 847 1142 libertatem
892 1101 1078 1142 sitiens
1116 1101 1309 1155 hausit,
1352 1104 1459 1143 tum

112 1160 456 1215 magistratus
496 1162 545 1201 et
582 1159 861 1215 principes,
904 1160 1007 1201 nisi
1044 1160 1192 1203 valde
1232 1135 1372 1202 leries
1411 1163 1460 1202 et

112 1219 318 1261 remissi
368 1218 473 1260 sint
522 1220 573 1260 et
621 1219 767 1274 large
819 1218 919 1260 sibi
969 1218 1271 1260 libertatem
1314 1219 1460 1260 mini-

60 1289 94 1315 20
114 1280 300 1332 strent,
338 1277 651 1332 insequitur,
688 1277 977 1331 insimulat,
1015 1278 1208 1333 arguit,
1246 1292 1460 1333 praepo-

112 1339 302 1391 tentes,
339 1350 507 1392 reges,
545 1338 794 1390 tyrannos
832 1311 1014 1379 vocat'
1075 1336 1187 1378 Puto
1227 1337 1340 1378 enim
1378 1337 1461 1378 tibi

111 1396 219 1438 haec
251 1409 342 1437 esse
374 1397 490 1436 nota.
538 1395 588 1437 L.
614 1394 728 1436 Vero
761 1395 879 1449 mihi,
911 1393 1064 1452 inlquit
1094 1395 1181 1450 ille,
1206 1410 1280 1437 no·
1312 1397 1364 1448 [p.
1394 1406 1458 1437 151

112 1454 293 1496 tissima.
349 1453 391 1496 S.
421 1453 541 1510 Ergo
573 1454 651 1495 illa
683 1457 936 1508 sequuntur:
969 1454 1094 1509 eeos,
1127 1454 1212 1509 qui
1243 1457 1461 1510 pareant
1488 1465 1530 1496 67

113 1513 456 1570 principibus,
506 1513 701 1569 agitari
751 1513 811 1555 ab
857 1527 910 1555 eo
953 1513 1144 1569 populo
1190 1516 1239 1555 et
1283 1528 1461 1556 servos

61 1584 95 1610 25
114 1572 443 1615 voluntarios
487 1571 764 1627 appellari3
806 1586 890 1614 eos
929 1574 1114 1627 autem,
1154 1572 1239 1627 qui
1275 1572 1326 1614 in
1363 1587 1462 1614 ma-

116 1632 346 1688 gistratu
385 1630 707 1686 privatorum
746 1631 944 1672 similes
985 1646 1096 1673 esse
1133 1631 1318 1686 velint,
1356 1646 1462 1673 eos-

116 1705 208 1746 que
246 1690 500 1745 privatos,
539 1689 623 1744 qui
655 1689 914 1743 efficiant,
950 1704 1010 1731 ne
1042 1690 1162 1745 quid
1192 1690 1331 1731 inter
1360 1691 1462 1746 pri-

114 1751 288 1792 vatum
330 1750 378 1790 et
416 1749 781 1804 magistratum
820 1748 1054 1803 differat,
1091 1749 1266 1790 ferunt
1298 1749 1462 1791 laudi-

114 1809 207 1850 bus
251 1810 300 1850 et
343 1810 572 1849 mactant
614 1807 919 1863 honoribus,
961 1810 1016 1849 ut
1056 1822 1264 1850 necesse
1305 1808 1375 1850 sit
1412 1809 1462 1850 in

61 1878 96 1906 30
115 1867 222 1910 eius
277 1866 412 1908 modi
467 1880 518 1908 re
567 1866 777 1921 publica
825 1867 978 1922 plena
1027 1866 1300 1908 libertatis
1351 1882 1462 1909 esse

114 1926 299 1980 omnia,
329 1927 385 1967 ut
417 1927 466 1966 et
496 1925 703 1980 privata
734 1925 908 1967 domus
941 1926 1104 1968 omnis
1131 1928 1278 1968 vacet
1305 1926 1463 1968 domi-

112 1984 340 2041 na}tione
372 1986 421 2026 et
451 1984 547 2026 hoc
578 1984 764 2025 malum
795 1999 953 2039 usque
985 1985 1043 2026 ad
1076 1985 1277 2027 bestias
1312 1986 1365 2037 [p.
1395 1996 1460 2026 152

113 2043 401 2100 perveniat,
458 2042 673 2097 denique
722 2045 777 2084 ut
825 2046 975 2098 pater
1022 2043 1194 2085 filium
1245 2046 1462 2097 metuat,

112 2103 262 2145 filius
294 2105 492 2158 patrem
523 2102 787 2158 neglegat,
820 2102 958 2144 absit
996 2103 1159 2144 omnis
1192 2103 1371 2158 pudor,
1408 2105 1463 2143 ut

61 2162 264 2218 ³5plane
285 2161 442 2203 liberi
468 2161 589 2214 sint,
620 2160 753 2202 nihil
779 2160 1011 2215 intersit,
1043 2159 1172 2203 ci‘vis
1200 2162 1270 2202 sit
1296 2176 1355 2202 an
1382 2176 1463 2215 pe-

113 2221 369 2276 regrinus,
400 2220 652 2276 magister
682 2221 736 2261 ut
769 2219 1054 2275 discipulos
1086 2222 1285 2262 metuat
1318 2222 1366 2261 et
1398 2219 1461 2260 iis

113 2279 416 2322 blandiatur
465 2281 813 2334 spernantque
864 2279 1111 2334 discipuli
1161 2279 1463 2334 magistros,
1494 2310 1497 2311 ν
