1685 2568
352 87 440 124 ΜΒ.
466 88 511 123 11.
545 87 646 123 CAP.
671 92 822 125 39—42.
855 92 874 131 ς
902 92 1097 123 loo—107.
1342 89 1398 130 83

59 183 212 238 inquit,
243 184 504 228 carminibus
530 183 707 237 Aratiis,
739 197 846 238 quae
879 198 904 225 a
934 186 978 225 te
1004 184 1233 225 admodum
1259 184 1399 226 adule-

60 242 253 284 scentulo
287 257 492 285 conversa
521 242 585 284 ita
615 256 682 283 me
715 242 942 296 delectant,
974 242 1075 297 quia
1099 242 1256 284 Latina
1288 245 1399 295 sunt,

58 303 108 343 ut
150 301 288 342 multa
332 316 382 343 ex
418 301 471 343 iis
509 300 716 342 memoria
753 303 934 342 teneam.
994 301 1133 356 Ergo,
1175 304 1224 342 ut
1264 301 1398 343 oculis

60 359 235 401 adsidue
266 360 470 414 videmus,
502 360 592 401 sine
623 359 714 400 ulla
745 359 983 401 mutatione
1016 362 1090 401 aut
1122 360 1332 401 varietate

24 447 42 473 5
151 427 336 471 Cetera
366 430 612 471 labuntur
644 429 802 471 celeri
833 429 1083 471 caelestia
1113 432 1252 472 motu

149 486 269 530 Cum
308 489 553 543 caeloque
590 487 743 529 simul
780 490 1059 543 noctesque
1092 488 1300 543 diesque
1330 488 1401 531 fe-

1081 550 1282 602 runtur,

61 643 243 684 quorum
275 629 638 684 contemplatione
669 629 830 671 nullius
857 629 1018 684 expleri
1042 632 1188 685 potest
1214 630 1381 672 animus
1404 634 1468 666 105

59 690 241 730 naturae
274 688 562 731 constantiam
594 688 738 730 videre
770 688 992 743 cupientis.

147 770 524 825 Extremusque
552 769 674 812 adeo
702 769 896 825 duplici
923 770 978 812 de
999 770 1204 813 cardine
1223 775 1400 814 vertex

25 845 43 871 ο
151 829 356 871 Dicitur
388 843 497 870 esse
528 829 688 884 polus.

60 909 187 954 Hunc
207 912 366 954 circum
382 912 540 954 Arctoe
562 911 668 953 duae
687 911 883 953 feruntur
901 926 1136 966 numquam
1151 912 1401 955 occidentes.

148 993 219 1036 Ex
245 994 325 1035 his
350 994 515 1036 altera
536 994 664 1049 apud
686 992 867 1036 Graios
888 992 1152 1049 Cynosura
1170 998 1401 1051 vocatur,

149 1053 331 1095 Altera
363 1053 552 1095 dicitur
584 1066 694 1094 esse
724 1052 919 1107 Helice,

61 1134 179 1176 cuius
225 1135 395 1190 quidem
437 1135 700 1177 clarissimas
741 1135 890 1176 stellas
931 1135 1037 1176 totis
1077 1136 1276 1178 noctibus
1317 1151 1401 1179 cer-

60 1207 214 1248 nimus,

150 1264 282 1314 Quas
313 1264 481 1307 nostri
513 1262 719 1319 Septem
747 1264 895 1306 soliti
920 1265 1151 1307 vocitare
1178 1265 1402 1308 Triones.

60 1347 327 1403 Paribusque
371 1347 509 1389 stellis
554 1346 754 1388 similiter
798 1346 1012 1388 distinctis
1057 1347 1237 1390 eundem
1278 1348 1386 1390 caeli
1408 1350 1473 1383 106

59 1408 265 1450 verticem
297 1407 455 1448 lustrat
486 1420 619 1461 parva
652 1404 889 1460 Cynosura:

150 1489 255 1532 Hac
279 1489 449 1530 fidunt
479 1489 599 1531 duce
624 1490 875 1530 nocturna
899 1488 1180 1531 Phoenices
1207 1489 1257 1531 in
1284 1489 1403 1532 alto.

150 1547 244 1590 Sed
286 1548 428 1603 prior
470 1547 567 1590 illa
609 1547 774 1603 magis
819 1547 992 1589 stellis
1037 1548 1287 1590 distincta
1330 1563 1404 1590 re-

150 1665 214 1708 Et
245 1666 351 1707 late
383 1665 546 1720 prima
577 1665 850 1708 confestim
883 1680 908 1707 a
938 1668 1086 1708 nocte
1116 1607 1338 1720 {lidgetiin

148 1724 286 1766 Haec
335 1738 453 1766 vero
497 1739 656 1780 parva
699 1728 795 1779 est,
846 1725 931 1766 sed
974 1724 1146 1766 nautis
1190 1739 1309 1766 usus
1353 1725 1403 1766 in

149 1841 276 1884 Nam
308 1856 456 1884 cursu
479 1841 728 1884 interiore
752 1842 897 1885 brevi
923 1784 1402 1885 convcgatitiiitorbe.

33 1562 42 1588 )

0 1921 8 1986 ’ᾗ
60 1924 120 1967 Et
152 1940 234 1981 quo
267 1925 325 1967 sit
357 1939 501 1966 earum
534 1925 759 1967 stellarum
791 1925 1088 1967 admirabilior
1120 1927 1330 1980 aspectus,
1418 1919 1475 1961 42

149 1995 255 2037 Has
274 1995 428 2049 inter,
453 1996 618 2038 veluti
638 1996 818 2051 rapido
840 2011 947 2038 cum
969 1995 1176 2052 gurgite
1194 1995 1405 2050 flumen,

150 2054 344 2097 Torvus
381 2054 545 2097 Draco
586 2056 750 2110 serpit
791 2055 967 2097 subter
1009 2069 1294 2110 superaque
1330 2068 1404 2096 re-

1067 2113 1284 2156 volvens

149 2171 267 2214 Sese
300 2172 684 2228 conficiensque
717 2173 859 2214 sinus
891 2187 913 2215 e
944 2187 1158 2228 corpore
1189 2171 1367 2214 flexos.

10 2278 11 2282 ,
58 2242 167 2286 Eius
198 2258 295 2286 cum
325 2244 460 2285 totius
492 2246 558 2285 est
587 2244 810 2299 praeclara
840 2243 1016 2299 specieS,
1047 2246 1133 2285 tum
1161 2243 1206 2284 in
1231 2241 1382 2297 primis
1406 2247 1470 2278 107

0 2325 4 2334 ν
62 2303 306 2360 aspicienda
338 2305 404 2345 est
433 2303 574 2358 figura
605 2303 758 2358 capitis
791 2305 919 2357 atque
952 2302 1079 2344 ardor
1111 2301 1348 2344 oculorum:

1066 2369 1115 2404 6*
