1685 2568
432 118 520 152 LIB.
547 118 609 154 IV.
636 117 736 153 CAP.
764 121 889 153 9—12.
922 121 941 159 ἓ
967 121 1092 152 9-14,
1347 117 1432 158 359

99 215 227 257 eludit
260 214 366 256 hune
408 215 554 264 locum,
593 216 641 255 ut
681 213 862 254 ostendat
905 212 1123 254 veteribus
1165 212 1434 266 displicuisse

100 273 306 315 Romanis
341 273 407 314 vel
440 271 606 313 laudari
637 285 894 326 quemquam
924 270 971 312 in
1002 284 1156 312 scaena
1186 271 1331 311 vivum
1362 269 1435 311 ho-

100 332 258 374 minem
296 332 363 373 vel
402 330 648 386 vituperari.
704 330 979 384 (Auyustinus
1015 330 1063 371 de
1092 330 1164 370 civ.
1195 329 1260 370 dei
1290 328 1350 369 II
1376 327 1435 381 9.)

189 388 444 432 Comoediam
481 403 561 431 esse
592 388 728 431 Cicero
759 390 820 430 ait
849 389 1116 430 imitationem
1147 388 1270 437 vitae,
1301 399 1433 439 specu·
1451 374 1502 415 11

0 450 7 474 ⁵
64 461 82 488 5
101 449 186 491 lum
216 449 530 499 consuetudinis,
568 448 788 501 imayinem
817 448 1009 489 veritatis.
1059 446 1230 499 (Donat.
1262 446 1309 487 de
1339 458 1435 486 com.

99 509 158 550 in.
181 522 225 561 p.
255 507 398 550 LVII
425 508 581 548 Terent.
614 509 671 548 ed.
708 506 909 556 Westerh„
934 520 977 560 p.
1009 505 1129 547 XVI
1154 509 1180 547 9
1211 503 1369 557 Klotz.)

187 567 259 608 Ad
286 566 391 608 hane
415 566 732 608 convenientiam
748 566 936 618 pertinet,
961 565 1068 618 quod
1091 565 1213 606 etiam
1237 563 1437 605 scaenicos

98 628 250 667 actores
287 626 505 666 earundem
538 624 777 677 fabularum
812 638 895 666 non
926 637 1055 677 parvo
1085 623 1261 665 civitatis
1291 622 1438 662 honore

98 685 242 737 diynos
271 685 572 734 existimarunt,
602 683 818 736 siquidem,
854 685 961 736 quod
989 684 1035 724 in
1065 696 1107 724 eo
1137 695 1289 735 quoque
1319 681 1365 722 de
1395 693 1439 721 re

0 747 3 770 ἰ
49 755 82 780 ιο
93 743 261 796 publiea
286 743 387 784 libro
413 745 758 792 commemoratur,
790 742 1024 784 Aeschines
1050 739 1340 793 Atheniensis,
1371 738 1438 780 vir

100 801 487 856 eloquentissimus,
508 815 604 843 cum
625 800 871 843 adulescens
892 800 1137 856 tragoedias
1159 797 1438 851 actitavisset,

99 875 189 901 rem
226 860 445 914 publicam
482 860 730 915 capessivit,
771 862 814 901 et
845 860 1186 913 Aristodemum,
1223 857 1438 913 tragicum

99 919 202 960 item
241 921 448 973 actorem,
485 918 684 960 maximis
723 919 773 960 de
804 919 930 960 rebus
963 918 1081 974 pacis
1114 920 1157 959 et
1188 917 1293 958 belli
1324 916 1439 972 lega-

98 980 192 1019 tum
217 978 271 1019 ad
290 978 538 1033 Philippum
559 978 843 1019 Athenienses
872 992 998 1033 saepe
1024 977 1245 1018 miserunt.
1276 976 1438 1030 (Auyu-

0 1041 6 1047 '
46 1047 80 1075 15
98 1038 232 1079 stinus
262 1037 309 1078 de
338 1038 409 1079 civ.
441 1038 504 1079 dei
533 1037 595 1078 II
619 1036 703 1090 11.)

189 1099 302 1144 Οὔτε
327 1099 412 1156 γὰρ
440 1099 587 1143 ἅπασα
611 1101 760 1156 τέρψις
786 1100 982 1156 μεμπτὸν
1010 1099 1111 1143 οὔτε
1130 1101 1207 1155 τῆς
1228 1100 1440 1154 μουσικῆς
1456 1079 1511 1162 11Ξ

100 1163 209 1221 αὕτη
248 1167 390 1219 τέλος,
431 1163 530 1209 ἀλλ’
571 1164 598 1221 ἡ
637 1165 717 1222 μὲν
755 1168 1015 1221 ψυχαγωγία
1052 1164 1160 1207 κατὰ
1198 1163 1248 1207 τὸ
1282 1166 1440 1219 συμβε-

100 1228 256 1285 βηκός,
290 1228 453 1280 σκοπὸς
486 1229 534 1273 δὲ
567 1228 589 1273 ὁ
623 1234 908 1286 προκείμενος
940 1228 966 1285 ἡ
1000 1228 1109 1286 πρὸς
1142 1227 1302 1285 ἀρετὴν
1328 1227 1441 1283 ὠφέ-

99 1299 212 1338 λεια·
253 1293 358 1351 ὅπερ
397 1294 590 1346 πολλούς
621 1313 666 1338 τε
698 1294 859 1346 ἄλλους
892 1298 1024 1338 ἔλαθε
1056 1294 1128 1337 καὶ
1160 1293 1239 1337 τὸν
1272 1295 1319 1337 ἐν
1349 1301 1441 1344 τοῖς

46 1354 80 1397 {³0
101 1360 353 1415 Κικέρωνος
383 1361 463 1402 τοῦ
490 1357 708 1414 Ῥωμαίου
739 1364 1034 1410 πολιτικοῖς
1063 1358 1116 1402 τὰ
1149 1358 1257 1401 κατὰ
1290 1371 1441 1414 μουσι-

100 1427 177 1480 κῆς
208 1425 465 1480 ’Ῠρηθέντά
498 1423 552 1467 οὐ
579 1423 663 1479 γὰρ
691 1422 819 1480 ἔγωγ’
849 1421 906 1467 ἂν
933 1428 1072 1480 φαίην
1099 1425 1249 1481 ἐκείνῳ
1276 1422 1328 1466 τὰ
1354 1439 1442 1466 τοι-

100 1493 211 1533 αῦτα
256 1492 483 1546 εἰρῆσθαι·
524 1491 615 1540 πῶς
658 1488 742 1544 γὰρ
788 1488 844 1532 ἄν
887 1505 952 1540 τις
991 1486 1129 1531 αὐτὸν
1169 1491 1441 1544 ἰσχυρίσαιτο

100 1554 317 1611 μουσικὴν
343 1556 569 1609 λοιδορεῖν
593 1570 639 1597 τε
665 1554 737 1596 καὶ
765 1552 823 1604 ὡς
849 1552 1027 1609 φαύλην
1053 1551 1265 1596 εὐθύνειν
1285 1553 1443 1608 τέχνην

100 1618 330 1676 ἁρμονιῶν
368 1636 414 1662 τε
451 1619 523 1662 καὶ
562 1621 750 1675 ῥυθμῶν
789 1617 946 1675 ἀρετάς
982 1635 1028 1662 τε
1064 1618 1138 1661 καὶ
1169 1622 1321 1669 κακίας
1353 1620 1443 1661 διο-

48 1697 81 1721 25
103 1688 331 1740 ρίζουσαν;
364 1682 522 1738 ἄνδρα,
555 1681 602 1735 ὃς
633 1682 682 1727 τὸ
709 1686 950 1739 τηνικαῦτα
977 1684 1167 1739 ῥυθμοῖς
1193 1683 1346 1739 μόνοις
1371 1682 1443 1725 καὶ

100 1748 273 1800 τούτοις
304 1746 510 1803 ἀγεννέσι
535 1748 608 1792 καὶ
635 1748 825 1805 φαύλοις
852 1748 1213 1804 ἐπιδεικνύμενον
1234 1747 1444 1793 Ῥώσκιον

100 1812 180 1857 τὸν
208 1811 430 1870 ὀρχηστὴν
457 1812 573 1857 οὕτω
600 1813 776 1870 σφόδρα
803 1813 1093 1869 ἐξεπλήττετο,
1121 1811 1231 1857 ὥστε
1257 1812 1445 1869 φάσκειν

102 1876 242 1922 αὐτὸν
281 1882 472 1935 προνοίᾳ
508 1880 633 1922 θεῶν
666 1879 708 1930 ἐς
739 1876 1011 1934 ἀνθρώπους
1042 1883 1294 1935 παρελθεῖν.
1355 1878 1446 1922 Καὶ

101 1942 187 1999 γὰρ
220 1948 264 1987 εἴ
289 1960 355 1994 τις
387 1941 526 1986 αὐτὸν
558 1942 723 1998 φάσκοι
753 1942 805 1986 τὰ
833 1943 913 1999 μὲν
940 1945 987 1987 ἐν
1012 1937 1041 2001 ᾗ
1068 1944 1345 2000 συγγέγραφε
1370 1959 1447 1988 πο-

49 2019 82 2045 30
102 2011 241 2066 λιτείᾳ
278 2008 424 2063 λέγειν
463 2008 695 2063 ἑκουσίως,
731 2007 784 2051 τὰ
825 2008 873 2052 δὲ
905 2008 1003 2064 περὶ
1029 2006 1242 2052 Ῥώσκιον
1274 2024 1447 2066 προκει-

102 2075 235 2129 μένης
273 2074 420 2116 ἕνεκεν
458 2070 734 2128 ὑποθέσεως,
773 2070 1081 2129 ἀντιστρέφειν
1119 2073 1199 2129 μὲν
1230 2073 1303 2116 καὶ
1333 2071 1447 2128 ἡμᾶς

102 2135 236 2180 οὐδὲν
261 2137 451 2181 κωλύσει
475 2136 556 2181 τὸν
583 2135 722 2181 αὐτὸν
743 2136 891 2193 λόγον.
938 2136 1051 2181 Ἀλλ’
1076 2136 1194 2194 ὅμως
1212 2138 1285 2181 καὶ
1307 2136 1446 2188 οὕτως

101 2200 235 2244 λα’θοι
278 2219 344 2253 τις
387 2198 445 2245 ἂν
489 2199 826 2257 ἀποδοκιμάζων
870 2205 1061 2257 μᾶλλον,
1107 2201 1216 2245 ὅσον
1260 2204 1321 2252 εἰς
1362 2200 1445 2256 τὴν

100 2268 331 2322 παροῦσαν
359 2267 529 2319 σκέψιν,
555 2263 582 2322 ἢ
605 2265 813 2317 συνιστὰς
831 2265 910 2310 τὸν
932 2266 1116 2323 ῥήτορα·
1138 2265 1446 2318 ἀναξιόπιστος

48 2343 82 2368 35
100 2329 186 2388 γὰρ
223 2329 333 2387 πρὸς
370 2329 584 2386 ἀληθείας
622 2329 798 2387 εὕρεσιν
835 2327 863 2387 ἢ
903 2334 1080 2374 δικαίαν
1117 2335 1263 2384 κρίσιν
1295 2328 1318 2374 ὁ
1350 2339 1445 2381 ταῖς

133 2484 156 2510 0
