1685 2568
229 57 316 126 420
744 85 808 120 DE
834 85 1036 120 LEGIBUS

230 181 396 223 animos
427 183 596 223 teneros
629 184 756 236 atque
787 182 939 223 molles
971 182 1145 223 influere
1174 197 1301 236 quam
1327 183 1468 224 varios
1494 197 1559 224 ca-

228 240 357 281 nendi
388 254 527 294 sonOS‚
559 255 739 294 quorum
771 240 852 281 dici
883 240 953 281 vix
984 243 1128 294 potest
1159 243 1320 294 quanta
1345 241 1401 282 sit
1424 241 1490 282 vis
1515 241 1561 282 in

229 301 454 353 utramque
497 302 683 354 partem3
725 313 908 352 namque
952 301 995 339 et
1037 299 1189 340 incitat
1226 300 1479 354 languentes
1517 302 1559 340 et

229 357 491 413 languefacit
517 358 724 399 excitatos
751 360 793 398 et
818 360 910 398 tum
935 357 1118 398 remittit
1145 358 1322 411 animos,
1347 361 1440 399 tum
1465 373 1560 399 con-
1654 408 1655 415 ἵ

227 416 376 469 trahit,
401 416 708 470 civitatumque
733 415 814 457 hoc
834 416 1067 457 multarum
1092 416 1137 457 in
1157 415 1335 457 Graecia
1353 416 1560 468 interfuit,
1578 429 1595 455 5
1654 437 1656 446 ι

229 475 450 528 antiquom
492 489 643 516 vocum
683 489 934 516 conservare
973 475 1163 529 modum3
1204 489 1384 529 quarum
1420 490 1561 517 mores

228 533 340 587 lapsi
369 533 422 574 ad
447 533 653 574 mollitias
680 533 842 588 pariter
873 535 973 574 sunt
1003 533 1206 575 inmutati
1231 548 1326 575 cum
1352 534 1562 588 cantibus,

229 594 303 633 aut
334 591 414 633 hac
446 592 665 633 dulcedine
697 592 1024 646 corruptelaque
1050 592 1285 647 depravati,
1315 595 1363 633 ut
1389 593 1562 646 quidam

226 653 394 705 putant,
426 653 512 704 aut,
544 665 673 704 quom
705 652 908 692 severitas
941 665 1087 692 eorum
1119 651 1174 692 ob
1207 651 1292 692 alia
1322 651 1429 693 vitia
1460 651 1563 693 ceci-

228 709 378 764 disset,
415 711 507 750 tum
544 709 627 750 fuit
664 709 708 750 in
745 710 919 751 auribus
951 709 1188 764 animisque
1220 710 1398 751 mutatis
1430 711 1561 752 etiam
1581 723 1614 748 ιο
1652 707 1654 721 '

158 774 201 805 39
228 767 326 809 huic
351 768 580 810 mutationi
607 769 736 810 locus.
774 767 911 817 Quam
931 769 984 810 ob
1005 783 1095 810 rem
1114 769 1188 809 ille
1209 768 1379 822 quidem
1399 769 1562 823 sapien·
1652 765 1653 780 ³

227 827 420 868 tissimus
448 826 650 869 Graeciae
678 828 744 868 vir
770 828 980 882 longeque
1006 827 1278 869 doctissimus
1303 827 1427 869 valde
1452 828 1562 870 hanc

227 885 370 927 labem
395 889 584 940 veretur3
611 888 743 941 negat
763 886 875 927 enim
901 886 1061 928 mutari
1085 900 1211 941 posse
1236 886 1420 928 musicas
1444 887 1561 942 leges

228 945 319 986 sine
340 945 577 986 mutatione
597 945 742 1000 legum
767 944 1048 1000 publicarum.
1084 944 1181 1000 Ego
1207 947 1351 986 autem
1375 960 1453 987 nec
1471 948 1562 987 tam
1651 978 1652 985 ,

227 1003 352 1045 valde
371 1003 415 1045 id
433 1004 668 1045 timendum
688 1018 765 1045 nec
785 1004 911 1058 plane
932 1003 1287 1045 contemnendum
1307 1006 1430 1058 put03
1454 1004 1563 1046 illud
1583 1016 1614 1042 15
1650 1025 1652 1056 1

228 1063 398 1116 quidem
429 1064 552 1113 video,
584 1077 691 1117 quae
724 1063 921 1104 solebant
953 1063 1167 1117 quondam
1195 1062 1385 1118 conpleri
1411 1063 1563 1105 severi-

226 1124 318 1163 tate
351 1122 534 1163 iucunda
559 1121 748 1163 Livianis
775 1124 817 1162 et
842 1121 1075 1163 Naevianis
1101 1121 1251 1175 modis,
1285 1136 1396 1163 nunc
1421 1125 1469 1163 ut
1495 1137 1561 1163 ea-

227 1181 322 1222 dem
343 1181 535 1222 exultent
553 1184 596 1222 et
613 1181 796 1222 cervices
811 1181 1040 1235 oculosque
1053 1180 1215 1235 pariter
1228 1195 1323 1222 cum
1338 1180 1561 1222 modorum

227 1240 481 1281 flexionibus
518 1242 758 1294 torqueant.
821 1238 1021 1281 Graviter
1058 1239 1161 1280 olim
1198 1239 1283 1280 ista
1317 1239 1561 1281 vindicabat
1648 1279 1649 1283 ,

227 1301 350 1339 vetus
381 1299 459 1340 illa
485 1298 664 1340 Graecia
695 1299 822 1353 longe
854 1298 1094 1353 providens⁷
1126 1313 1253 1352 quam
1286 1298 1444 1339 sensim
1469 1313 1560 1353 per·
1580 1311 1613 1335 20
1648 1324 1649 1327 =

227 1357 358 1399 nicies
383 1357 552 1412 inlapsa
577 1359 622 1398 in
647 1357 802 1399 civium
829 1357 994 1398 animos
1020 1356 1145 1398 malis
1173 1357 1324 1398 studiis
1351 1357 1561 1412 malisque
1648 1349 1649 1361 ¹

228 1416 433 1458 doctrinis
477 1419 651 1471 repente
688 1418 804 1457 totas
843 1416 1039 1457 civitates
1080 1418 1307 1467 everteret,
1352 1415 1560 1470 siquidem

226 1474 306 1517 illa
331 1489 478 1516 severa
496 1474 757 1517 Lacedaemo
783 1489 936 1516 nervos
962 1474 1099 1527 iussit,
1129 1488 1235 1529 quos
1261 1474 1405 1528 plures
1433 1489 1561 1529 quam

229 1536 393 1589 septem
423 1534 615 1588 haberet,
645 1534 690 1575 in
720 1532 936 1575 Timothei
965 1533 1120 1574 fidibus
1150 1533 1292 1575 incidi.
1646 1569 1648 1583 s

316 1592 526 1647 Deinceps
558 1593 603 1634 in
628 1593 721 1647 lege
748 1596 824 1647 est,
854 1594 903 1633 ut
928 1591 977 1633 de
1004 1592 1158 1632 ritibus
1184 1591 1337 1646 patriis
1364 1592 1560 1634 colantur
1579 1603 1612 1630 25
1645 1618 1647 1640 4
1676 1633 1685 1641 ,,

228 1654 422 1706 optuma3
455 1652 504 1692 de
536 1666 619 1706 quo
652 1666 781 1706 quom
812 1651 1083 1693 consulerent
1114 1650 1398 1692 Athenienses
1430 1651 1561 1706 Apol-
1645 1647 1647 1664 ³'

227 1710 357 1751 linem
389 1710 611 1765 Pythium,
652 1725 757 1765 quas
788 1710 1061 1765 potissimum
1092 1709 1321 1764 religiones
1353 1712 1560 1764 tenerent,

229 1769 420 1811 oraclum
463 1769 624 1810 editum
667 1772 749 1810 est:
795 1768 915 1823 ‘eas,
960 1783 1084 1822 quae
1129 1770 1301 1809 essent
1336 1768 1387 1809 in
1425 1783 1559 1810 more

228 1828 485 1869 maiorum.
564 1827 655 1876 Quo
688 1842 816 1882 quom
841 1828 998 1868 iterum
1023 1826 1240 1868 venissent
1265 1827 1559 1882 maiorumque
1643 1873 1644 1886 ἵ

229 1901 391 1928 morem
429 1887 637 1928 dixissent
671 1901 797 1941 saepe
830 1901 920 1927 esse
953 1888 1165 1927 mutatum
1199 1885 1559 1940 quaesissentque,
1578 1897 1611 1922 30
1642 1923 1644 1928 ,
1683 1917 1685 1931 <

229 1960 354 1999 quem
380 1960 542 1987 morem
568 1946 839 2000 potissimum
867 1947 1144 1999 sequerentur
1169 1959 1190 1985 e
1215 1944 1359 1998 variis,
1387 1959 1560 1999 respon·
1642 1940 1643 1945 ¹

229 2004 308 2045 dit:
351 2004 658 2058 ‘optumu1n.'
718 2004 777 2045 Et
813 2003 1005 2058 profecto
1038 2003 1101 2044 ita
1132 2005 1214 2057 est,
1251 2006 1300 2044 ut
1329 2003 1373 2044 id
1403 2003 1559 2044 haben-

229 2062 328 2104 dum
370 2062 426 2103 sit
466 2063 812 2118 antiquissimum
852 2065 895 2104 et
933 2063 1009 2104 deo
1046 2062 1306 2117 proximum,
1350 2062 1462 2116 quod
1503 2062 1560 2104 sit

229 2124 464 2176 optumum.

317 2178 479 2235 Stipem
512 2181 762 2222 sustulimus
794 2181 877 2222 nisi
909 2195 1014 2234 eam,
1047 2194 1174 2234 quam
1206 2179 1259 2221 ad
1286 2194 1443 2234 paucos
1470 2179 1558 2221 dies
1578 2189 1611 2216 3⁵

228 2239 446 2294 propriam
468 2238 619 2280 Idaeae
638 2239 792 2281 Matris
820 2239 1077 2294 excepimus3
1102 2238 1254 2293 implet
1278 2238 1390 2279 enim
1418 2252 1559 2293 super-

230 2298 403 2339 stitione
436 2298 600 2339 animos
632 2300 675 2339 et
707 2298 902 2339 exhaurit
935 2298 1096 2339 domus.

159 1570 214 1653 ἐξ

489 1827 501 1844 9
