1685 2568
407 100 495 136 ΜΒ.
522 100 549 136 1.
578 99 677 135 CAP.
706 104 853 135 15—17.
879 104 899 142 e
924 104 1074 136 40—45.
1356 101 1408 142 19

74 196 186 251 quod
224 210 313 238 non
350 196 508 242 habeat
547 195 637 237 sine
669 195 864 237 doctrina
896 194 1248 250 anticipationem
1282 211 1410 251 quan-

74 255 172 296 dam
209 255 414 296 deorum?
459 269 587 310 quam
625 254 814 309 appellat
847 251 1070 307 πρόληψιν
1101 254 1330 308 Epicurus,
1366 255 1410 296 id

74 316 140 355 est
184 316 455 369 anteceptam
499 313 641 355 animo
685 312 747 354 rei
791 312 1004 366 quandam
1047 311 1410 366 informationem,

74 372 165 413 sine
221 387 304 427 qua
356 386 432 414 nec
485 371 681 426 intellegi
737 371 963 425 quiequam
1012 385 1088 413 nee
1139 372 1286 426 quaeri
1333 386 1410 413 nec

37 431 285 486 5disputari
327 432 483 486 potest.
545 429 675 472 Cuius
719 429 898 471 rationis
943 429 1031 471 vim
1076 432 1204 484 atque
1248 431 1410 472 utilita-

73 492 162 531 tem
200 504 249 532 ex
286 490 363 531 illo
401 488 576 531 caelesti
607 488 783 543 Epicuri
815 489 864 529 de
896 488 1047 544 regula
1079 491 1122 530 et
1152 489 1307 531 iudicio
1340 504 1409 531 vo-

74 548 233 590 lumine
272 547 522 603 accepimus,
593 546 714 595 Quod
751 547 885 602 igitur
921 546 1247 589 fundamentum
1283 548 1410 589 huius

74 607 337 662 quaestionis
381 608 466 660 est,
512 605 556 647 id
599 606 816 660 praeclare
859 605 1019 647 iactum
1063 606 1229 648 videtis.
1303 606 1411 649 Cum

74 666 187 707 enim
211 679 298 707 non
321 665 521 707 instituto
549 664 693 719 aliquo
721 667 795 706 aut
820 679 937 706 more
964 667 1038 706 aut
1063 665 1159 721 lege
1186 666 1243 706 sit
1266 666 1410 721 opinio

21 735 54 760 10
73 723 310 766 constituta
329 726 584 778 maneatque
605 723 658 764 ad
678 738 808 764 unum
829 723 1018 764 omnium
1037 723 1162 765 firma
1176 725 1411 779 consensio,

72 783 268 838 intellegi
299 796 471 824 neeesse
503 785 569 823 est
595 796 686 823 esse
713 782 825 836 deos,
858 782 1058 836 quoniam
1085 783 1237 824 insitas
1264 798 1412 826 eorum

72 841 140 884 vel
165 841 310 896 potius
336 841 507 883 innatas
535 841 802 896 cognitiones
828 841 1055 896 habemus3
1081 841 1131 884 de
1157 857 1240 897 quo
1267 845 1411 885 autem

73 900 264 942 omnium
295 903 451 941 natura
483 900 712 952 consentit,
747 900 790 941 id
821 914 969 941 verum
1002 914 1094 942 esse
1124 915 1296 943 neeesse
1329 905 1412 956 est;

72 973 163 1000 esse
195 959 329 1014 igitur
361 959 461 1000 deos
493 959 778 1000 confitendum
811 961 887 1000 est.
937 957 1058 1007 Quod
1091 960 1291 1014 quoniam
1322 960 1412 1003 fere

21 1027 53 1053 15
74 1020 244 1059 constat
274 1018 387 1058 inter
414 1017 552 1059 omnis
578 1032 664 1059 non
688 1017 970 1072 philosophos
997 1018 1148 1074 solum,
1181 1019 1255 1060 sed
1280 1020 1412 1062 etiam

72 1076 284 1130 indoctos,
334 1076 548 1118 fateamur
590 1078 787 1118 constare
827 1076 936 1117 illud
981 1077 1128 1131 etiam,
1178 1078 1289 1120 hanc
1331 1093 1411 1121 nos

71 1135 230 1176 habere
262 1135 352 1176 sive
384 1134 748 1189 anticipationem,
780 1137 828 1175 ut
860 1138 958 1176 ante
991 1135 1088 1188 dixi,
1121 1136 1210 1178 sive
1235 1152 1412 1192 praeno-

71 1193 232 1235 tionem
265 1193 440 1235 deorum
474 1191 594 1247 (simt
625 1192 738 1234 enim
769 1193 896 1234 rebus
927 1193 1050 1235 novis
1077 1209 1190 1236 nova
1214 1197 1413 1250 ponenda

70 1252 257 1306 nomina,
289 1254 337 1293 ut
368 1251 579 1306 Epicurus
611 1251 703 1306 ipse
735 1249 958 1306 πρόληψιν
991 1253 1245 1308 appellavit,
1283 1269 1411 1309 quam

19 1321 52 1347 20
72 1313 199 1353 antea
228 1325 353 1352 nemo
386 1325 434 1352 eo
467 1310 597 1352 verbo
629 1310 893 1365 nominarat)
915 1336 970 1340 —
989 1311 1100 1354 hanc
1125 1312 1259 1369 igitur
1284 1313 1411 1356 habe-

72 1384 183 1423 mus,
229 1372 275 1411 ut
320 1369 419 1411 deos
463 1369 615 1411 beatos
655 1371 697 1411 et
733 1369 983 1411 inmortales
1021 1373 1232 1426 putemus.
1295 1371 1410 1422 Quae

72 1428 184 1470 enim
232 1428 358 1470 nobis
408 1430 563 1470 natura
605 1427 955 1470 informationem
998 1429 1191 1484 ipsorum
1235 1431 1411 1474 deorum

72 1487 204 1541 dedit,
242 1487 390 1529 eadem
420 1487 650 1542 insculpsit
680 1487 725 1528 in
756 1488 990 1542 mentibus,
1027 1491 1076 1530 ut
1109 1503 1179 1531 eos
1213 1493 1410 1533 aeternos

72 1549 115 1588 et
145 1547 295 1588 beatos
326 1546 595 1588 haberemus.
656 1545 778 1594 Quod
810 1546 847 1587 si
877 1546 940 1588 ita
972 1549 1054 1601 est,
1087 1562 1184 1590 vere
1216 1550 1412 1605 exposita

19 1615 52 1642 25
71 1605 149 1647 illa
181 1605 394 1647 sententia
425 1607 492 1647 est
522 1605 576 1646 ab
602 1604 801 1660 Epicuro,
833 1605 946 1660 quod
970 1606 1146 1648 beatum
1172 1610 1411 1650 aeternum-

72 1679 153 1719 que
191 1664 266 1718 sit,
308 1664 352 1705 id
388 1678 466 1706 nec
502 1664 660 1705 habere
697 1664 840 1719 ipsum
877 1665 1042 1721 negotii
1074 1665 1303 1721 quicquam
1332 1682 1411 1710 nec

73 1723 271 1765 exhibere
303 1723 447 1776 alteri,
478 1723 623 1778 itaque
654 1737 791 1777 neque
821 1723 887 1764 ira
917 1738 1054 1779 neque
1086 1725 1230 1780 gratia
1261 1727 1411 1781 teneri,

73 1782 203 1837 quod,
243 1796 351 1836 quae
388 1781 496 1823 talia
528 1784 688 1837 essent,
723 1782 942 1824 imbecilla
973 1786 1117 1825 essent
1149 1784 1303 1826 omnia.
1366 1784 1412 1828 Si

70 1841 180 1882 nihil
217 1841 334 1883 aliud
371 1855 688 1895 quaereremus,
730 1841 814 1882 nisi
850 1844 898 1882 ut
936 1841 1036 1883 deos
1072 1842 1142 1897 pie
1174 1844 1410 1886 coleremus

20 1910 54 1936 30
73 1902 116 1941 et
157 1902 206 1941 ut
249 1900 554 1955 superstitione
599 1899 898 1954 liberaremur,
943 1901 1048 1942 satis
1094 1904 1187 1943 erat
1230 1902 1411 1958 dictum3

72 1973 172 2000 nam
215 1961 257 2000 et
298 1961 524 2014 praestans
569 1958 744 2001 deorum
786 1961 941 2001 natura
983 1959 1205 2002 hominum
1247 1961 1411 2017 pietate

74 2017 301 2071 coleretur,
339 2032 434 2060 cum
473 2019 515 2059 et
553 2020 727 2059 aeterna
758 2020 871 2060 esset
903 2021 946 2060 et
975 2018 1228 2062 beatissima
1259 2018 1411 2076 (habet

74 2075 186 2117 enim
216 2076 533 2118 venerationem
563 2076 741 2131 iustam,
780 2077 980 2132 quicquid
1011 2077 1219 2134 excellit),
1252 2081 1295 2121 et
1326 2095 1410 2122 me-

73 2136 143 2176 tus
176 2134 314 2176 omnis
346 2150 371 2177 a
400 2135 444 2177 vi
475 2137 603 2190 atque
634 2135 700 2177 ira
731 2135 906 2178 deorum
936 2137 1086 2192 pulsus
1119 2140 1249 2192 esset,
1286 2138 1410 2180 intel-

21 2204 53 2230 35
73 2193 233 2249 legitur
275 2192 388 2235 enim
431 2208 455 2235 a
496 2194 626 2236 beata
667 2194 974 2250 inmortalique
1015 2198 1172 2238 natura
1221 2198 1264 2238 et
1300 2197 1409 2239 iram

74 2254 117 2294 et
149 2251 335 2308 gratiam
367 2253 603 2309 segregari3
636 2253 789 2308 quibus
818 2254 995 2297 remotis
1020 2255 1165 2297 nullos
1193 2270 1217 2297 a
1243 2255 1409 2311 superis

72 2310 315 2366 impendere
358 2313 508 2353 metus.
575 2309 658 2353 Sed
701 2312 753 2354 ad
795 2312 906 2356 hane
949 2314 1284 2356 confirmandam
1322 2314 1409 2369 opi-

1077 2382 1126 2418 22&

1428 523 1470 564 17

1436 576 1481 606 44

1437 1322 1480 1354 45
