1685 2568
442 93 528 127 LlB.
554 92 598 128 ΙΙ.
633 91 732 127 CAP.
762 95 863 126 1—3.
895 95 914 133 ς
943 95 1043 126 1-5.
1327 92 1410 132 307

77 188 257 243 fugeret,
290 187 516 242 quisquam
549 187 779 241 aliquando
810 186 975 239 fuisset,
1005 200 1142 240 neque
1174 189 1325 228 cuncta
1355 187 1416 228 in-

80 246 206 302 genia
249 247 421 288 conlata
463 246 508 287 in
550 261 682 287 unum
725 247 895 287 tantum
939 259 1064 299 posse
1102 259 1185 285 uno
1224 247 1416 299 tempore

78 305 317 360 providere,
355 307 404 346 ut
442 304 585 346 omnia
622 304 1006 359 complecterentur
1043 303 1132 343 sine
1165 317 1306 343 rerum
1337 317 1417 344 usu

79 378 129 405 ac
159 366 388 406 vetustate.
438 362 574 412 Quam
607 363 660 405 ob
693 378 795 416 rem,
826 365 874 403 ut
905 362 979 402 ille
1008 361 1188 414 solebat,
1219 361 1282 402 ita
1306 376 1416 403 nunc
1441 372 1461 401 3

43 434 175 464 smea
210 425 377 477 repetet
415 422 553 464 oratio
591 421 740 476 populi
778 420 1047 476 originem3
1089 420 1273 461 libenter
1303 420 1417 461 enim

79 481 210 522 etiam
247 481 377 523 verbo
415 483 514 522 utor
545 479 734 522 Catonis.
783 478 969 521 Facilius
1002 480 1163 531 autem,
1206 478 1320 532 quod
1351 480 1416 519 est

77 539 359 594 propositum,
388 537 393 593 Ι
422 553 667 592 consequar,
700 538 736 579 si
767 540 962 579 nostram
993 552 1083 578 rem
1109 537 1247 592 publi·
1275 538 1327 589 [p.
1347 547 1415 578 287

77 612 172 640 cam
201 597 325 639 vobis
358 599 401 638 et
430 600 677 638 nascentem
709 599 752 638 et
783 598 1043 638 crescentem
1075 598 1118 637 et
1150 596 1342 637 adultam
1375 598 1418 636 et

77 656 165 698 iam
195 656 365 697 firmam
398 657 525 710 atque
558 656 782 697 robustam
814 655 1052 708 ostendero,
1085 668 1213 708 quam
1247 654 1282 695 si
1311 654 1417 695 mihi

25 727 59 753 ιο
79 715 280 769 aliquam,
311 717 359 755 ut
391 714 504 769 apud
533 713 760 756 Platonem
795 712 1005 768 Socrates,
1035 713 1128 767 ipse
1159 713 1333 754 finxero.

168 773 260 815 Hoc
299 788 395 815 cum
437 787 582 814 omnes
625 772 998 828 adprobavissent,
1039 771 1161 820 Quod
1196 772 1416 825 habemus,
1436 764 1463 805 2

78 832 236 887 inquit,
278 832 503 873 institutae
546 832 608 873 rei
651 831 848 886 publicae
891 833 982 872 tam
1027 831 1191 872 clarum
1234 845 1282 872 ac
1326 833 1417 871 tam
1442 816 1464 846 4

78 891 276 933 omnibus
301 893 452 932 notum
479 891 697 932 exordium
725 905 852 944 quam
877 889 1002 930 huius
1029 889 1148 930 urbis
1175 889 1416 930 condendae

77 950 335 1005 principium
366 949 605 1004 profectum
638 964 662 990 a
687 949 901 990 Romulo?
935 948 1008 1002 qui
1033 950 1155 1003 patre
1182 947 1321 989 Marte
1345 963 1417 989 na-

25 1020 59 1047 15
78 1011 148 1050 tus
181 1007 492 1065 (conceldamus
525 1008 637 1049 enim
668 1008 809 1049 famae
840 1007 1080 1060 hominum,
1118 1021 1236 1062 prae·
1270 1008 1321 1058 [p.
1350 1017 1416 1048 288

80 1067 229 1109 sertim
266 1082 354 1109 non
384 1067 648 1108 inveteratae
681 1067 838 1120 solum,
877 1066 950 1107 sed
983 1066 1113 1106 etiam
1146 1065 1362 1119 sapienter
1393 1080 1418 1106 a

79 1126 313 1168 maioribus
345 1125 552 1181 proditae,
583 1126 689 1167 bene
722 1124 866 1166 meriti
892 1125 941 1165 de
967 1124 1095 1165 rebus
1121 1124 1417 1166 communibus

77 1188 126 1227 ut
165 1199 318 1239 genere
357 1185 487 1226 etiam
518 1186 790 1239 putarentur,
827 1198 914 1224 non
946 1183 1087 1224 solum
1118 1183 1290 1237 ingenio
1325 1197 1417 1224 esse

79 1241 242 1298 divino)
274 1268 330 1272 ——
362 1243 398 1284 is
437 1243 588 1298 igitur,
625 1246 672 1284 ut
710 1244 837 1283 natus
877 1241 950 1295 sit,
989 1256 1084 1283 cum
1116 1241 1251 1282 Remo
1283 1241 1417 1282 fratre

25 1314 60 1340 20
78 1302 233 1344 dicitur
258 1302 312 1344 ab
341 1301 529 1356 Amulio,
560 1316 660 1357 rege
686 1300 871 1354 Albano,
897 1300 951 1342 ob
977 1299 1268 1341 labefactandi
1293 1300 1416 1355 regni

77 1362 277 1403 timorem
316 1361 369 1402 ad
401 1360 591 1402 Tiberim
623 1360 776 1415 exponi
807 1359 948 1400 iussus
981 1373 1090 1413 esse3
1131 1373 1214 1413 quo
1246 1359 1292 1399 in
1322 1359 1417 1400 loco

78 1435 172 1462 cum
206 1422 319 1461 esset
351 1419 562 1461 silvestris
594 1419 745 1460 beluae
773 1417 777 1471 1
807 1420 1072 1459 sustentatus
1103 1417 1243 1459 uberi-
1275 1419 1327 1469 [p.
1350 1428 1416 1459 289

77 1479 157 1520 bus
195 1481 476 1534 pastoresque
516 1493 612 1519 eum
645 1478 920 1519 sustulissent
952 1479 995 1518 et
1026 1477 1071 1517 in
1103 1475 1267 1532 agresti
1297 1477 1416 1518 cultu

78 1538 308 1591 laboreque
341 1537 566 1591 aluissent,
597 1537 864 1592 perhibetur,
894 1538 943 1577 ut
975 1535 1223 1590 adoleverit,
1256 1537 1298 1577 et
1329 1550 1417 1577 cor-

25 1607 58 1633 25
77 1597 195 1651 poris
226 1596 390 1638 viribus
423 1598 465 1637 et
497 1595 630 1637 animi
659 1595 883 1637 ferocitate
914 1596 1086 1636 tantum
1118 1594 1270 1635 ceteris
1298 1608 1418 1648 prae-

79 1655 261 1709 stitisse,
292 1657 341 1696 ut
372 1669 538 1708 omnes,
571 1654 644 1708 qui
674 1657 768 1695 tum
800 1668 872 1695 eos
905 1668 1050 1709 agros,
1088 1653 1163 1694 ubi
1193 1653 1319 1694 hodie
1352 1655 1419 1694 est

76 1713 182 1756 haec
218 1714 340 1768 urbs,
382 1713 645 1767 incolebant,
689 1727 823 1767 aequo
863 1713 1005 1754 animo
1044 1712 1111 1753 illi
1147 1711 1418 1766 libenterque

77 1775 288 1828 parerent.
351 1771 541 1820 Quorum
578 1772 711 1827 copiis
750 1787 846 1813 cum
878 1785 922 1812 se
955 1771 1104 1812 ducem
1135 1770 1418 1825 praebuisset,

77 1834 125 1873 ut
155 1831 243 1873 iam
275 1846 300 1873 a
329 1830 489 1873 fabulis
523 1830 575 1872 ad
605 1830 721 1872 facta
751 1830 985 1884 veniamus,
1017 1829 1284 1884 oppressisse
1309 1829 1419 1871 Lon-

26 1902 59 1927 30
79 1905 178 1946 gam
198 1890 371 1945 Albam,
401 1889 591 1932 validam
617 1890 766 1931 urbem
793 1891 835 1930 et
860 1891 1082 1944 potentem
1110 1889 1116 1943 Ι
1143 1891 1248 1929 tem·
1275 1889 1327 1940 [p.
1348 1899 1418 1930 290

77 1949 254 2005 poribus
286 1949 389 2003 illis,
420 1948 728 2003 Amuliumque
759 1962 905 2003 regem
937 1947 1207 1988 interemisse
1237 1946 1387 1988 fertur.

166 2007 259 2057 Qua
292 2007 437 2064 gloria
470 2009 597 2062 parta
627 2007 778 2049 urbem
810 2006 1032 2061 auspicato
1065 2006 1244 2048 condere
1276 2008 1319 2047 et
1349 2006 1418 2046 fir·
1438 1998 1463 2039 3

78 2081 195 2109 mare
227 2066 382 2109 dicitur
412 2066 601 2122 primum
626 2065 884 2122 cogitavisse
910 2080 1002 2106 rem
1027 2065 1258 2120 publicam.
1307 2050 1463 2106 Urbi5

79 2128 223 2167 autem
253 2126 412 2180 locum,
445 2125 558 2180 quod
590 2127 656 2166 est
688 2125 743 2179 ei,
777 2124 849 2178 qui
880 2124 1127 2165 diuturnam
1158 2138 1249 2165 rem
1280 2123 1418 2189 publi-

28 2196 60 2222 35
79 2199 173 2226 cam
210 2199 350 2226 serere
388 2186 585 2238 conatur,
626 2183 956 2238 diligentissime
986 2182 1314 2248 providendum,
1354 2182 1418 2222 in-

79 2243 272 2285 credibili
310 2243 605 2298 oportunitate
644 2242 814 2297 delegit.
875 2240 1025 2307 Neque
1064 2241 1177 2283 enim
1216 2241 1268 2282 ad
1300 2253 1417 2281 mare

80 2301 283 2357 admovit,
315 2301 428 2358 quod
459 2301 499 2343 ei
528 2301 611 2342 fuit
641 2300 719 2342 illa
751 2315 879 2342 manu
906 2299 1125 2355 copiisque
1149 2299 1416 2340 facillimum,

1061 2368 1133 2402 20*
