1685 2568
389 109 478 147 LIB.
502 111 548 147 II.
581 110 681 146 CAP.
711 114 859 145 14—16.
890 113 910 152 ἓ
936 113 1086 144 38-44.
1348 109 1402 150 61

72 210 144 250 tur
182 207 226 248 in
265 207 420 249 ardore
454 206 646 258 caelesti,
687 204 760 260 qui
797 205 946 246 aether
976 203 1044 245 vel
1077 203 1240 245 caelum
1271 203 1406 245 nomi

70 268 211 308 natur.
289 264 398 308 Cum
448 265 583 321 igitur
632 263 814 305 aliorum
864 262 1148 304 animantium
1197 264 1317 304 ortus
1360 262 1406 303 in

71 327 190 366 terra
222 324 290 379 sit,
322 323 541 366 aliorum
528 338 575 364 m
599 337 723 378 aqua,
752 322 798 363 in
822 325 918 364 a‘e're
945 320 1140 375 aliorum,
1173 320 1406 362 absurdum

73 397 166 425 esse
197 382 427 425 Aristoteli
461 381 631 424 videtur
669 381 713 422 in
754 395 804 422 ea
840 382 982 436 parte,
1026 393 1134 433 quae
1172 379 1230 420 sit
1261 379 1315 421 ad
1346 378 1406 434 gi-

36 453 54 478 5
74 441 243 498 gnenda
275 440 510 483 animantia
540 439 777 495 aptissima,
808 438 968 481 animal
994 438 1116 494 gigni
1139 438 1308 479 nullum
1333 452 1407 492 pu-

71 503 177 542 tare.
244 498 393 542 Sidera
435 501 578 541 autem
617 498 854 540 aetherium
891 499 1032 540 locum
1069 496 1284 551 obtinent3
1335 495 1408 550 qui

73 559 276 614 quoniam
306 558 582 600 tenuissimus
615 559 681 598 est
712 559 755 599 et
786 571 954 612 semper
985 555 1178 611 agitatur
1209 557 1252 597 et
1275 529 1407 610 ⁷viget,

71 632 244 660 necesse
277 620 361 671 est,
393 616 506 672 quod
537 615 696 657 animal
727 616 773 657 in
803 630 852 657 eo
886 615 1101 671 gignatur,
1131 614 1176 655 id
1206 616 1250 655 et
1281 627 1408 655 sensu

76 677 283 718 acerrimo
316 678 359 717 et
389 675 633 717 mobilitate
665 674 888 716 celerrima
918 687 1022 715 esse.
1072 672 1211 722 Quare
1243 686 1338 714 011111
1363 672 1408 713 in

39 746 56 772 ο
76 735 247 776 aethere
279 737 398 776 astra
429 734 676 789 gignantur,
707 735 1039 775 consentaneum
1070 734 1136 773 est
1165 731 1211 773 in
1237 731 1291 772 iis
1317 744 1409 772 sen-

1432 272 1474 302 40

75 807 170 835 sum
199 793 339 834 inesse
371 795 414 834 et
443 792 799 848 intellegentiam,
831 807 882 833 ex
914 805 997 846 quo
1029 790 1213 832 efficitur
1243 790 1289 831 in
1314 789 1408 830 deo·
1409 806 1465 842 β’

73 866 169 893 rum
199 866 376 894 numero
409 854 528 893 astra
559 866 651 893 esse
684 850 883 893 ducenda.
938 849 1112 892 Etenim
1137 849 1240 891 licet
1263 848 1408 890 videre
1427 850 1478 892 16

74 910 268 953 acutiora
303 909 478 966 ingenia
515 912 559 952 et
595 909 649 952 ad
678 908 1017 965 intellegendum
1049 908 1219 964 aptiora
1249 921 1408 961 eorum,

76 970 149 1024 qui
188 972 325 1011 terras
365 969 558 1011 incolant
596 983 685 1023 eas,
728 968 773 1010 in
810 968 964 1023 quibus
1003 970 1076 1009 ae'r
1107 967 1164 1008 sit
1195 980 1328 1022 purus
1360 980 1409 1007 ac

42 1040 57 1064 5
76 1028 229 1082 tenuiS,
261 1042 391 1083 quam
421 1027 609 1082 illorum,
640 1027 714 1082 qui
743 1029 922 1068 utantur
953 1040 1097 1069 crasso
1130 1026 1248 1068 caelo
1281 1027 1409 1079 atque

75 1089 285 1129 concreto.
346 1085 458 1135 Quin
495 1087 625 1128 etiam
663 1086 758 1128 cibo
797 1100 880 1140 quo
918 1088 1059 1139 utare,
1095 1085 1303 1126 interesse
1336 1083 1410 1125 ali-

76 1145 179 1200 quid
216 1145 270 1186 ad
306 1145 462 1186 mentis
501 1145 634 1187 aciem
671 1147 838 1199 putant.
905 1143 1137 1185 Probabile
1175 1145 1240 1185 est
1275 1142 1410 1198 igitur

75 1206 370 1259 praestantem
399 1203 743 1259 intellegentiam
773 1203 820 1244 in
850 1202 1060 1244 sideribus
1093 1215 1197 1256 esse,
1229 1215 1336 1255 quae
1368 1203 1411 1242 et

76 1262 311 1304 aetheriam
342 1264 511 1317 partem
542 1261 689 1304 mundi
719 1261 912 1303 incolant
942 1263 985 1303 et
1009 1260 1187 1302 marinis
1212 1259 1411 1301 terrenis-

42 1333 58 1358 0
77 1336 158 1376 que
205 1321 428 1363 umoribus
477 1321 608 1377 longo
657 1320 888 1362 intervallo
939 1319 1179 1362 extenuatis
1227 1319 1410 1361 alantur.

76 1379 257 1422 Sensum
283 1382 427 1422 autem
453 1382 670 1422 astrorum
695 1382 824 1434 atque
849 1379 1194 1435 intellegentiam
1213 1392 1410 1420 maxume

77 1439 267 1481 declarat
298 1438 402 1481 ordo
434 1453 581 1481 eorum
612 1441 740 1493 atque
772 1438 1016 1481 constantia
1041 1435 1169 1494 (nihil
1195 1439 1260 1479 est
1286 1437 1411 1491 enim,

78 1497 192 1553 quod
226 1498 394 1540 ratione
431 1500 474 1539 et
503 1512 680 1540 numero
712 1497 876 1540 moveri
906 1496 1046 1552 possit
1077 1496 1168 1538 sine
1199 1494 1412 1551 consilio),

75 1557 122 1598 in
153 1571 236 1612 quo
266 1556 376 1598 nihil
409 1559 475 1599 est
504 1556 799 1611 temerarium,
830 1555 941 1598 nihil
972 1555 1157 1610 varium,
1187 1554 1298 1596 nihil
1328 1554 1411 1596 for-

43 1626 59 1652 5
79 1616 249 1658 tuitum.
310 1615 424 1657 Ordo
463 1618 607 1657 autem
639 1615 825 1657 siderum
857 1617 900 1657 et
929 1614 976 1657 in
1008 1614 1125 1657 omni
1157 1613 1411 1656 aeternitate

78 1674 323 1717 constantia
358 1689 494 1729 neque
530 1677 732 1716 naturam
770 1673 986 1730 significat
1023 1671 1109 1729 (est
1140 1673 1254 1715 enim
1284 1673 1412 1728 plena

77 1732 277 1790 rationis)
314 1748 451 1788 neque
487 1733 726 1788 fortunam,
764 1748 872 1788 quae
910 1733 1048 1775 amica
1084 1731 1287 1774 varietati
1317 1746 1413 1774 con-

79 1793 285 1835 stantiam
316 1793 491 1848 respuit.
552 1791 755 1848 Sequitur
786 1807 901 1848 ergo,
931 1794 981 1834 ut
1011 1792 1108 1847 ipsa
1139 1805 1216 1833 sua
1247 1793 1412 1846 sponte,

80 1867 156 1894 suo
188 1866 314 1893 sensu
347 1866 396 1893 ac
427 1851 651 1894 divinitate
682 1854 948 1894 moveantur.
999 1849 1090 1893 Nec
1119 1863 1221 1892 vero
1247 1849 1414 1892 Aristo·

45 1921 61 1946 0
79 1911 187 1952 teles
217 1925 305 1953 non
334 1910 572 1953 laudandus
604 1912 670 1953 est
698 1910 745 1952 in
775 1925 837 1965 eo,
869 1909 982 1965 quod
1008 1908 1163 1964 omnia,
1194 1923 1302 1963 quae
1327 1923 1414 1951 mo-

80 1972 252 2024 ventur,
288 1971 364 2011 aut
399 1972 555 2012 natura
591 1969 756 2011 moveri
786 1968 952 2011 censuit
982 1970 1058 2011 aut
1087 1968 1131 2010 vi
1162 1970 1238 2010 aut
1267 1967 1414 2010 volun-

79 2030 189 2082 tate3
219 2028 381 2070 moveri
412 2031 557 2071 autem
589 2029 724 2071 solem
756 2030 799 2070 et
828 2028 976 2070 lunam
1008 2030 1052 2069 et
1082 2026 1223 2069 sidera
1254 2026 1414 2080 omnia3

82 2101 190 2141 quae
236 2088 379 2128 autem
419 2090 576 2129 natura
618 2089 912 2142 moverentur,
960 2086 1067 2129 haec
1111 2088 1185 2128 aut
1227 2085 1414 2141 pondere

82 2145 280 2188 deorsum
311 2147 386 2187 aut
415 2146 592 2188 levitate
625 2146 704 2200 [in]
742 2146 925 2188 sublime
955 2145 1072 2199 ferri,
1105 2159 1286 2200 quorum
1315 2158 1414 2186 neu-

46 2214 62 2240 5
81 2206 197 2246 trum
230 2203 359 2246 astris
380 2205 670 2270 contingeret,
700 2207 931 2261 propterea
960 2179 1074 2259 quod
1099 2218 1247 2246 eorum
1271 2205 1415 2245 motus

80 2262 127 2305 in
166 2263 315 2305 orbem
355 2261 595 2329 circumque
634 2263 830 2306 ferretur.
889 2262 981 2305 Nec
1017 2277 1119 2306 vero
1158 2261 1241 2304 dici
1270 2263 1414 2317 potest

81 2320 125 2364 vi
174 2321 359 2377 quadam
406 2321 567 2364 maiore
608 2321 720 2377 fieri,
768 2324 818 2364 ut
860 2324 1011 2365 contra
1051 2323 1253 2364 naturam
1297 2321 1416 2361 astra

1435 1093 1478 1124 43

1441 1858 1482 1888 44
