1685 2568
154 833 208 874 21

153 885 197 916 37

153 1795 197 1826 38

223 105 310 146 318
704 103 769 138 DE
793 103 858 138 RE
881 104 1087 139 PUBLICA

224 200 456 255 diligentis.
510 197 591 241 Sed
623 201 768 241 tamen
798 200 1013 255 prioribus
1046 199 1238 253 equitum
1268 200 1466 254 partibus
1497 214 1555 242 se-

223 260 343 310 1138]
383 258 528 300 cundis
568 258 723 299 additis
755 272 808 298 00
844 271 887 301 10
922 269 1004 300 000
1040 258 1142 299 fecit
1175 259 1180 310 Ι
1214 258 1378 312 equites
1414 273 1558 300 11111110-

223 331 403 371 rumque
447 316 694 371 duplicavit.
751 316 909 358 Postea
951 317 1066 357 bello
1105 317 1276 371 subegit
1313 317 1558 371 Aequorum

224 390 427 430 magnam
465 378 635 430 gentem
674 378 717 417 et
746 375 932 417 ferocem
964 378 1006 416 et
1037 375 1164 416 rebus
1195 375 1345 430 populi
1375 375 1560 417 Romani

223 434 530 489 imminentem,
561 434 757 488 idemque
790 432 971 474 Sabinos
1004 448 1099 474 cum
1131 449 1156 475 a
1187 434 1408 475 moenibus
1439 435 1558 476 urbis
1595 447 1613 474 5

223 493 500 547 reppulisset,
548 493 742 546 equitatu
785 492 896 535 fudit
939 492 1138 557 belloque
1182 492 1348 534 devicit.
1415 492 1558 547 Atque

224 551 403 593 eundem
445 551 632 606 primum
675 550 798 592 ludos
842 551 1073 605 maximos,
1117 551 1189 616 qui
1231 550 1416 592 Romani
1458 551 1561 593 dicti

225 612 343 664 sunt,
385 609 537 652 fecisse
583 609 821 664 accepimus
860 609 1090 675 aedemque
1132 609 1178 650 in
1215 608 1430 664 Capitolio
1466 609 1561 652 Iovi

225 669 390 723 optimo
428 668 615 709 maximo
652 668 767 709 bello
800 666 960 709 Sabino
996 668 1042 709 111
1077 668 1175 723 ipsa
1210 683 1357 724 pugna
1392 669 1560 710 vovisse

223 746 258 779 p
285 729 349 780 31]
380 725 528 781 facien
535 727 632 767 dam
658 729 959 781 mortuumque
985 741 1090 781 esse,
1120 741 1216 768 cum
1243 727 1560 782 duodequadra·
1580 741 1614 766 10

225 786 347 842 ginta
378 785 649 841 regnavisset
680 799 826 827 annos.

312 844 421 885 Tum
453 844 642 885 Laelius:
679 843 804 886 Nunc
841 844 891 885 fit
927 844 1035 885 illud
1066 843 1243 886 Catonis
1275 845 1449 899 certius,
1484 859 1561 887 nec

224 903 431 958 temporis
472 903 596 944 unius
637 917 715 944 1100
754 902 941 944 11011111113
980 917 1072 944 0330
1111 903 1462 945 constitutionem
1498 904 1562 945 rei

223 962 439 1017 publicae3
470 962 744 1016 perspicuum
776 964 842 1003 est
867 962 992 1016 enim,
1025 964 1186 1016 quanta
1209 962 1255 1003 in
1280 963 1474 1018 singulos
1498 976 1561 1003 re-

225 1035 300 1077 ges
334 1035 476 1062 rerum
508 1021 717 1061 bonarum
750 1023 793 1061 et
817 1020 989 1061 utilium
1019 1021 1097 1062 fiat
1129 1021 1325 1062 accessio.
1387 1020 1469 1062 Sed
1501 1036 1561 1062 se·
1581 1035 1614 1061 15

226 1080 370 1134 quitur
400 1079 450 1132 is,
486 1079 557 1133 qui
590 1079 696 1120 mihi
726 1079 895 1120 videtur
927 1094 977 1120 ex
1009 1080 1206 1121 omnibus
1237 1080 1282 1121 in
1311 1095 1357 1121 re
1388 1080 1562 1135 publica

223 1139 379 1180 vidisse
410 1113 655 1192 plurimum.
715 1137 785 1179 Ita
817 1140 900 1191 est,
931 1138 1072 1192 inquit
1103 1137 1259 1204 Scipio.
1317 1137 1430 1180 Nam
1461 1141 1563 1193 post

222 1217 257 1249 Ρ.
291 1198 354 1249 32]
406 1211 502 1238 eum
547 1195 717 1238 Servius
761 1171 940 1253 Tullliiis
991 1197 1153 1251 primus
1202 1197 1366 1238 iniussu
1412 1197 1557 1252 populi

223 1255 471 1312 regnavisse
497 1256 694 1310 traditur,
721 1270 847 1310 quem
871 1255 1016 1296 ferunt
1041 1270 1092 1297 ex
1112 1270 1234 1297 serva
1253 1255 1560 1310 Tarquiniense

222 1318 385 1368 natum,
417 1329 511 1356 cum
545 1317 657 1356 esset
689 1329 739 1355 ex
772 1315 956 1380 quodam
988 1315 1101 1370 regis
1134 1315 1288 1356 cliente
1320 1317 1559 1369 conceptus.
1580 1329 1614 1354 20

223 1373 304 1423 Qui
347 1388 444 1415 cum
483 1373 745 1415 famulorum
782 1388 828 1414 m
864 1387 1041 1415 numero
1081 1373 1282 1415 educatus
1320 1373 1374 1415 ad
1411 1374 1560 1439 epulas

223 1432 339 1488 regis
372 1431 612 1486 adsisteret,
643 1446 730 1473 non
761 1432 890 1473 latuit
922 1432 1145 1474 scintilla
1134 1432 1308 1488 ingenii,
1340 1447 1448 1486 quae
1473 1432 1561 1474 iam

223 1494 318 1533 tum
355 1491 551 1532 elucebat
586 1491 631 1532 in
669 1506 819 1546 puero3
857 1491 917 1532 310
954 1494 1047 1532 eiat
1084 1492 1127 1531 in
1166 1491 1283 1532 omni
1318 1491 1387 1533 vel
1420 1490 1560 1533 officio

223 1550 292 1592 vel
325 1564 520 1591 sermone
552 1550 716 1591 sollers.
764 1549 916 1604 Itaque
935 1549 1204 1604 Tarquinius,
1236 1549 1309 1604 qui
1333 1549 1561 1591 admodum

223 1623 380 1665 parvos
411 1611 505 1649 tum
536 1608 716 1650 haberet
747 1609 918 1663 liberos,
949 1608 1009 1650 sic
1041 1607 1236 1650 Servium
1263 1608 1483 1664 diligebat,
1512 1611 1561 1650 ut
1579 1622 1613 1648 25

223 1687 259 1720 p.
280 1669 367 1721 291]
393 1667 431 1708 is
455 1668 543 1708 eius
563 1668 695 1722 vulgo
715 1666 958 1723 halberetur
976 1667 1103 1721 filius,
1128 1670 1257 1721 atque
1277 1682 1373 1708 eum
1393 1682 1560 1710 summo

224 1727 367 1769 studio
400 1726 597 1768 omnibus
629 1727 682 1767 113
709 1727 885 1780 artibus,
918 1741 1023 1780 quas
1049 1726 1141 1781 ipse
1167 1726 1384 1780 didicerat,
1416 1726 1469 1768 ad
1494 1741 1560 1768 ex—

226 1785 553 1840 quisitissimam
585 1785 934 1827 consuetudinem
967 1784 1227 1827 Graecorum
1262 1784 1426 1826 erudiit.
1479 1783 1558 1826 Sed

224 1860 320 1887 cum
352 1844 610 1898 Tarquinius
650 1844 815 1885 insidiis
847 1844 957 1885 Anci
992 1843 1181 1885 filiorum
1217 1844 1437 1885 interisset
1468 1842 1561 1886 Ser-

223 1904 413 1957 viusque,
445 1905 493 1944 ut
520 1905 619 1944 ante
645 1902 743 1956 dixi,
774 1917 952 1958 regnare
979 1903 1190 1958 coepisset
1214 1917 1300 1944 non
1324 1903 1455 1956 iussu,
1487 1902 1560 1944 sed
1579 1916 1613 1942 30

224 1962 448 2005 voluntate
487 1964 615 2016 atque
647 1976 849 2003 concessu
879 1961 1054 2015 civium,
1092 1961 1221 2015 quod,
1258 1976 1353 2003 cum
1385 1961 1561 2016 Tarqui-

224 2040 260 2073 p.
287 2022 374 2073 292]
412 2020 509 2061 nius
548 2035 599 2061 ex
635 2020 810 2062 vulnere
848 2017 988 2075 aelger
1024 2019 1156 2061 fuisse
1195 2022 1238 2061 et
1277 2020 1419 2062 vivere
1449 2020 1560 2063 falso

226 2080 454 2134 diceretur,
490 2079 565 2120 ille
598 2079 718 2135 regio
750 2082 906 2120 ornatu
936 2079 1001 2120 ius
1034 2078 1213 2120 dixisset
1249 2079 1560 2133 obaeratosque

225 2138 405 2193 pecunia
435 2152 512 2179 sua
542 2137 813 2179 liberavisset
839 2138 1060 2192 multaque
1086 2138 1289 2179 comitate
1314 2152 1415 2178 usus
1441 2138 1561 2179 iussu

225 2196 449 2252 Tarquinii
486 2210 531 2238 se
562 2196 629 2238 ius
662 2196 798 2239 dicere
829 2196 1117 2251 probavisset,
1153 2211 1240 2238 non
1270 2196 1485 2238 commisit
1515 2211 1560 2239 se
1578 2208 1613 2234 35

225 2256 441 2311 patribUS,
481 2255 553 2297 sed
584 2255 816 2310 Tarquinio
855 2256 1023 2310 sepulto
1061 2256 1268 2310 populum
1305 2255 1356 2296 de
1393 2269 1438 2296 se
1468 2255 1560 2311 ipse

225 2315 441 2357 consuluit
471 2313 697 2370 iussusque
728 2329 907 2370 regnare
939 2314 1080 2369 legem
1111 2314 1162 2355 de
1185 2313 1365 2369 imperio
1390 2328 1467 2357 suo
1492 2329 1560 2356 eu—
