1685 2568
414 96 503 133 LIB.
530 97 575 133 II.
610 95 709 132 CAP.
736 100 885 131 44-47.
912 100 931 138 ξ
959 100 1153 132 114—120.
1397 95 1452 137 89

116 193 159 232 et
208 206 303 233 cum
354 192 464 234 aeris
513 192 782 234 extremitate
831 191 1114 247 coniungitur.
1186 191 1238 232 In
1281 191 1453 233 aethere
1467 192 1522 233 46

117 251 260 291 autem
287 251 673 304 astravolvuntur,
699 264 808 304 quae
834 264 878 291 se
904 252 948 291 et
972 250 1069 291 nisu
1095 264 1171 291 suo
1193 250 1454 304 conglobata

116 309 337 350 continent
377 312 420 351 et
460 309 600 351 forma
629 309 724 363 ipsa
754 309 977 363 figuraque
1008 323 1086 350 sua
1117 311 1335 349 momenta
1366 322 1454 348 sus-

115 369 305 422 tentant3
346 370 445 409 sunt
486 367 598 409 enim
629 367 830 421 rotunda,
870 367 1023 421 quibus
1061 366 1232 421 formis,
1269 369 1318 408 ut
1356 369 1455 407 ante

80 425 274 467 5dixisse
317 426 484 480 videor,
526 425 701 467 minime
741 426 885 467 noceri
927 427 1084 481 potest.
1146 424 1435 466 Sunt‘autem
1460 434 1524 466 118

117 485 268 526 stellae
292 487 449 526 natura
472 484 713 538 flammeae3
745 484 942 539 quocirca
967 487 1120 538 terrae,
1150 484 1294 537 maris,
1326 498 1454 537 aqua-

115 558 212 584 rum
249 543 481 598 vaporibus
515 543 688 584 aluntur
719 543 790 597 iis,
829 543 901 598 qui
932 557 957 584 a
988 543 1078 584 sole
1111 557 1161 584 ex
1193 543 1309 598 agris
1341 544 1455 596 tepe-

114 601 242 643 factis
275 604 318 643 et
349 616 400 643 ex
431 601 552 655 aquis
585 601 843 655 excitantur,
876 601 1029 656 quibus
1063 602 1176 642 altae
1208 603 1455 642 renovatae-

117 674 197 714 que
243 660 393 701 stellae
432 663 560 714 atque
599 660 738 702 omnis
776 660 924 702 aether
960 660 1191 702 refundunt
1228 660 1375 701 eadem
1413 661 1456 700 et

65 732 97 758 ιο
116 733 286 760 rursum
329 718 510 760 trahunt
551 718 757 773 indidem,
799 719 908 760 nihil
945 721 994 761 ut
1033 718 1121 761 fere
1158 718 1345 760 intereat
1382 720 1456 759 aut

116 777 346 819 admodum
376 777 617 832 paululum,
656 778 769 832 quod
801 781 1016 819 astrorum
1046 777 1160 833 ignis
1193 779 1236 819 et
1268 777 1454 818 aetheris

114 836 290 877 flamma
329 836 552 877 consumit.
614 836 680 877 Ex
718 851 801 891 quo
841 839 1093 878 eventurum
1129 836 1269 878 nostri
1299 837 1456 890 putant

114 894 176 949 id,
208 895 258 936 de
291 909 374 949 quo
405 895 660 936 Panaetium
692 895 944 937 addubitare
977 895 1192 949 dicebant,
1224 897 1272 936 ut
1305 894 1358 936 ad
1390 908 1456 935 ex-

114 956 303 995 tremum
347 954 485 995 omnis
524 954 706 996 mundus
744 954 1000 1010 ignesceret,
1042 969 1138 996 cum
1174 968 1322 995 umore
1361 967 1455 995 con·

65 1025 96 1050 15
118 1014 290 1067 sumpto
322 1027 458 1067 neque
484 1015 601 1054 terra
626 1013 684 1054 ali
710 1015 857 1068 posset
882 1028 960 1055 nec
984 1015 1196 1054 remearet
1222 1017 1305 1066 aer,
1337 1012 1455 1054 cuius

117 1074 237 1113 ortus
271 1086 382 1125 aqua
414 1072 530 1113 omni
562 1071 771 1113 exhausta
802 1086 894 1113 esse
925 1086 1012 1113 non
1043 1074 1207 1126 posset,
1238 1071 1302 1112 ita
1332 1071 1456 1112 relin-

116 1130 190 1184 qui
225 1130 335 1171 nihil
371 1133 542 1185 praeter
578 1130 740 1186 ignem,
781 1145 807 1172 a
838 1144 921 1185 quo
954 1145 1125 1171 rursum
1158 1130 1376 1172 animante
1408 1143 1457 1171 ac

117 1189 195 1230 deo
235 1189 457 1230 renovatio
500 1189 646 1230 mundi
686 1189 809 1230 fieret
846 1192 974 1243 atque
1012 1188 1125 1230 idem
1158 1190 1334 1230 ornatus
1368 1202 1456 1230 ore-

115 1249 246 1289 retur.
295 1246 409 1289 Nolo
439 1247 485 1289 in
517 1248 741 1289 stellarum
766 1247 933 1289 ratione
960 1247 1121 1289 multus
1147 1247 1270 1289 vobis
1296 1247 1443 1301 videri,
1461 1256 1527 1288 119

63 1318 98 1344 20
118 1306 385 1361 maximeque
418 1321 575 1361 earum,
607 1321 714 1361 quae
744 1321 885 1348 errare
913 1306 1126 1360 dicuntur3
1161 1321 1341 1361 quarum
1366 1308 1459 1346 tan-

117 1367 187 1406 tus
227 1367 292 1406 est
330 1368 560 1407 concentus
599 1380 649 1406 ex
681 1365 981 1407 dissimillimis
1013 1365 1222 1420 motibus,
1258 1368 1325 1419 ut,
1363 1379 1459 1407 cum

118 1438 286 1465 summa
317 1422 492 1466 Saturni
521 1423 760 1479 refrigeret,
792 1425 932 1466 media
962 1423 1116 1465 Martis
1147 1424 1359 1478 incendat,
1390 1423 1458 1465 his

117 1483 342 1524 interiecta
366 1482 482 1525 Iovis
513 1482 718 1525 inlustret
750 1485 792 1524 et
817 1485 1028 1538 temperet
1052 1482 1249 1538 infraque
1273 1482 1460 1524 Martem

119 1541 225 1583 duae
264 1539 355 1583 Soli
395 1541 642 1596 oboediant,
682 1542 774 1597 ipse
813 1540 886 1584 Sol
928 1542 1133 1583 mundum
1174 1555 1344 1584 omnem
1382 1556 1459 1583 sua

64 1612 97 1638 25
117 1601 210 1642 luce
243 1601 456 1656 compleat
488 1601 542 1642 ab
574 1615 707 1656 eoque
732 1600 855 1642 Luna
885 1601 1143 1642 inluminata
1175 1600 1458 1657 graviditates

118 1661 162 1700 et
198 1662 349 1714 partus
381 1659 547 1701 adferat
578 1660 936 1715 maturitatesque
968 1659 1184 1716 gignendi.
1245 1658 1362 1708 Quae
1393 1673 1459 1701 co-

116 1718 284 1773 pulatio
322 1732 466 1760 rerum
503 1721 546 1760 et
581 1719 704 1773 quasi
735 1719 1004 1761 consentiens
1037 1718 1090 1760 ad
1121 1718 1269 1760 mundi
1299 1718 1459 1760 incolu-

117 1776 315 1818 mitatem
347 1778 664 1833 coagmentatio
689 1780 870 1820 naturae
897 1792 1023 1832 quem
1047 1792 1135 1819 non
1160 1779 1318 1832 movet,
1345 1777 1459 1818 hunc

116 1835 272 1878 horum
301 1836 411 1877 nihil
442 1851 645 1892 umquam
675 1837 943 1892 reputavisse
975 1839 1091 1879 certo
1124 1837 1223 1878 scio.

66 1905 100 1931 30
209 1894 316 1950 Age,
343 1897 392 1936 ut
417 1910 443 1937 a
462 1896 718 1938 caelestibus
738 1896 865 1938 rebus
887 1895 941 1938 ad
959 1898 1186 1937 terrestres
1206 1895 1442 1948 veniamus,
1466 1875 1531 1959 gg

120 1953 222 2008 quid
254 1956 319 1995 est
349 1954 395 1995 in
418 1954 498 2008 his,
529 1955 574 1996 in
601 1969 684 2009 quo
709 1969 798 1996 non
820 1957 1001 1996 naturae
1027 1954 1139 1996 ratio
1164 1954 1459 2009 intellegentis

120 2013 355 2067 appareat?
416 2013 632 2068 Principio
666 2028 830 2068 eorum,
869 2028 978 2068 quae
1010 2014 1247 2070 gignuntur
1278 2027 1300 2055 e
1332 2015 1460 2067 terra,

120 2071 278 2126 stirpes
317 2074 360 2113 et
391 2072 678 2114 stabilitatem
710 2073 814 2114 dant
844 2072 916 2126 iis,
954 2087 1062 2128 quae
1095 2072 1326 2125 sustinent,
1364 2074 1407 2113 et
1439 2085 1461 2112 e

117 2132 237 2171 terra
269 2144 417 2172 sucum
448 2131 645 2186 trahunt,
684 2146 767 2186 quo
800 2132 973 2174 alantur
1005 2146 1072 2186 ea,
1108 2146 1215 2186 quae
1246 2130 1461 2172 radicibus

64 2198 98 2225 35
118 2189 410 2244 continentur,
455 2190 808 2245 obducunturque
850 2191 963 2232 libro
1002 2192 1077 2232 aut
1114 2189 1272 2232 cortice
1309 2189 1462 2242 trunci,

118 2261 202 2302 quo
236 2247 324 2289 sint
357 2263 382 2290 a
411 2247 648 2304 frigoribus
682 2251 725 2291 et
757 2249 972 2291 caloribus
997 2248 1193 2291 tutiores.
1242 2248 1334 2290 Iam
1360 2262 1461 2289 vero

115 2306 227 2348 vites
265 2306 326 2349 sic
357 2307 578 2350 claviculis
612 2308 875 2350 adminicula
906 2310 1131 2363 tamquam
1161 2307 1360 2349 manibus
1392 2306 1462 2347 ad-
