1685 2568
405 96 494 132 ΜΒ.
520 97 564 131 11.
592 96 692 133 CAP.
719 101 867 132 23—26.
901 101 919 139 g
946 101 1094 132 59-64.
1342 97 1427 139 429

96 192 140 235 id
171 194 238 234 est
268 192 527 235 vestibulum
560 191 786 246 sepulchri,
817 192 1078 233 bustumve
1108 206 1199 232 usu
1225 192 1337 246 capi
1362 206 1430 233 ve-

96 254 180 306 tat,
223 254 368 293 tuetur
403 251 470 293 ius
508 250 841 305 sepulchrorum.
901 249 1019 291 Haec
1050 249 1256 290 habemus
1288 250 1332 290 in
1362 261 1429 291 ΧΠ

96 324 198 352 sane
231 310 461 352 secundum
491 312 710 362 naturam,
750 323 858 363 quae
888 322 1040 349 norma
1072 308 1180 363 legis
1214 310 1297 362 est,
1334 308 1429 349 reli-

99 384 183 424 qua
220 371 320 410 sunt
356 369 401 410 in
432 383 567 410 more:
604 367 731 409 funus
763 369 812 409 ut
842 367 1071 420 indicatur,
1110 367 1146 408 si
1179 366 1279 421 quid
1311 366 1429 408 ludo-

60 438 78 465 5
96 443 204 482 rum,
236 427 514 481 dominusque
544 427 705 468 funeris
737 428 885 468 utatur
916 440 1091 467 accenso
1118 428 1246 480 atque
1272 424 1430 466 lictori-

96 487 194 540 bus,
227 486 537 528 honoratorum
567 485 758 527 virorum
789 484 936 526 laudes
967 484 1011 525 in
1043 484 1240 526 contione
1272 497 1429 525 memo·
1456 493 1497 523 62

95 548 244 586 rentur
275 558 430 598 easque
462 544 591 585 etiam
623 547 773 585 cantus
806 543 859 585 ad
889 542 1108 584 tibicinem
1133 545 1431 598 prosequatur,

96 603 165 646 cui
193 617 349 644 nomen
379 602 548 657 neniae,
585 617 668 656 quo
700 602 908 644 vocabulo
941 602 1071 643 etiam
1101 602 1214 655 apud
1243 600 1430 643 Graecos

96 664 247 704 cantus
279 661 484 716 lugubres
516 661 805 702 nominantur.

45 732 78 757 ιο
183 721 285 762 ΑΤΤ.
317 719 491 761 Gaudeo
522 722 672 761 nostra
697 720 790 760 iura
815 720 868 760 ad
892 722 1092 761 naturam
1118 719 1431 761 accommodari
1446 720 1501 762 25

97 778 393 833 maiorumque
422 778 634 833 sapientia
659 778 887 820 admodum
914 778 1117 832 delector,
1150 778 1225 820 sed
1249 778 1432 832 requiro,

96 840 145 879 ut
189 837 319 879 ceteri
357 839 571 892 sumptus,
616 836 676 879 sic
714 837 845 878 etiam
883 837 1208 891 sepulchrorum
1245 837 1432 878 modum.

96 896 159 938 M.
191 895 323 937 Recte
359 895 560 950 requiris3
598 910 704 950 quos
743 896 856 937 enim
887 896 941 937 ad
973 898 1169 950 sumptus
1201 910 1432 952 progressa

96 955 185 996 iam
210 955 297 996 ista
321 969 388 996 res
415 954 484 1009 sit,
509 954 555 996 in
581 953 626 996 C.
646 954 790 1010 Figuli
816 954 1042 1009 sepulchro
1062 955 1220 996 vidisse
1241 958 1276 996 te
1295 955 1432 997 credo.

46 1025 79 1051 15
98 1013 323 1055 Minimam
354 1013 458 1055 olim
489 1013 614 1054 istius
646 1014 708 1055 rei
732 1013 866 1055 fuisse
891 1013 1170 1068 cupiditatem
1203 1013 1340 1055 multa
1366 1029 1433 1055 ex-

96 1075 193 1114 tant
230 1072 425 1126 exempla
460 1072 683 1114 maiorum.
738 1071 925 1114 Nostrae
964 1072 1133 1126 quidem
1165 1072 1274 1127 legis
1305 1073 1433 1115 inter-

96 1134 251 1186 pretes,
283 1146 366 1185 quo
398 1131 537 1186 capite
568 1131 769 1173 iubentur
794 1133 1013 1186 sumptum
1040 1134 1083 1172 et
1108 1131 1271 1173 luctum
1299 1147 1433 1174 remo-

96 1204 195 1232 vere
232 1205 258 1232 a
295 1190 470 1231 deorum
500 1189 693 1231 Manium
730 1190 838 1244 iure,
875 1189 956 1232 hoc
987 1190 1244 1245 intellegant
1274 1190 1319 1231 in
1349 1191 1433 1245 pri-

97 1248 198 1303 mis,
243 1248 566 1303 sepulchrorum
610 1249 974 1304 magnificentiam
1019 1263 1111 1290 esse
1148 1249 1432 1292 minuendam.

45 1318 78 1343 20
98 1306 188 1349 Nec
218 1307 323 1349 haec
351 1322 377 1348 a
402 1307 731 1362 sapientissimis
758 1308 904 1363 legum
929 1307 1210 1362 scriptoribus
1235 1309 1433 1364 neglecta
1458 1316 1502 1348 63

97 1368 215 1419 sunt,
245 1380 346 1407 nam
377 1368 420 1407 et
446 1365 630 1407 Athenis
658 1366 745 1408 iam
770 1367 821 1408 ab
846 1366 922 1408 illo
948 1369 1092 1420 primo
1119 1381 1210 1420 reye
1233 1366 1432 1422 Cecrope,

97 1428 146 1466 ut
183 1424 322 1479 aiunt,
358 1425 596 1479 permansit
631 1425 713 1467 hoc
749 1425 815 1467 ius
847 1427 964 1467 terra
994 1425 1217 1480 humandi3
1253 1425 1432 1480 †quam

99 1498 228 1538 quom
253 1483 450 1538 proxumi
471 1483 662 1525 fecerant
683 1484 950 1538 obductaque
969 1486 1086 1526 terra
1105 1487 1209 1539 erat,
1234 1485 1432 1541 frugibus

98 1542 389 1596 obserebatur,
416 1544 465 1584 ut
495 1543 612 1584 sinus
639 1545 682 1584 et
709 1543 919 1598 gremium
944 1543 1067 1598 quasi
1086 1543 1239 1585 matris
1261 1547 1431 1586 mortuo

45 1611 79 1637 25
98 1601 376 1655 tribueretur,
417 1601 557 1642 solum
589 1604 734 1643 autem
763 1602 962 1657 frugibus
994 1602 1212 1657 expiatum
1244 1605 1293 1644 ut
1322 1603 1432 1645 vivis

97 1659 357 1702 redderetur.
391 1658 687 1714 Sequebantur
706 1661 869 1716 epulae,
890 1675 996 1715 quas
1015 1660 1183 1702 inibant
1203 1661 1433 1729 propinqui

98 1718 303 1772 coronati,
329 1718 442 1773 apud
468 1733 574 1773 quos
595 1719 644 1760 de
665 1720 824 1761 mortui
844 1719 968 1761 laude
987 1719 1201 1774 †quomni
1221 1721 1322 1774 quid
1342 1721 1433 1763 veri

98 1780 192 1818 erat
218 1777 511 1832 praedicatum
536 1776 656 1832 (nam
681 1778 855 1820 mentiri
879 1778 1001 1820 nefas
1026 1778 1298 1834 habebatur),
1329 1779 1360 1833 †
1379 1781 1433 1822 ad

96 1835 212 1877 iusta
236 1835 428 1877 confecta
449 1838 582 1877 erant.
618 1836 992 1892 Posteaquam,lut
1017 1837 1167 1879 Scribit
1186 1837 1432 1894 Phalereus,
1458 1846 1501 1877 64

45 1905 79 1931 30
99 1897 350 1949 sumptuosa
380 1895 473 1935 fieri
503 1894 654 1937 funera
685 1899 728 1937 et
753 1896 1050 1937 lamentabilia
1075 1896 1327 1952 coepissent,
1360 1897 1432 1941 So-

97 1953 208 1994 lonis
251 1954 346 2009 lege
391 1954 562 1995 sublata
599 1957 716 2009 sunt,
760 1969 888 2009 quam
925 1955 1066 2010 legem
1103 1955 1260 1997 eisdem
1298 1972 1432 2013 prope

97 2012 240 2054 verbis
276 2012 415 2053 nostri
449 2012 676 2055 decemviri
706 2014 752 2054 in
782 2014 990 2056 decimam
1020 2014 1215 2056 tabulam
1247 2016 1432 2058 coniece-

97 2073 216 2125 runt3
252 2085 353 2112 nam
391 2071 441 2112 de
478 2071 618 2113 tribus
650 2072 810 2114 riciniis
843 2075 886 2114 et
916 2073 1120 2128 pleraque
1151 2074 1228 2115 illa
1260 2072 1430 2116 Solonis

99 2131 216 2183 sunt,
253 2129 303 2170 de
335 2129 535 2171 lamentis
567 2145 668 2172 vero
701 2146 899 2186 expressa
929 2132 1072 2173 verbis
1106 2135 1222 2173 sunt:
1253 2132 1430 2174 Mulie-

45 2198 178 2287 ὃόἱθε
209 2201 363 2243 genas
391 2203 450 2230 ne
480 2189 699 2231 radunto
725 2205 848 2232 neve
872 2191 1060 2232 lessum
1086 2190 1281 2232 funeris
1308 2206 1429 2248 ergo

136 2246 333 2288 abento.

185 2304 271 2346 De
283 2305 519 2361 sepulchris
551 2309 695 2349 autem
726 2308 835 2349 nihil
866 2310 932 2350 est
963 2308 1075 2363 apud
1107 2306 1307 2350 Solonem
1343 2324 1428 2350 am·
1442 2310 1496 2351 26
