1685 2568
173 491 211 522 17

190 1057 196 1064 “
237 1078 344 1117 mus,
377 1062 506 1105 Cotta
536 1064 702 1118 viderit,
733 1066 781 1104 tu
814 1066 957 1105 autem
987 1064 1087 1105 nolo
1121 1063 1338 1105 existimes
1364 1079 1432 1106 me
1458 1064 1573 1106 adiu·

169 1391 211 1422 18

202 1628 204 1630 .
238 1592 642 1646 commenticiasque
681 1592 933 1646 sententias,
975 1606 1063 1633 non
1100 1592 1293 1646 opificem
1333 1592 1571 1634 aedificato·
1590 1601 1624 1628 25
1666 1591 1680 1630 ²2

170 1949 211 1981 19

243 90 296 129 10
650 89 713 123 DE
739 89 937 124 NATURA
962 89 1165 124 DEORUM

240 183 425 240 Stoicos,
471 185 543 240 qui
586 186 769 227 honesta
813 200 838 226 a
874 185 1106 227 commodis
1143 199 1231 226 non
1266 186 1454 241 nomine,
1499 186 1573 228 sed

240 258 393 299 genere
424 247 518 286 toto
551 244 832 299 diiungerent,
864 246 906 284 et
936 243 1257 298 PeripatetiCOS,
1290 244 1361 298 qui
1392 245 1573 286 honesta

239 302 564 344 commiscerent
601 317 696 344 cum
734 302 985 356 commodis,
1022 305 1070 343 ut
1107 317 1157 344 ea
1193 303 1304 343 inter
1335 317 1379 344 se
1410 304 1573 358 magni-

238 361 385 402 tudine
418 363 460 402 et
492 361 614 416 quasi
641 360 856 415 gradibus,
887 375 972 402 non
998 375 1150 416 genere
1178 361 1406 403 differrent.
1454 362 1572 404 Haec

240 420 351 460 enim
389 422 454 460 est
490 434 576 460 non
612 419 840 460 verborum
871 434 1019 473 parva,
1061 419 1134 461 sed
1165 434 1307 460 rerum
1338 431 1608 476 permagna5

241 478 458 519 dissensio.
522 477 679 518 Verum
710 477 790 519 1100
823 478 948 532 alias,
978 493 1101 532 nunc,
1134 478 1247 532 quod
1278 478 1505 533 coepimus,
1537 479 1573 520 si

239 536 418 578 videtur.
485 535 593 578 Mihi
633 551 752 590 vero,
794 536 934 590 inquit
971 535 1116 590 Cotta,
1156 536 1334 577 videtur.
1402 535 1483 578 Sed
1525 539 1574 578 ut

238 595 319 648 hic,
352 595 424 649 qui
455 594 686 636 intervenit
719 594 804 649 (me
836 594 1038 650 intuens),
1068 610 1121 636 ne
1152 594 1334 650 ignoret,
1367 610 1474 649 quae
1505 610 1572 637 res

239 656 410 708 agatur
449 653 498 694 de
530 655 686 694 natura
718 653 949 708 agebamus
982 654 1168 707 deorum,
1201 668 1308 708 quae
1340 668 1435 695 cum
1466 654 1573 697 mihi

237 687 452 753 videretiir
483 712 760 766 perobscura,
797 715 845 753 ut
877 726 1043 767 semper
1074 712 1207 754 videri
1239 713 1364 766 solet,
1395 712 1572 779 Epicuri
1591 724 1625 749 10

239 784 289 811 ex
320 770 486 812 Velleio
520 770 770 812 sciscitabar
802 771 1068 812 sententiam.
1124 769 1260 819 Quam
1292 771 1347 813 ob
1380 786 1482 825 rem,
1513 771 1574 812 in·

239 829 342 883 quit,
373 828 525 883 Vellei,
556 829 639 870 nisi
671 830 901 871 molestum
928 831 1004 883 est,
1036 832 1193 884 repete,
1227 844 1334 884 quae
1360 844 1572 885 coeperas.

237 887 447 942 Repetam
473 902 586 942 vero,
619 902 879 942 quamquam
904 902 991 929 non
1015 888 1132 941 mihi,
1159 888 1231 929 sed
1257 888 1337 929 tibi
1361 888 1431 930 hic
1456 889 1573 930 venit

238 946 424 1000 adiutor3
462 947 589 988 ambo
622 946 751 999 enim,
788 947 928 1001 inquit
959 946 1173 1000 adridens,
1211 946 1264 987 ab
1297 947 1444 988 eodem
1475 947 1573 988 Phi-

236 1005 334 1046 lone
370 1005 479 1046 nihil
516 1005 623 1047 scire
662 1005 881 1046 didicistis.
948 1005 1057 1046 Tum
1095 1019 1192 1060 ego:
1238 1003 1346 1053 Quid
1384 1005 1625 1047 didiceri-15

236 1124 375 1163 torem
401 1122 500 1164 huic
524 1123 703 1176 venisse,
735 1122 807 1164 sed
834 1123 1082 1176 auditorem,
1115 1124 1156 1163 et
1183 1122 1352 1176 quidem
1379 1138 1573 1178 aequum,

235 1181 371 1222 libero
402 1181 570 1234 iudicio,
601 1181 722 1222 nulla
753 1179 842 1222 eius
874 1181 989 1223 modi
1021 1181 1275 1222 adstrictum
1305 1183 1572 1236 necessitate,

236 1241 285 1281 ut
316 1239 439 1294 mihi,
471 1240 599 1281 velim
630 1240 782 1294 nolim,
815 1240 872 1281 sit
903 1242 1020 1281 certa
1051 1239 1258 1294 quaedam
1290 1241 1449 1282 tuenda
1480 1255 1572 1282 sen-

238 1299 385 1339 tentia.
771 1345 775 1349 ,
1592 1311 1625 1336 20
1668 1313 1670 1318 ²

326 1357 435 1398 Tum
465 1356 657 1398 Velleius
695 1357 876 1398 fidenter
914 1371 1031 1411 sane,
1068 1359 1117 1398 ut
1155 1358 1296 1399 solent
1331 1357 1424 1411 isti,
1462 1357 1572 1399 nihil

238 1418 329 1456 tam
360 1429 522 1469 verens,
555 1430 683 1470 quam
714 1429 767 1457 ne
800 1416 995 1457 dubitare
1028 1416 1172 1470 aliqua
1198 1416 1248 1457 de
1274 1430 1318 1457 re
1344 1416 1572 1471 videretur,
1668 1400 1675 1451 Ῐ

238 1477 459 1528 tamquam
492 1475 618 1515 modo
651 1489 701 1515 ex
734 1474 908 1516 deorum
940 1474 1119 1516 concilio
1152 1477 1194 1516 et
1226 1489 1275 1516 ex
1306 1474 1481 1529 Epicuri
1511 1475 1572 1516 in·
1678 1470 1679 1477 ²

237 1533 491 1574 termundiis
533 1529 837 1587 descendisset,
881 1532 1056 1587 Audite,
1093 1533 1250 1587 inquit,
1289 1548 1375 1574 non
1410 1533 1571 1575 futtilis

238 1665 412 1704 remque
445 1650 609 1704 mundi,
645 1649 841 1692 Platonis
875 1651 924 1691 de
956 1650 1130 1692 Timaeo
1164 1650 1304 1704 deum,
1335 1665 1412 1692 nec
1444 1666 1572 1692 anum
1670 1644 1673 1675 ²

237 1709 476 1763 fatidicam,
521 1707 762 1751 Stoicorum
811 1707 1047 1763 πρόνοιαν,
1098 1724 1225 1763 quam
1268 1708 1420 1750 Latine
1470 1709 1571 1750 licet
1665 1723 1678 1758 1.

238 1768 621 1822 providentiam
667 1768 821 1822 dicere,
864 1782 1000 1822 neque
1040 1782 1140 1809 vero
1184 1768 1387 1809 mundum
1430 1768 1571 1822 ipsum
1664 1774 1671 1823 1

240 1826 380 1867 animo
427 1829 469 1867 et
510 1826 704 1868 sensibus
748 1826 1006 1881 praeditum,
1049 1827 1296 1880 rotundum,
1340 1826 1571 1881 ardentem,
1664 1833 1678 1896 ff

238 1885 472 1926 volubilem
515 1885 656 1939 deum,
697 1887 899 1939 portenta
937 1887 980 1926 et
1011 1885 1218 1926 miracula
1247 1899 1334 1926 non
1366 1884 1571 1926 disseren-
1589 1895 1623 1922 30
1663 1886 1679 1944 11

239 1943 347 1984 tium
379 1943 748 1998 philosophorum,
781 1944 854 1985 sed
885 1943 1203 1985 somniantium.
1264 1942 1425 1991 Quibus
1458 1944 1571 1985 enim
1675 1953 1677 1970 4

239 2002 373 2044 oculis
420 2002 585 2055 [animi]
630 2002 787 2043 intueri
828 2002 970 2057 potuit
1012 2004 1153 2043 vester
1195 2001 1320 2043 Plato
1364 2002 1571 2044 fabricam
1668 2046 1677 2059 ,Ἴ

238 2061 359 2101 illam
391 2061 502 2101 tanti
535 2061 687 2115 operis,
720 2075 803 2114 qua
835 2060 1024 2102 construi
1050 2075 1075 2101 a
1101 2060 1177 2102 deo
1205 2063 1332 2114 atque
1359 2061 1572 2102 aedificari
1662 2054 1677 2143 Ἀ]

238 2119 442 2160 mundum
484 2118 618 2160 facit?
663 2134 770 2173 quae
808 2119 994 2173 molitio,
1039 2134 1146 2173 quae
1177 2119 1454 2173 ferramenta,
1499 2119 1571 2174 qui

237 2179 397 2231 vectes,
448 2192 555 2232 quae
599 2177 838 2231 machinae,
888 2178 959 2232 qui
1003 2177 1188 2218 ministri
1232 2178 1344 2219 tanti
1384 2178 1570 2219 muneris
1591 2189 1623 2215 35
1661 2188 1663 2211 1

236 2236 438 2278 fuerunt?
483 2251 609 2290 quem
648 2236 701 2277 ad
739 2236 911 2277 modum
943 2238 1087 2277 autem
1119 2236 1318 2277 oboedire
1350 2239 1392 2277 et
1422 2251 1571 2291 parere

237 2294 452 2337 voluntati
484 2294 707 2336 architecti
740 2299 822 2349 aer,
854 2295 978 2350 ignis,
1011 2309 1133 2350 aqua,
1164 2297 1281 2336 terra
1311 2295 1571 2350 potuerunt?
