1685 2568
414 106 503 143 ΜΒ.
530 106 557 143 Ι.
585 105 684 142 ΟΑΡ.
712 110 860 142 34-36.
888 110 907 149 g
934 110 1083 142 75—80.
1338 106 1422 148 175

79 207 210 259 taque
246 203 292 245 in
322 202 453 244 Italia
488 202 626 245 factos
665 215 776 256 esse,
812 203 862 242 ut
892 202 1030 242 multa
1061 201 1220 256 oppida
1251 216 1420 243 conrue-

79 263 181 317 rint,
206 262 355 303 multis
382 261 487 304 locis
514 261 632 302 labes
657 259 798 301 factae
824 260 911 301 sint
937 262 1161 308 terraeque
1183 260 1423 301 desederint

79 321 341 375 fluminaque
390 320 435 362 in
483 319 721 362 contrarias
770 321 917 374 partes
961 318 1163 360 fluxerint
1207 321 1336 373 atque
1379 322 1422 359 in

82 394 228 422 amnes
261 394 378 421 mare
409 377 637 420 influxerit.

44 451 61 477 5
169 438 300 480 Fiunt
343 440 483 479 certae
528 436 841 478 divinationum
883 436 1152 478 coniecturae
1196 450 1221 478 a
1260 435 1423 490 peritis.
1438 443 1493 484 36

80 497 222 539 Midae
253 497 320 538 illi
345 495 522 551 Phrygi,
554 510 649 537 cum
674 509 779 550 puer
806 497 931 549 esset,
963 494 1193 536 dormienti
1218 494 1424 536 formicae

80 557 125 598 in
160 570 207 598 os
239 554 373 597 tritici
411 568 546 610 grana
587 556 906 609 congesserunt.
968 552 1301 595 Divitissumum
1330 553 1424 595 fore

80 614 346 670 praedictum
378 616 461 667 est3
493 612 606 667 quod
634 613 788 654 evenit.
833 613 893 654 At
912 612 1087 654 Platoni
1113 627 1209 654 cum
1234 613 1279 653 in
1305 612 1424 653 cunis

80 673 261 728 parvulo
287 672 517 714 dormienti
543 685 644 726 apes
664 671 710 713 in
728 672 900 713 labellis
921 671 1226 725 consedissent,
1252 685 1425 726 respon—

29 744 63 770 ιο
82 747 177 773 sum
209 734 275 773 est
306 731 517 787 singulari
548 731 673 772 illum
705 731 919 772 suavitate
953 730 1162 772 orationis
1194 730 1297 772 fore.
1354 729 1424 771 Ita

79 790 227 832 futura
259 790 506 844 eloquentia
536 790 711 845 provisa
741 789 786 831 in
816 789 981 831 infante
1011 791 1088 831 est.
1139 788 1278 838 Quid?
1311 803 1424 830 amo-

80 864 149 893 res
188 864 236 891 ac
275 849 451 891 deliciae
482 851 600 903 tuae,
639 848 838 902 Roscius,
874 863 977 890 num
1010 851 1085 890 aut
1115 848 1208 903 ipse
1241 850 1315 889 aut
1345 862 1425 902 pro

81 923 130 951 eo
162 908 404 950 Lanuvium
441 910 582 950 totum
620 908 938 949 mentiebatur?
990 906 1071 956 Qui
1109 922 1206 949 cum
1238 909 1351 948 esset
1381 907 1427 947 in

82 967 304 1010 cunabulis
343 967 678 1021 educareturque
715 967 760 1007 in
798 965 991 1020 Solonio,
1036 966 1109 1020 qui
1146 968 1212 1008 est
1249 980 1425 1021 campus

29 1038 62 1064 15
83 1027 179 1083 agri
209 1025 438 1080 Lanuvini,
473 1028 605 1067 noctu
642 1025 802 1067 lumine
841 1025 1040 1080 apposito
1074 1027 1323 1080 experrecta
1351 1039 1426 1066 nu-

82 1086 169 1127 trix
200 1084 505 1126 animadvertit
535 1099 715 1139 puerum
747 1084 1030 1125 dormientem
1056 1084 1426 1139 circumplicatum

84 1143 294 1199 serpentis
333 1143 544 1198 amplexu.
607 1141 698 1192 Quo
742 1145 919 1197 aspectu
957 1143 1163 1184 exterrita
1194 1143 1427 1184 clamorem

83 1202 271 1246 sustulit.
326 1201 456 1244 Pater
497 1204 641 1243 autem
678 1201 824 1243 Roscii
865 1201 918 1243 ad
954 1201 1205 1256 haruspices
1244 1202 1426 1255 rettulit,

83 1262 156 1317 qui
192 1261 506 1316 responderunt
542 1260 651 1302 nihil
687 1260 764 1302 illo
795 1275 926 1316 puero
960 1260 1135 1315 clarius,
1166 1260 1276 1301 nihil
1307 1260 1426 1302 nobi-

29 1332 63 1359 20
82 1322 167 1363 lius
204 1320 308 1363 fore.
370 1320 514 1375 Atque
545 1320 656 1361 hanc
689 1320 873 1374 speciem
904 1319 1114 1361 Pasiteles
1148 1320 1331 1361 caelavit
1364 1334 1427 1361 ar·

83 1382 212 1437 gento
240 1382 283 1421 et
301 1382 449 1421 noster
470 1379 681 1434 expressit
702 1379 885 1420 Archias
906 1379 1115 1420 versibus.
1163 1377 1273 1427 Quid
1292 1378 1426 1433 igitur

81 1439 386 1494 expectamus?
419 1453 475 1480 an
506 1438 606 1479 dum
634 1437 679 1479 in
704 1437 799 1479 foro
824 1437 1049 1480 nobiscum
1078 1438 1120 1479 di
1145 1437 1426 1491 immortales,

82 1498 183 1540 dum
214 1498 259 1539 in
289 1497 370 1539 viis
401 1499 638 1551 versentur,
671 1497 771 1538 dum
798 1497 942 1539 domi?
975 1497 1049 1552 qui
1076 1497 1247 1552 quidem
1271 1497 1356 1551 ipsi
1381 1511 1426 1538 se

80 1557 206 1599 nobis
250 1571 339 1598 non
376 1556 577 1611 offerunt,
620 1555 708 1598 vim
747 1558 891 1597 autem
929 1571 1051 1597 suam
1088 1557 1216 1611 longe
1255 1556 1426 1610 lateque

30 1627 64 1653 25
83 1615 343 1670 diffundunt,
376 1630 505 1669 quam
534 1618 630 1656 tum
661 1617 802 1656 terrae
835 1615 1028 1657 cavernis
1061 1615 1301 1668 includunt,
1334 1617 1427 1655 tum

82 1675 305 1717 hominum
335 1674 502 1716 naturis
534 1674 771 1729 implicant.
820 1673 934 1716 Nam
966 1676 1105 1716 terrae
1132 1674 1197 1715 vis
1222 1673 1427 1728 Pythiam

81 1733 264 1789 Delphis
289 1733 512 1787 incitabat,
543 1736 724 1775 naturae
749 1731 972 1788 Sibyllam.
1025 1732 1135 1782 Quid
1167 1733 1308 1774 enim?
1340 1747 1428 1774 non

81 1793 288 1846 videmus,
321 1807 450 1847 quam
476 1792 563 1833 sint
588 1792 709 1834 varia
733 1794 948 1834 terrarum
975 1792 1162 1848 genera?
1195 1806 1244 1833 ex
1272 1792 1426 1847 quibus

84 1854 128 1893 et
167 1851 390 1894 mortifera
432 1851 641 1906 quaedam
678 1866 778 1906 pars
817 1854 898 1906 est,
939 1854 988 1893 ut
1020 1854 1062 1892 et
1093 1850 1351 1906 Ampsancti
1382 1851 1427 1892 in

30 1921 65 1947 ³0
83 1910 280 1965 Hirpinis
318 1912 362 1952 et
397 1910 443 1952 in
474 1910 581 1952 Asia
612 1910 832 1965 Plutonia,
872 1925 979 1965 quae
1011 1910 1215 1964 vidimus,
1254 1913 1296 1951 et
1329 1912 1428 1951 sunt

83 1972 229 2024 partes
261 1983 464 2024 agrorum
497 1969 607 2010 aliae
633 1969 898 2024 pestilentes,
930 1970 1040 2011 aliae
1067 1969 1274 2023 salubres,
1307 1968 1428 2022 aliae,

85 2042 193 2083 quae
222 2030 347 2069 acuta
371 2028 548 2084 ingenia
574 2028 769 2084 gignant,
802 2028 924 2084 aliae,
958 2043 1066 2084 quae
1092 2030 1286 2082 retunsa,
1319 2042 1427 2082 quae

40 2090 45 2096 '
83 2086 229 2129 omnia
257 2086 369 2128 fiunt
400 2090 442 2128 et
474 2102 524 2129 ex
555 2088 661 2129 caeli
686 2087 895 2129 varietate
922 2090 965 2129 et
991 2103 1041 2130 ex
1068 2087 1263 2142 disparili
1290 2087 1428 2142 adspi-

83 2146 250 2188 ratione
281 2147 506 2187 terrarum.

1452 800 1496 831 79

30 2215 64 2241 3⁵
170 2204 242 2246 Fit
274 2204 403 2246 etiam
436 2219 562 2260 saepe
593 2206 732 2261 specie
766 2207 961 2261 quadam,
995 2220 1121 2261 saepe
1153 2219 1305 2246 vocum
1333 2217 1427 2258 gra·
1454 2211 1499 2242 80

83 2265 218 2306 vitate
265 2265 308 2305 et
351 2263 548 2305 cantibus
591 2267 639 2305 ut
680 2265 900 2320 pellantur
944 2265 1076 2307 animi
1118 2262 1426 2315 vehementius,

84 2337 211 2379 saepe
244 2322 375 2364 etiam
407 2337 508 2364 cura
540 2325 583 2365 ct
612 2323 781 2379 timore,
815 2324 954 2378 qualis
989 2327 1053 2365 est
1085 2323 1162 2364 illa
