1685 2568
439 91 525 125 ΜΒ.
551 91 595 126 11.
634 90 734 124 CAP.
761 94 910 126 20—23.
942 95 962 134 (5
987 96 1136 127 36—44.
1375 93 1461 135 319

127 185 283 228 riatam
322 186 434 227 tulit.
493 185 552 227 Et
587 185 775 242 primum
811 185 1092 228 Etruscorum
1129 186 1307 228 iniurias
1345 188 1461 229 bello

126 247 195 285 est
224 245 360 298 ultus3
391 259 441 286 ex
473 259 558 299 quc·
587 259 684 287 cum
715 259 834 286 1116..
855 277 864 285 .

450 326 768 380 [Desiderantur
793 328 972 381 payinae
1000 327 1134 379 duae]

127 455 320 511 equitum
357 470 515 511 magno
552 470 730 498 numero
769 471 819 498 ex
857 457 973 498 omni
1010 455 1159 511 populi
1199 470 1365 497 summa
1403 470 1463 498 se-

93 527 108 554 5
126 517 280 571 parato
312 515 518 556 relicuum
548 515 756 569 populum
783 514 1004 556 distribuit
1032 515 1077 555 in
1103 514 1287 568 quinque
1314 515 1464 556 classis

126 573 398 627 senimesque
430 587 455 614 a
485 572 723 614 iunioribus
757 573 902 614 divisit
935 587 1089 628 easque
1122 573 1183 614 ita
1216 573 1465 627 disparavit,

129 635 178 673 ut
211 631 415 686 suffragia
450 646 538 672 non
573 631 619 672 in
655 632 963 686 multitudinis,
1000 632 1074 673 sed
1109 631 1154 673 in
1185 631 1464 687 locupletium

125 666 369 746 potestat?
380 692 540 744 essent,
578 691 844 745 curavitque,
884 691 997 745 quod
1035 705 1202 745 semper
1238 691 1284 732 in
1314 706 1359 732 re
1390 707 1464 746 pu-

126 749 239 791 blica
286 749 517 790 tenendum
561 752 643 803 est,
691 764 744 790 ne
786 750 1020 804 plurimum
1063 751 1236 791 valeant
1278 750 1463 804 plurimi.

75 821 106 845 10
126 806 241 856 Quae
275 807 281 862 Ι
315 807 536 862 discriptio
576 807 613 848 si
651 811 763 849 65561
794 809 945 864 ignota
976 808 1117 862 vobis,
1154 808 1284 862 expli·
1317 810 1370 861 [p.
1399 820 1465 850 108

125 868 294 908 caretur
332 881 357 907 a
395 881 479 920 me3
519 881 631 908 nunc
668 867 879 908 rationem
918 867 1072 908 videtis
1106 881 1197 908 esse
1229 868 1381 922 talem,
1416 870 1466 909 ut

124 925 359 979 †equitum
386 925 601 967 centuriae
627 940 721 967 cum
749 941 821 967 sex
848 926 1066 982 suffragiis
1093 929 1136 967 et
1154 926 1295 981 prima
1314 927 1464 968 classis

125 984 270 1025 addita
302 984 511 1037 centuria,
550 999 658 1039 quae
691 985 744 1025 ad
775 1000 989 1026 summum
1021 999 1145 1026 usum
1177 986 1296 1026 urbis
1327 985 1464 1027 fabris

123 1043 324 1098 tignariis
367 1046 434 1084 651
471 1043 588 1096 (1616,
631 1054 863 1085 LXXXVIIII
901 1044 1116 1085 centurias
1154 1044 1332 1098 habeat3
1376 1045 1464 1099 qui-

73 1113 104 1139 15
123 1101 204 1143 bus
242 1116 292 1143 ex
330 1105 501 1143 centum
539 1104 744 1156 quattuor
776 1103 978 1144 centuriis
1012 1101 1098 1157 (tot
1129 1103 1243 1143 enim
1273 1103 1463 1158 reliquae

123 1159 243 1217 sunt)
271 1163 366 1202 octo
394 1161 510 1202 solae
537 1161 574 1202 si
600 1164 880 1215 accesserunt,
912 1161 1106 1203 confecta
1133 1164 1198 1202 est
1223 1162 1288 1203 vis
1314 1162 1465 1217 populi

121 1219 339 1273 universa,
385 1220 628 1274 relicuaque
672 1220 810 1261 multo
854 1220 992 1261 maior
1034 1220 1266 1261 multitudo
1311 1235 1384 1261 sex
1421 1223 1464 1262 et

120 1278 360 1333 nonaginta
391 1279 679 1320 centuriarum
709 1279 712 1331 Ι
739 1293 877 1333 neque
904 1279 1199 1320 excluderetur
1228 1279 1311 1320 suf·
1338 1281 1390 1332 [p.
1418 1291 1462 1322 93

119 1336 288 1392 fragiis,
317 1352 371 1378 116
400 1337 633 1392 superbum
660 1340 784 1391 esset,
814 1352 892 1379 nec
917 1338 1082 1379 valeret
1105 1338 1246 1392 nimis,
1271 1353 1324 1379 ne
1351 1341 1464 1380 esset

70 1407 103 1432 20
121 1396 420 1451 periculosum.
474 1395 526 1437 In
558 1411 641 1450 quo
674 1397 805 1437 etiam
836 1396 978 1438 verbis
1011 1412 1060 1439 66
1083 1397 1330 1439 nominibus
1355 1397 1462 1452 ipsis

120 1454 204 1496 fuit
230 1455 430 1510 diligens,
463 1455 536 1510 qui
562 1470 658 1497 cum
684 1455 912 1510 locupletis
939 1456 1174 1497 assiduos
1200 1456 1464 1511 appellasset

121 1514 176 1555 ab
203 1528 298 1555 asse
324 1514 475 1568 dando,
507 1528 592 1568 eos,
625 1514 698 1568 qui
724 1517 798 1556 aut
822 1529 909 1555 non
933 1515 1031 1569 plus
1057 1515 1175 1557 mille
1202 1515 1462 1570 quingentos

121 1573 232 1614 aeris
266 1575 340 1614 aut
371 1573 544 1615 omnino
575 1572 687 1614 nihil
717 1573 763 1614 in
788 1588 911 1614 suum
938 1588 1111 1615 censum
1136 1577 1308 1629 praeter
1334 1577 1464 1629 caput

121 1632 390 1687 attulissent,
428 1632 745 1687 proletarios
783 1633 1041 1686 nominavit,
1080 1635 1129 1674 ut
1165 1647 1216 1674 ex
1253 1633 1306 1674 iis
1340 1634 1463 1688 quasi

69 1702 101 1726 25
119 1691 282 1746 proles,
324 1690 369 1732 id
412 1693 478 1732 est
521 1691 644 1745 quasi
686 1692 914 1747 progenies
953 1691 1158 1746 civitatis,
1192 1692 1198 1747 Ι
1232 1706 1298 1733 ex·
1337 1694 1389 1745 [p.
1417 1703 1462 1734 94

119 1750 284 1805 pectari
326 1749 554 1792 videretur.
614 1749 796 1791 Illarum
840 1753 983 1792 autem
1027 1765 1100 1792 sex
1141 1753 1184 1792 61
1223 1751 1462 1807 nonaginta

119 1808 410 1851 centuriarum
446 1808 493 1850 in
521 1823 608 1850 una
639 1809 832 1850 centuria
862 1812 955 1851 tum
988 1809 1159 1864 quidem
1189 1810 1335 1865 plures
1368 1825 1462 1852 cen-

120 1868 326 1909 sebantur
364 1882 493 1922 quam
529 1882 663 1922 paene
700 1868 747 1909 in
777 1868 918 1923 prima
949 1868 1086 1910 classe
1117 1870 1223 1910 tota.
1284 1868 1354 1910 Ita
1383 1883 1461 1912 nec

118 1926 431 1982 prohibebatur
464 1927 691 1981 quisquam
721 1926 813 1968 iure
845 1928 1053 1983 suffragii,
1085 1929 1128 1968 et
1152 1927 1190 1968 is
1215 1928 1391 1969 valebat
1415 1928 1462 1970 in

69 1996 101 2022 ⁸0
120 1985 326 2041 suffragio
357 1986 608 2041 plurimum,
641 1985 758 2027 cuius
789 1986 1023 2041 plurimum
1053 1987 1261 2028 intererat
1293 2001 1384 2028 esse
1415 1987 1462 2028 in

125 2045 288 2099 optimo
322 2047 440 2087 statu
472 2045 705 2086 civitatem.
767 2043 877 2093 Quin
909 2045 1040 2087 etiam
1072 2046 1260 2087 accensis
1293 2046 1460 2100 velatis,

119 2102 366 2159 liticinibus,
400 2103 698 2157 cornicinibus,
728 2104 974 2158 proletariis
991 2138 999 2145 .
1013 2138 1021 2146 .
1037 2138 1045 2146 .
1059 2137 1070 2147 .

400 2175 718 2228 [Desiderantur
740 2176 920 2228 payinae
949 2176 1168 2228 quattuor]

119 2304 317 2346 stitutam
349 2319 438 2345 rem
463 2303 694 2359 publicam,
725 2318 833 2358 quae
860 2319 909 2345 ex
934 2305 1075 2346 tribus
1102 2304 1330 2359 generibus
1355 2303 1457 2355 illis,

282 397 634 452 ..duodeviginti
677 412 804 439 censu
847 397 1047 439 maximo.
1111 396 1274 438 Deinde
1312 373 1533 455 [1:»107233

1488 1406 1534 1437 40

205 2246 268 2288 M.
296 2245 458 2287 Tullius
487 2245 535 2287 de
557 2258 602 2286 re
618 2259 662 2298 12.
689 2245 754 2286 lib.
779 2245 856 2286 II:
889 2243 1014 2287 Statu
1046 2260 1139 2287 esse
1169 2246 1333 2301 optimo
1360 2258 1456 2289 con·
1469 2223 1526 2308 ἓξ
