1685 2568
432 83 519 120 ΜΒ.
547 84 608 119 111.
636 83 736 121 GAP.
764 89 910 120 17-19.
937 89 956 128 s
981 89 1130 122 38—43.
1347 87 1448 128 -447

122 180 375 236 docendum3
415 194 595 235 quorum
634 194 838 235 generum
874 179 920 221 in
955 182 1138 234 utroque
1169 196 1350 237 magnus
1381 197 1453 224 no·

121 242 210 282 ster
247 238 355 281 Cato
396 242 471 280 est.
533 237 737 293 Quodque
775 238 911 279 addit:
952 252 1131 280 causas
1167 240 1345 294 populi
1382 243 1453 281 te·
1478 250 1520 282 41

120 301 257 352 neto,
298 299 365 339 est
401 297 590 339 senatori
625 297 912 338 necessarium
949 311 1076 338 nosse
1117 311 1207 339 rem
1238 298 1454 352 publicam

122 355 266 413 (idque
303 357 392 398 late
429 358 567 411 patet:
605 355 706 411 quid
741 355 901 397 habeat
937 355 1142 410 militum,
1180 356 1281 410 quid
1311 357 1455 398 valeat

87 428 103 454 ⁵
123 415 301 469 aerario,
333 429 439 470 quos
471 414 609 457 socios
640 429 708 456 res
739 414 913 470 publica
942 413 1113 468 habeat,
1145 429 1251 469 quos
1283 415 1455 469 amicos,

123 488 229 529 quos
268 473 586 528 stipendiarios,
623 488 706 528 qua
744 473 922 528 quisque
960 473 1017 514 sit
1048 473 1162 528 lege,
1199 473 1456 527 condicione,

120 531 329 587 foedere),
365 534 510 574 tenere
547 532 896 574 consuetudinem
929 531 1195 586 decernendi,
1231 546 1358 573 nosse
1390 546 1456 574 ex-

123 591 266 646 empla
297 590 519 632 maiorum.
572 589 740 631 Videtis
771 590 859 632 iam
891 604 1026 646 genus
1056 590 1138 633 hoc
1169 605 1294 632 omne
1325 590 1457 633 scien-

123 649 221 703 tiae,
254 648 520 704 diligentiae,
551 649 793 703 memoriae,
825 649 916 690 sine
948 663 1031 705 quo
1061 651 1239 704 paratus
1271 663 1363 691 esse
1396 664 1457 691 se-

70 721 104 746 10
120 710 249 750 nator
279 708 400 749 nullo
431 710 557 763 pacto
589 710 746 763 potest.

209 765 420 822 Deinceps
452 769 553 808 sunt
584 781 678 808 cum
705 767 864 822 populo
891 766 1092 820 actiones,
1123 767 1168 808 in
1194 767 1348 823 quibus
1372 767 1456 823 pri·
1483 777 1526 809 42

122 839 240 867 mum
284 827 326 867 et
369 825 620 867 maximum:
669 824 759 866 Vis
809 825 1001 867 abesto.
1068 825 1190 867 Nihil
1234 829 1300 868 est
1344 827 1458 868 enim

122 884 344 926 exitiosius
387 884 657 938 civitatibus,
698 884 807 925 nihil
850 886 941 925 tam
985 885 1247 926 contrarium
1289 885 1372 926 iuri
1409 900 1458 928 ac

122 943 304 999 legibus,
334 942 444 984 nihil
475 943 616 984 minus
646 945 688 984 et
714 943 837 984 civile
864 945 907 984 et
931 943 1166 984 humanum
1193 959 1320 998 quam
1346 959 1458 986 com-

71 1015 103 1040 15
121 1002 265 1057 posita
296 1004 340 1043 et
370 1001 606 1044 constituta
638 1016 682 1043 re
713 1002 885 1056 publica
910 1002 1135 1057 quicquam
1161 1003 1233 1058 agi
1257 1017 1334 1058 per
1358 1003 1457 1045 vim.

121 1060 277 1102 Parere
313 1060 433 1102 iubet
469 1061 760 1114 intercessori,
798 1075 880 1116 quo
912 1061 1021 1101 nihil
1052 1061 1360 1116 praestantius3
1397 1062 1458 1104 in·

121 1119 259 1175 pediri
296 1119 409 1161 enim
446 1119 604 1161 bonam
635 1133 725 1160 rem
757 1120 910 1161 melius
942 1134 1070 1174 quam
1102 1120 1274 1162 concedi
1306 1121 1456 1162 malae.

210 1177 333 1226 Quod
356 1192 457 1220 vero
483 1178 677 1220 actoris
702 1178 828 1220 iubeo
855 1192 946 1220 esse
971 1178 1216 1234 fraudem,
1246 1179 1290 1220 id
1315 1182 1457 1221 totum
1473 1181 1526 1222 19

121 1237 210 1279 dixi
240 1251 292 1278 ex
317 1235 474 1292 Crassi,
506 1236 812 1292 sapientissimi
836 1236 1036 1292 hominis,
1069 1238 1299 1292 sententia3
1331 1253 1456 1293 quem

70 1309 104 1333 20
123 1298 188 1337 est
219 1298 392 1337 senatus
425 1298 607 1350 secutus,
638 1310 767 1351 quom
799 1295 1055 1338 decrevisset
1081 1296 1124 1338 O.
1151 1295 1330 1339 Claudio
1363 1312 1458 1339 con-

123 1354 214 1396 sule
259 1354 309 1396 de
346 1353 421 1396 Cn.
459 1353 669 1397 Carbonis
712 1355 921 1396 seditione
961 1355 1172 1397 referente
1214 1356 1351 1398 invito
1395 1371 1457 1410 eo,

123 1413 196 1468 qui
239 1428 334 1455 cum
369 1413 531 1468 populo
569 1416 733 1470 ageret,
778 1413 1031 1456 seditionem
1067 1429 1155 1456 non
1190 1429 1316 1470 posse
1352 1415 1458 1469 fieri,

122 1472 278 1528 quippe
316 1472 383 1514 cui
414 1472 544 1514 liceat
575 1472 818 1527 concilium,
857 1473 985 1514 simul
1018 1475 1145 1529 atque
1176 1473 1458 1516 intercessum

122 1531 371 1586 turbarique
408 1534 607 1587 coeptum
639 1532 712 1586 sit,
751 1531 976 1573 dimittere.
1039 1531 1160 1581 Quod
1192 1533 1263 1587 qui
1293 1547 1458 1588 permo-

71 1601 104 1626 25
123 1592 212 1644 vet,
250 1604 378 1645 quom
410 1590 482 1646 agi
512 1590 622 1632 nihil
653 1593 815 1646 potest,
852 1591 938 1633 vim
971 1591 1156 1646 quaerit,
1188 1592 1305 1633 cuius
1337 1592 1457 1647 inpu-

121 1649 304 1690 nitatem
341 1649 505 1690 amittit
535 1649 616 1691 hae
646 1649 753 1704 lege.
813 1648 1014 1716 Sequitur
1044 1650 1168 1691 illud:
1205 1650 1457 1692 Interces-

123 1722 206 1750 sor
248 1707 322 1749 rei
364 1708 526 1749 malae
571 1708 822 1750 salutaris
866 1709 994 1750 civis
1039 1711 1160 1751 esto.
1229 1708 1332 1758 Quis
1369 1724 1458 1751 non
1483 1718 1526 1750 43

122 1766 313 1808 studiose
355 1767 418 1808 rei
459 1767 655 1822 publicae
700 1767 946 1833 subveneiqt
989 1767 1069 1810 hac
1105 1770 1197 1810 tam
1233 1769 1457 1824 praeclara

123 1825 232 1882 legis
263 1839 365 1867 voce
397 1826 625 1868 laudatus?

68 1895 104 1920 ³0
211 1882 319 1926 Sunt
350 1884 499 1926 deinde
530 1885 675 1939 posita
705 1885 914 1942 deinceps,
946 1900 1053 1940 quae
1084 1885 1292 1928 habemus
1325 1886 1456 1927 etiam

122 1943 167 1984 in
205 1943 389 1998 publicis
430 1943 643 1985 institutis
681 1946 808 1999 atque
846 1945 1031 1999 legibus:
1075 1944 1323 2000 Auspicia
1355 1960 1456 1986 ser-

121 2004 295 2055 vanto,
338 2002 521 2058 auguri
557 2005 783 2057 parento.
842 2002 925 2045 Est
961 2006 1105 2045 autem
1141 2004 1244 2045 boni
1282 2004 1456 2060 auguris

122 2060 366 2102 meminisse
395 2075 436 2103 se
460 2061 657 2103 maximis
683 2061 745 2103 rei
770 2062 966 2117 publicae
991 2063 1257 2117 temporibus
1283 2065 1456 2117 praesto

123 2133 215 2161 esse
253 2119 422 2175 debere,
458 2119 636 2175 Iovique
673 2121 836 2176 optimo
871 2121 1058 2163 maximo
1091 2135 1135 2163 se
1167 2121 1456 2163 consiliarium

68 2187 103 2214 35
123 2180 250 2233 atque
283 2153 582 2220 administrum
614 2179 773 2234 datum,
803 2182 852 2221 ut
884 2180 967 2222 sibi
998 2195 1082 2235 eos,
1114 2195 1220 2235 quos
1248 2180 1293 2221 in
1318 2179 1457 2234 auspi·

122 2235 188 2278 cio
229 2251 321 2278 esse
361 2236 551 2291 iusserit,
594 2239 784 2293 caelique
823 2241 970 2293 partes
1008 2214 1090 2281 sibi
1129 2238 1323 2280 definitas
1364 2252 1457 2279 esse

121 2295 317 2350 traditas,
343 2310 365 2337 e
392 2296 546 2351 quibus
572 2311 698 2353 saepe
725 2312 850 2353 opem
875 2298 937 2339 rei
959 2298 1155 2353 publicae
1174 2297 1286 2339 ferre
1306 2296 1443 2352 possit
