<?xml version="1.0" encoding="UTF-8"?>
<!DOCTYPE html PUBLIC "-//W3C//DTD XHTML 1.0 Transitional//EN"
    "http://www.w3.org/TR/xhtml1/DTD/xhtml1-transitional.dtd">
<html xmlns="http://www.w3.org/1999/xhtml" xml:lang="en" lang="en">
 <head>
  <title>
</title>
<meta http-equiv="Content-Type" content="text/html;charset=utf-8" />
  <meta name='ocr-system' content='tesseract 3.04.00' />
  <meta name='ocr-capabilities' content='ocr_page ocr_carea ocr_par ocr_line ocrx_word'/>
</head>
<body>
  <div class='ocr_page' id='page_1' title='image "./p2scriptaquaemanse04ciceuoft_0248.png"; bbox 0 0 1685 2568; ppageno 0'>
   <div class='ocr_carea' id='block_1_1' title="bbox 126 1213 220 1296">
    <p class='ocr_par' dir='ltr' id='par_1_1' title="bbox 126 1213 220 1296">
     <span class='ocr_line' id='line_1_1' title="bbox 126 1213 220 1255; baseline 0 0"><span class='ocrx_word' id='word_1_1' title='bbox 126 1247 132 1251; x_wconf 89' lang='lat'>.</span> <span class='ocrx_word' id='word_1_2' title='bbox 197 1213 220 1255; x_wconf 87' lang='grc'>1</span> 
     </span>
     <span class='ocr_line' id='line_1_2' title="bbox 197 1266 214 1296; baseline 0 0"><span class='ocrx_word' id='word_1_3' title='bbox 197 1266 214 1296; x_wconf 87' lang='grc'>1</span> 
     </span>
    </p>
   </div>
   <div class='ocr_carea' id='block_1_2' title="bbox 245 78 1124 121">
    <p class='ocr_par' dir='ltr' id='par_1_2' title="bbox 245 78 1124 121">
     <span class='ocr_line' id='line_1_3' title="bbox 245 78 1124 121; baseline -0.009 0"><span class='ocrx_word' id='word_1_4' title='bbox 245 79 329 121; x_wconf 84' lang='grc'>196</span> <span class='ocrx_word' id='word_1_5' title='bbox 709 78 773 113; x_wconf 89' lang='lat' dir='ltr'>DE</span> <span class='ocrx_word' id='word_1_6' title='bbox 800 78 1124 114; x_wconf 87' lang='lat' dir='ltr'>DIVINATIONE</span> 
     </span>
    </p>
   </div>
   <div class='ocr_carea' id='block_1_3' title="bbox 241 170 1587 1106">
    <p class='ocr_par' dir='ltr' id='par_1_3' title="bbox 241 170 1587 1106">
     <span class='ocr_line' id='line_1_4' title="bbox 243 170 1586 217; baseline 0 -10"><span class='ocrx_word' id='word_1_7' title='bbox 243 183 337 216; x_wconf 86' lang='lat' dir='ltr'>quae</span> <span class='ocrx_word' id='word_1_8' title='bbox 369 172 447 207; x_wconf 84' lang='lat' dir='ltr'>sint</span> <span class='ocrx_word' id='word_1_9' title='bbox 476 183 644 217; x_wconf 86' lang='lat' dir='ltr'>quaeque</span> <span class='ocrx_word' id='word_1_10' title='bbox 674 171 799 206; x_wconf 86' lang='lat' dir='ltr'>futura</span> <span class='ocrx_word' id='word_1_11' title='bbox 830 171 921 216; x_wconf 86' lang='lat' dir='ltr'>sint,</span> <span class='ocrx_word' id='word_1_12' title='bbox 959 182 1004 207; x_wconf 86' lang='lat' dir='ltr'>ex</span> <span class='ocrx_word' id='word_1_13' title='bbox 1035 170 1136 206; x_wconf 88' lang='lat' dir='ltr'>omni</span> <span class='ocrx_word' id='word_1_14' title='bbox 1165 170 1387 207; x_wconf 68' lang='lat' dir='ltr'>aeternitate</span> <span class='ocrx_word' id='word_1_15' title='bbox 1418 172 1586 207; x_wconf 79' lang='lat' dir='ltr'>fataliter</span> 
     </span>
     <span class='ocr_line' id='line_1_5' title="bbox 243 200 1583 265; baseline 0.001 -12"><span class='ocrx_word' id='word_1_16' title='bbox 243 219 395 255; x_wconf 89' lang='lat' dir='ltr'>definita</span> <span class='ocrx_word' id='word_1_17' title='bbox 426 230 506 254; x_wconf 89' lang='lat' dir='ltr'>esse</span> <span class='ocrx_word' id='word_1_18' title='bbox 537 218 720 261; x_wconf 87' lang='lat' dir='ltr'>iudicent,</span> <span class='ocrx_word' id='word_1_19' title='bbox 752 218 847 252; x_wconf 88' lang='lat' dir='ltr'>nihil</span> <span class='ocrx_word' id='word_1_20' title='bbox 873 200 1048 263; x_wconf 81' lang='lat' dir='ltr'>prodesse</span> <span class='ocrx_word' id='word_1_21' title='bbox 1075 217 1344 252; x_wconf 86' lang='lat' dir='ltr'>divinationem</span> <span class='ocrx_word' id='word_1_22' title='bbox 1372 220 1464 265; x_wconf 87' lang='lat' dir='ltr'>(cap.</span> <span class='ocrx_word' id='word_1_23' title='bbox 1490 223 1555 254; x_wconf 86' lang='lat'>5—</span> <span class='ocrx_word' id='word_1_24' title='bbox 1562 224 1583 255; x_wconf 90' lang='grc'>8</span> 
     </span>
     <span class='ocr_line' id='line_1_6' title="bbox 242 264 1584 310; baseline -0.001 -8"><span class='ocrx_word' id='word_1_25' title='bbox 242 271 262 309; x_wconf 71' lang='grc' dir='ltr'>ἓ</span> <span class='ocrx_word' id='word_1_26' title='bbox 289 271 377 302; x_wconf 84' lang='lat'>12-—</span> <span class='ocrx_word' id='word_1_27' title='bbox 381 267 459 310; x_wconf 84' lang='grc'>21),</span> <span class='ocrx_word' id='word_1_28' title='bbox 493 267 532 301; x_wconf 93' lang='lat' dir='ltr'>et</span> <span class='ocrx_word' id='word_1_29' title='bbox 562 276 648 300; x_wconf 86' lang='lat' dir='ltr'>vero</span> <span class='ocrx_word' id='word_1_30' title='bbox 681 265 853 299; x_wconf 88' lang='lat' dir='ltr'>inutilem</span> <span class='ocrx_word' id='word_1_31' title='bbox 884 265 1095 300; x_wconf 89' lang='lat' dir='ltr'>hominibus</span> <span class='ocrx_word' id='word_1_32' title='bbox 1128 275 1207 299; x_wconf 88' lang='lat' dir='ltr'>esse</span> <span class='ocrx_word' id='word_1_33' title='bbox 1232 264 1438 300; x_wconf 76' lang='lat' dir='ltr'>fiiturarum</span> <span class='ocrx_word' id='word_1_34' title='bbox 1463 276 1584 300; x_wconf 88' lang='lat' dir='ltr'>rerum</span> 
     </span>
     <span class='ocr_line' id='line_1_7' title="bbox 243 311 1584 357; baseline -0.001 -9"><span class='ocrx_word' id='word_1_35' title='bbox 243 313 438 348; x_wconf 81' lang='lat' dir='ltr'>scientiam</span> <span class='ocrx_word' id='word_1_36' title='bbox 465 315 558 357; x_wconf 87' lang='lat' dir='ltr'>(cap.</span> <span class='ocrx_word' id='word_1_37' title='bbox 581 317 600 347; x_wconf 90' lang='lat'>9</span> <span class='ocrx_word' id='word_1_38' title='bbox 628 316 646 354; x_wconf 62' lang='lat' dir='ltr'>g</span> <span class='ocrx_word' id='word_1_39' title='bbox 666 316 755 347; x_wconf 79' lang='lat'>22—</span> <span class='ocrx_word' id='word_1_40' title='bbox 760 314 830 356; x_wconf 86' lang='grc'>24),</span> <span class='ocrx_word' id='word_1_41' title='bbox 858 312 896 346; x_wconf 87' lang='lat' dir='ltr'>et</span> <span class='ocrx_word' id='word_1_42' title='bbox 921 312 1019 356; x_wconf 89' lang='lat' dir='ltr'>quod</span> <span class='ocrx_word' id='word_1_43' title='bbox 1046 311 1172 345; x_wconf 87' lang='lat' dir='ltr'>dicant</span> <span class='ocrx_word' id='word_1_44' title='bbox 1195 311 1295 346; x_wconf 90' lang='lat' dir='ltr'>mala</span> <span class='ocrx_word' id='word_1_45' title='bbox 1319 312 1443 346; x_wconf 90' lang='lat' dir='ltr'>omnia</span> <span class='ocrx_word' id='word_1_46' title='bbox 1466 312 1514 347; x_wconf 90' lang='lat' dir='ltr'>ad</span> <span class='ocrx_word' id='word_1_47' title='bbox 1532 312 1584 347; x_wconf 89' lang='lat' dir='ltr'>fe-</span> 
     </span>
     <span class='ocr_line' id='line_1_8' title="bbox 241 357 1583 403; baseline 0 -9"><span class='ocrx_word' id='word_1_48' title='bbox 241 360 397 395; x_wconf 87' lang='lat' dir='ltr'>rendum</span> <span class='ocrx_word' id='word_1_49' title='bbox 416 359 559 394; x_wconf 79' lang='lat' dir='ltr'>leviora</span> <span class='ocrx_word' id='word_1_50' title='bbox 577 358 655 393; x_wconf 87' lang='lat' dir='ltr'>fore</span> <span class='ocrx_word' id='word_1_51' title='bbox 675 359 783 393; x_wconf 89' lang='lat' dir='ltr'>rebus</span> <span class='ocrx_word' id='word_1_52' title='bbox 804 357 940 393; x_wconf 84' lang='lat' dir='ltr'>divinis</span> <span class='ocrx_word' id='word_1_53' title='bbox 960 358 1179 403; x_wconf 74' lang='lat' dir='ltr'>procuratis,</span> <span class='ocrx_word' id='word_1_54' title='bbox 1199 358 1295 392; x_wconf 87' lang='grc'>1111111</span> <span class='ocrx_word' id='word_1_55' title='bbox 1307 358 1347 392; x_wconf 89' lang='lat' dir='ltr'>id</span> <span class='ocrx_word' id='word_1_56' title='bbox 1362 369 1452 402; x_wconf 86' lang='lat' dir='ltr'>esse,</span> <span class='ocrx_word' id='word_1_57' title='bbox 1473 359 1583 403; x_wconf 89' lang='lat' dir='ltr'>quod,</span> 
     </span>
     <span class='ocr_line' id='line_1_9' title="bbox 243 404 1583 451; baseline -0.001 -10"><span class='ocrx_word' id='word_1_58' title='bbox 243 407 276 441; x_wconf 90' lang='lat' dir='ltr'>si</span> <span class='ocrx_word' id='word_1_59' title='bbox 300 406 396 441; x_wconf 82' lang='lat' dir='ltr'>nihil</span> <span class='ocrx_word' id='word_1_60' title='bbox 420 406 487 440; x_wconf 90' lang='lat' dir='ltr'>fiat</span> <span class='ocrx_word' id='word_1_61' title='bbox 513 407 615 440; x_wconf 87' lang='lat' dir='ltr'>extra</span> <span class='ocrx_word' id='word_1_62' title='bbox 639 405 768 447; x_wconf 87' lang='lat' dir='ltr'>fatum,</span> <span class='ocrx_word' id='word_1_63' title='bbox 793 405 888 438; x_wconf 89' lang='lat' dir='ltr'>nihil</span> <span class='ocrx_word' id='word_1_64' title='bbox 913 405 1031 440; x_wconf 85' lang='lat' dir='ltr'>levari</span> <span class='ocrx_word' id='word_1_65' title='bbox 1056 417 1095 440; x_wconf 87' lang='lat' dir='ltr'>re</span> <span class='ocrx_word' id='word_1_66' title='bbox 1121 404 1249 439; x_wconf 86' lang='lat' dir='ltr'>divina</span> <span class='ocrx_word' id='word_1_67' title='bbox 1273 405 1393 450; x_wconf 84' lang='lat' dir='ltr'>possit</span> <span class='ocrx_word' id='word_1_68' title='bbox 1418 408 1511 451; x_wconf 85' lang='lat' dir='ltr'>(cap.</span> <span class='ocrx_word' id='word_1_69' title='bbox 1540 410 1583 441; x_wconf 90' lang='grc'>10</span> 
     </span>
     <span class='ocr_line' id='line_1_10' title="bbox 242 451 1582 497; baseline 0 -9"><span class='ocrx_word' id='word_1_70' title='bbox 242 458 262 496; x_wconf 65' lang='lat'>5</span> <span class='ocrx_word' id='word_1_71' title='bbox 282 458 338 496; x_wconf 87' lang='grc'>25,</span> <span class='ocrx_word' id='word_1_72' title='bbox 364 455 436 497; x_wconf 85' lang='grc'>26).</span> <span class='ocrx_word' id='word_1_73' title='bbox 481 452 666 497; x_wconf 79' lang='lat' dir='ltr'>Deinceps</span> <span class='ocrx_word' id='word_1_74' title='bbox 693 452 840 496; x_wconf 87' lang='lat' dir='ltr'>singula</span> <span class='ocrx_word' id='word_1_75' title='bbox 865 451 1105 487; x_wconf 73' lang='lat' dir='ltr'>divinationis</span> <span class='ocrx_word' id='word_1_76' title='bbox 1132 462 1278 496; x_wconf 87' lang='lat' dir='ltr'>genera,</span> <span class='ocrx_word' id='word_1_77' title='bbox 1304 463 1397 496; x_wconf 87' lang='lat' dir='ltr'>quae</span> <span class='ocrx_word' id='word_1_78' title='bbox 1421 455 1519 497; x_wconf 90' lang='lat' dir='ltr'>(cap.</span> <span class='ocrx_word' id='word_1_79' title='bbox 1540 457 1582 488; x_wconf 85' lang='lat'>11</span> 
     </span>
     <span class='ocr_line' id='line_1_11' title="bbox 242 498 1585 544; baseline -0.001 -9"><span class='ocrx_word' id='word_1_80' title='bbox 242 506 261 542; x_wconf 65' lang='grc' dir='ltr'>ξ</span> <span class='ocrx_word' id='word_1_81' title='bbox 288 505 343 543; x_wconf 82' lang='grc'>26,</span> <span class='ocrx_word' id='word_1_82' title='bbox 371 501 430 544; x_wconf 83' lang='grc'>27)</span> <span class='ocrx_word' id='word_1_83' title='bbox 457 498 578 534; x_wconf 90' lang='lat' dir='ltr'>denuo</span> <span class='ocrx_word' id='word_1_84' title='bbox 605 498 775 544; x_wconf 87' lang='lat' dir='ltr'>partitur,</span> <span class='ocrx_word' id='word_1_85' title='bbox 803 498 965 533; x_wconf 88' lang='lat' dir='ltr'>refutare</span> <span class='ocrx_word' id='word_1_86' title='bbox 992 498 1217 544; x_wconf 81' lang='lat' dir='ltr'>adgreditur.</span> <span class='ocrx_word' id='word_1_87' title='bbox 1266 499 1321 533; x_wconf 90' lang='lat' dir='ltr'>Ac</span> <span class='ocrx_word' id='word_1_88' title='bbox 1347 499 1392 534; x_wconf 89' lang='lat' dir='ltr'>de</span> <span class='ocrx_word' id='word_1_89' title='bbox 1417 499 1585 544; x_wconf 88' lang='lat' dir='ltr'>haruspi-</span> 
     </span>
     <span class='ocr_line' id='line_1_12' title="bbox 243 545 1583 591; baseline 0.001 -11"><span class='ocrx_word' id='word_1_90' title='bbox 243 546 327 580; x_wconf 88' lang='lat' dir='ltr'>cina</span> <span class='ocrx_word' id='word_1_91' title='bbox 352 546 503 590; x_wconf 89' lang='lat' dir='ltr'>quidem</span> <span class='ocrx_word' id='word_1_92' title='bbox 529 545 714 591; x_wconf 86' lang='lat' dir='ltr'>disputat,</span> <span class='ocrx_word' id='word_1_93' title='bbox 747 545 786 579; x_wconf 88' lang='lat' dir='ltr'>id</span> <span class='ocrx_word' id='word_1_94' title='bbox 813 546 869 580; x_wconf 89' lang='lat' dir='ltr'>est</span> <span class='ocrx_word' id='word_1_95' title='bbox 895 545 941 580; x_wconf 89' lang='lat' dir='ltr'>de</span> <span class='ocrx_word' id='word_1_96' title='bbox 968 545 1060 580; x_wconf 87' lang='lat' dir='ltr'>extis</span> <span class='ocrx_word' id='word_1_97' title='bbox 1089 548 1181 591; x_wconf 89' lang='lat' dir='ltr'>(cap.</span> <span class='ocrx_word' id='word_1_98' title='bbox 1212 550 1348 581; x_wconf 84' lang='lat'>12—16</span> <span class='ocrx_word' id='word_1_99' title='bbox 1375 550 1393 588; x_wconf 66' lang='grc' dir='ltr'>ἓ</span> <span class='ocrx_word' id='word_1_100' title='bbox 1419 548 1583 591; x_wconf 81' lang='grc'>28-37),</span> 
     </span>
     <span class='ocr_line' id='line_1_13' title="bbox 242 592 1584 645; baseline 0.001 -18"><span class='ocrx_word' id='word_1_101' title='bbox 242 593 288 627; x_wconf 87' lang='lat' dir='ltr'>de</span> <span class='ocrx_word' id='word_1_102' title='bbox 313 592 524 637; x_wconf 81' lang='lat' dir='ltr'>fulguribus</span> <span class='ocrx_word' id='word_1_103' title='bbox 550 594 644 637; x_wconf 92' lang='lat' dir='ltr'>(cap.</span> <span class='ocrx_word' id='word_1_104' title='bbox 673 597 809 627; x_wconf 82' lang='grc'>17-21</span> <span class='ocrx_word' id='word_1_105' title='bbox 836 596 855 634; x_wconf 66' lang='grc' dir='ltr'>ἓ</span> <span class='ocrx_word' id='word_1_106' title='bbox 880 596 970 627; x_wconf 88' lang='grc'>38-</span> <span class='ocrx_word' id='word_1_107' title='bbox 930 595 1044 637; x_wconf 87' lang='grc'>-,49)</span> <span class='ocrx_word' id='word_1_108' title='bbox 1072 593 1117 628; x_wconf 90' lang='lat' dir='ltr'>de</span> <span class='ocrx_word' id='word_1_109' title='bbox 1143 592 1299 627; x_wconf 88' lang='lat' dir='ltr'>ostentis</span> <span class='ocrx_word' id='word_1_110' title='bbox 1325 594 1418 645; x_wconf 90' lang='lat' dir='ltr'>(cap</span> <span class='ocrx_word' id='word_1_111' title='bbox 1446 597 1584 628; x_wconf 88' lang='grc'>22-32</span> 
     </span>
     <span class='ocr_line' id='line_1_14' title="bbox 243 639 1584 686; baseline 0 -11"><span class='ocrx_word' id='word_1_112' title='bbox 243 644 262 681; x_wconf 63' lang='grc' dir='ltr'>ξ</span> <span class='ocrx_word' id='word_1_113' title='bbox 287 644 377 675; x_wconf 72' lang='lat'>49-—</span> <span class='ocrx_word' id='word_1_114' title='bbox 338 642 450 683; x_wconf 46' lang='grc' dir='ltr'>φ-69).</span> <span class='ocrx_word' id='word_1_115' title='bbox 502 639 644 674; x_wconf 87' lang='lat' dir='ltr'>Deinde</span> <span class='ocrx_word' id='word_1_116' title='bbox 678 640 877 682; x_wconf 86' lang='lat' dir='ltr'>monstrat,</span> <span class='ocrx_word' id='word_1_117' title='bbox 914 650 1024 683; x_wconf 90' lang='lat' dir='ltr'>quam</span> <span class='ocrx_word' id='word_1_118' title='bbox 1056 650 1154 674; x_wconf 86' lang='lat' dir='ltr'>vana</span> <span class='ocrx_word' id='word_1_119' title='bbox 1184 639 1259 674; x_wconf 89' lang='lat' dir='ltr'>sint</span> <span class='ocrx_word' id='word_1_120' title='bbox 1289 639 1456 685; x_wconf 88' lang='lat' dir='ltr'>auspicia</span> <span class='ocrx_word' id='word_1_121' title='bbox 1490 642 1584 686; x_wconf 84' lang='lat' dir='ltr'>(cap.</span> 
     </span>
     <span class='ocr_line' id='line_1_15' title="bbox 242 686 1587 732; baseline 0.001 -11"><span class='ocrx_word' id='word_1_122' title='bbox 242 691 334 721; x_wconf 89' lang='lat'>33—</span> <span class='ocrx_word' id='word_1_123' title='bbox 338 691 382 721; x_wconf 87' lang='grc'>40</span> <span class='ocrx_word' id='word_1_124' title='bbox 409 691 428 729; x_wconf 67' lang='grc' dir='ltr'>ξ</span> <span class='ocrx_word' id='word_1_125' title='bbox 450 691 538 722; x_wconf 84' lang='grc'>70-</span> <span class='ocrx_word' id='word_1_126' title='bbox 497 689 613 731; x_wconf 88' lang='grc'>-84.)</span> <span class='ocrx_word' id='word_1_127' title='bbox 657 686 749 720; x_wconf 87' lang='lat' dir='ltr'>Tum</span> <span class='ocrx_word' id='word_1_128' title='bbox 776 686 821 720; x_wconf 88' lang='lat' dir='ltr'>de</span> <span class='ocrx_word' id='word_1_129' title='bbox 847 686 1007 720; x_wconf 88' lang='lat' dir='ltr'>sortibus</span> <span class='ocrx_word' id='word_1_130' title='bbox 1034 686 1112 731; x_wconf 88' lang='lat' dir='ltr'>agit</span> <span class='ocrx_word' id='word_1_131' title='bbox 1137 688 1230 732; x_wconf 86' lang='lat' dir='ltr'>(cap.</span> <span class='ocrx_word' id='word_1_132' title='bbox 1259 690 1302 722; x_wconf 87' lang='lat'>41</span> <span class='ocrx_word' id='word_1_133' title='bbox 1330 691 1349 729; x_wconf 65' lang='grc' dir='ltr'>ἓ</span> <span class='ocrx_word' id='word_1_134' title='bbox 1368 690 1458 722; x_wconf 84' lang='grc'>85-</span> <span class='ocrx_word' id='word_1_135' title='bbox 1418 689 1521 730; x_wconf 84' lang='grc'>-87)</span> <span class='ocrx_word' id='word_1_136' title='bbox 1548 688 1587 722; x_wconf 74' lang='lat' dir='ltr'>et</span> 
     </span>
     <span class='ocr_line' id='line_1_16' title="bbox 243 732 1585 778; baseline 0 -10"><span class='ocrx_word' id='word_1_137' title='bbox 243 733 289 768; x_wconf 89' lang='lat' dir='ltr'>de</span> <span class='ocrx_word' id='word_1_138' title='bbox 316 732 586 768; x_wconf 79' lang='lat' dir='ltr'>Chaldaeorum</span> <span class='ocrx_word' id='word_1_139' title='bbox 606 732 923 778; x_wconf 81' lang='lat' dir='ltr'>praedictionibus</span> <span class='ocrx_word' id='word_1_140' title='bbox 944 733 1178 778; x_wconf 86' lang='lat' dir='ltr'>astrologicis</span> <span class='ocrx_word' id='word_1_141' title='bbox 1200 744 1398 777; x_wconf 86' lang='lat' dir='ltr'>earumque</span> <span class='ocrx_word' id='word_1_142' title='bbox 1417 733 1585 768; x_wconf 85' lang='lat' dir='ltr'>vanitate</span> 
     </span>
     <span class='ocr_line' id='line_1_17' title="bbox 243 779 1585 825; baseline 0 -10"><span class='ocrx_word' id='word_1_143' title='bbox 243 782 337 825; x_wconf 88' lang='lat' dir='ltr'>(cap.</span> <span class='ocrx_word' id='word_1_144' title='bbox 365 785 456 815; x_wconf 89' lang='grc'>42-</span> <span class='ocrx_word' id='word_1_145' title='bbox 461 785 505 815; x_wconf 85' lang='grc'>47</span> <span class='ocrx_word' id='word_1_146' title='bbox 532 785 551 823; x_wconf 66' lang='grc' dir='ltr'>ξ</span> <span class='ocrx_word' id='word_1_147' title='bbox 572 784 662 815; x_wconf 86' lang='lat'>87——</span> <span class='ocrx_word' id='word_1_148' title='bbox 621 782 736 825; x_wconf 88' lang='lat'>99).</span> <span class='ocrx_word' id='word_1_149' title='bbox 784 779 883 821; x_wconf 81' lang='lat' dir='ltr'>Quae</span> <span class='ocrx_word' id='word_1_150' title='bbox 908 779 1053 824; x_wconf 87' lang='lat' dir='ltr'>reliqua</span> <span class='ocrx_word' id='word_1_151' title='bbox 1078 781 1164 815; x_wconf 88' lang='lat' dir='ltr'>sunt</span> <span class='ocrx_word' id='word_1_152' title='bbox 1189 780 1261 815; x_wconf 90' lang='lat' dir='ltr'>duo</span> <span class='ocrx_word' id='word_1_153' title='bbox 1286 780 1466 815; x_wconf 86' lang='lat' dir='ltr'>naturalis</span> <span class='ocrx_word' id='word_1_154' title='bbox 1493 780 1585 815; x_wconf 86' lang='lat' dir='ltr'>divi-</span> 
     </span>
     <span class='ocr_line' id='line_1_18' title="bbox 241 826 1585 872; baseline 0.001 -10"><span class='ocrx_word' id='word_1_155' title='bbox 241 827 405 862; x_wconf 87' lang='lat' dir='ltr'>nationis</span> <span class='ocrx_word' id='word_1_156' title='bbox 438 838 576 872; x_wconf 87' lang='lat' dir='ltr'>genera</span> <span class='ocrx_word' id='word_1_157' title='bbox 607 829 699 872; x_wconf 87' lang='lat' dir='ltr'>(cap.</span> <span class='ocrx_word' id='word_1_158' title='bbox 727 831 771 861; x_wconf 85' lang='grc'>48</span> <span class='ocrx_word' id='word_1_159' title='bbox 797 831 817 869; x_wconf 66' lang='grc' dir='ltr'>ξ</span> <span class='ocrx_word' id='word_1_160' title='bbox 845 829 941 871; x_wconf 88' lang='grc'>100),</span> <span class='ocrx_word' id='word_1_161' title='bbox 976 827 1135 862; x_wconf 86' lang='lat' dir='ltr'>alterum</span> <span class='ocrx_word' id='word_1_162' title='bbox 1166 826 1431 871; x_wconf 83' lang='lat' dir='ltr'>praedictionis</span> <span class='ocrx_word' id='word_1_163' title='bbox 1463 826 1585 863; x_wconf 87' lang='lat' dir='ltr'>furore</span> 
     </span>
     <span class='ocr_line' id='line_1_19' title="bbox 243 873 1586 919; baseline 0.001 -11"><span class='ocrx_word' id='word_1_164' title='bbox 243 874 404 918; x_wconf 89' lang='lat' dir='ltr'>quodam</span> <span class='ocrx_word' id='word_1_165' title='bbox 436 875 563 916; x_wconf 90' lang='lat' dir='ltr'>natae,</span> <span class='ocrx_word' id='word_1_166' title='bbox 603 885 675 918; x_wconf 87' lang='lat' dir='ltr'>quo</span> <span class='ocrx_word' id='word_1_167' title='bbox 707 873 820 908; x_wconf 88' lang='lat' dir='ltr'>etiam</span> <span class='ocrx_word' id='word_1_168' title='bbox 852 873 1029 908; x_wconf 88' lang='lat' dir='ltr'>librorum</span> <span class='ocrx_word' id='word_1_169' title='bbox 1062 873 1326 918; x_wconf 84' lang='lat' dir='ltr'>Sibyllinorum</span> <span class='ocrx_word' id='word_1_170' title='bbox 1357 874 1586 919; x_wconf 87' lang='lat' dir='ltr'>aliorumque</span> 
     </span>
     <span class='ocr_line' id='line_1_20' title="bbox 243 920 1584 965; baseline 0.001 -10"><span class='ocrx_word' id='word_1_171' title='bbox 243 922 476 956; x_wconf 85' lang='lat' dir='ltr'>oraculorum</span> <span class='ocrx_word' id='word_1_172' title='bbox 503 922 620 956; x_wconf 87' lang='lat' dir='ltr'>sortes</span> <span class='ocrx_word' id='word_1_173' title='bbox 647 921 685 955; x_wconf 89' lang='lat' dir='ltr'>et</span> <span class='ocrx_word' id='word_1_174' title='bbox 710 920 892 954; x_wconf 85' lang='lat' dir='ltr'>vaticinia</span> <span class='ocrx_word' id='word_1_175' title='bbox 916 920 1030 955; x_wconf 84' lang='lat' dir='ltr'>refert</span> <span class='ocrx_word' id='word_1_176' title='bbox 1054 924 1146 965; x_wconf 86' lang='lat' dir='ltr'>(cap.</span> <span class='ocrx_word' id='word_1_177' title='bbox 1168 925 1306 956; x_wconf 81' lang='lat'>49—57</span> <span class='ocrx_word' id='word_1_178' title='bbox 1333 924 1353 963; x_wconf 63' lang='grc' dir='ltr'>ξ</span> <span class='ocrx_word' id='word_1_179' title='bbox 1375 923 1584 965; x_wconf 91' lang='grc'>101-118),</span> 
     </span>
     <span class='ocr_line' id='line_1_21' title="bbox 243 966 1586 1013; baseline 0 -11"><span class='ocrx_word' id='word_1_180' title='bbox 243 967 469 1002; x_wconf 88' lang='lat' dir='ltr'>somniorum</span> <span class='ocrx_word' id='word_1_181' title='bbox 489 968 647 1002; x_wconf 85' lang='lat' dir='ltr'>alterum</span> <span class='ocrx_word' id='word_1_182' title='bbox 666 969 760 1013; x_wconf 88' lang='lat' dir='ltr'>(cap.</span> <span class='ocrx_word' id='word_1_183' title='bbox 777 971 912 1002; x_wconf 85' lang='lat'>58-71</span> <span class='ocrx_word' id='word_1_184' title='bbox 936 971 955 1009; x_wconf 65' lang='grc' dir='ltr'>ξ</span> <span class='ocrx_word' id='word_1_185' title='bbox 978 970 1177 1012; x_wconf 89' lang='grc'>119-142)</span> <span class='ocrx_word' id='word_1_186' title='bbox 1198 966 1361 1012; x_wconf 87' lang='lat' dir='ltr'>attingit.</span> <span class='ocrx_word' id='word_1_187' title='bbox 1400 968 1443 1002; x_wconf 89' lang='lat' dir='ltr'>In</span> <span class='ocrx_word' id='word_1_188' title='bbox 1462 966 1586 1013; x_wconf 89' lang='lat' dir='ltr'>dispu-</span> 
     </span>
     <span class='ocr_line' id='line_1_22' title="bbox 241 1013 1587 1059; baseline 0 -10"><span class='ocrx_word' id='word_1_189' title='bbox 241 1014 396 1049; x_wconf 85' lang='lat' dir='ltr'>tationis</span> <span class='ocrx_word' id='word_1_190' title='bbox 424 1014 661 1050; x_wconf 85' lang='lat' dir='ltr'>conclusione</span> <span class='ocrx_word' id='word_1_191' title='bbox 687 1014 909 1059; x_wconf 80' lang='lat' dir='ltr'>religionem</span> <span class='ocrx_word' id='word_1_192' title='bbox 934 1014 1121 1059; x_wconf 70' lang='lat' dir='ltr'>tuendam,</span> <span class='ocrx_word' id='word_1_193' title='bbox 1149 1015 1214 1049; x_wconf 89' lang='lat' dir='ltr'>sed</span> <span class='ocrx_word' id='word_1_194' title='bbox 1240 1013 1504 1049; x_wconf 86' lang='lat' dir='ltr'>confutandam</span> <span class='ocrx_word' id='word_1_195' title='bbox 1529 1025 1587 1049; x_wconf 82' lang='lat' dir='ltr'>su-</span> 
     </span>
     <span class='ocr_line' id='line_1_23' title="bbox 241 1061 1474 1106; baseline 0 -10"><span class='ocrx_word' id='word_1_196' title='bbox 241 1062 503 1106; x_wconf 88' lang='lat' dir='ltr'>perstitionem</span> <span class='ocrx_word' id='word_1_197' title='bbox 529 1073 608 1096; x_wconf 89' lang='lat' dir='ltr'>esse</span> <span class='ocrx_word' id='word_1_198' title='bbox 635 1061 799 1106; x_wconf 85' lang='lat' dir='ltr'>graviter</span> <span class='ocrx_word' id='word_1_199' title='bbox 823 1061 1001 1095; x_wconf 85' lang='lat' dir='ltr'>admonet</span> <span class='ocrx_word' id='word_1_200' title='bbox 1026 1062 1120 1106; x_wconf 88' lang='lat' dir='ltr'>(cap.</span> <span class='ocrx_word' id='word_1_201' title='bbox 1148 1065 1191 1096; x_wconf 80' lang='grc'>72</span> <span class='ocrx_word' id='word_1_202' title='bbox 1218 1065 1238 1104; x_wconf 68' lang='grc' dir='ltr'>ἓ</span> <span class='ocrx_word' id='word_1_203' title='bbox 1265 1063 1474 1106; x_wconf 82' lang='lat'>148—150).</span> 
     </span>
    </p>
   </div>
   <div class='ocr_carea' id='block_1_4' title="bbox 774 1157 1055 1163">
    <p class='ocr_par' dir='ltr' id='par_1_4' title="bbox 774 1157 1055 1163">
     <span class='ocr_line' id='line_1_24' title="bbox 774 1157 1055 1163; baseline 0 0"><span class='ocrx_word' id='word_1_204' title='bbox 774 1157 1055 1163; x_wconf 95' lang='lat' dir='ltr'> </span> 
     </span>
    </p>
   </div>
   <div class='ocr_carea' id='block_1_5' title="bbox 242 1225 1590 2338">
    <p class='ocr_par' dir='ltr' id='par_1_5' title="bbox 242 1225 1590 2338">
     <span class='ocr_line' id='line_1_25' title="bbox 332 1225 1588 1281; baseline 0.002 -13"><span class='ocrx_word' id='word_1_205' title='bbox 332 1225 564 1276; x_wconf 81' lang='lat' dir='ltr'>Quaerenti</span> <span class='ocrx_word' id='word_1_206' title='bbox 584 1226 690 1267; x_wconf 89' lang='lat' dir='ltr'>mihi</span> <span class='ocrx_word' id='word_1_207' title='bbox 710 1227 980 1281; x_wconf 89' lang='lat' dir='ltr'>multumque</span> <span class='ocrx_word' id='word_1_208' title='bbox 1000 1228 1043 1267; x_wconf 87' lang='lat' dir='ltr'>et</span> <span class='ocrx_word' id='word_1_209' title='bbox 1064 1226 1135 1267; x_wconf 90' lang='lat' dir='ltr'>diu</span> <span class='ocrx_word' id='word_1_210' title='bbox 1155 1226 1377 1281; x_wconf 77' lang='lat' dir='ltr'>cogitanti,</span> <span class='ocrx_word' id='word_1_211' title='bbox 1403 1241 1588 1281; x_wconf 87' lang='lat' dir='ltr'>quanam</span> 
     </span>
     <span class='ocr_line' id='line_1_26' title="bbox 243 1285 1588 1340; baseline 0 -13"><span class='ocrx_word' id='word_1_212' title='bbox 243 1300 289 1327; x_wconf 90' lang='lat' dir='ltr'>re</span> <span class='ocrx_word' id='word_1_213' title='bbox 320 1300 494 1340; x_wconf 87' lang='lat' dir='ltr'>possem</span> <span class='ocrx_word' id='word_1_214' title='bbox 525 1285 727 1340; x_wconf 87' lang='lat' dir='ltr'>prodesse</span> <span class='ocrx_word' id='word_1_215' title='bbox 760 1300 889 1339; x_wconf 91' lang='lat' dir='ltr'>quam</span> <span class='ocrx_word' id='word_1_216' title='bbox 921 1285 1138 1339; x_wconf 83' lang='lat' dir='ltr'>plurimis,</span> <span class='ocrx_word' id='word_1_217' title='bbox 1172 1299 1225 1326; x_wconf 87' lang='lat' dir='ltr'>ne</span> <span class='ocrx_word' id='word_1_218' title='bbox 1258 1285 1426 1339; x_wconf 89' lang='lat' dir='ltr'>quando</span> <span class='ocrx_word' id='word_1_219' title='bbox 1459 1286 1588 1327; x_wconf 90' lang='lat' dir='ltr'>inter—</span> 
     </span>
     <span class='ocr_line' id='line_1_27' title="bbox 243 1343 1588 1398; baseline 0.001 -13"><span class='ocrx_word' id='word_1_220' title='bbox 243 1344 461 1386; x_wconf 87' lang='lat' dir='ltr'>mitterem</span> <span class='ocrx_word' id='word_1_221' title='bbox 492 1344 714 1385; x_wconf 85' lang='lat' dir='ltr'>consulere</span> <span class='ocrx_word' id='word_1_222' title='bbox 745 1344 808 1385; x_wconf 89' lang='lat' dir='ltr'>rei</span> <span class='ocrx_word' id='word_1_223' title='bbox 838 1343 1048 1398; x_wconf 89' lang='lat' dir='ltr'>publicae,</span> <span class='ocrx_word' id='word_1_224' title='bbox 1078 1343 1200 1384; x_wconf 88' lang='lat' dir='ltr'>nulla</span> <span class='ocrx_word' id='word_1_225' title='bbox 1231 1344 1368 1384; x_wconf 90' lang='lat' dir='ltr'>maior</span> <span class='ocrx_word' id='word_1_226' title='bbox 1400 1358 1588 1386; x_wconf 86' lang='lat' dir='ltr'>occurre-</span> 
     </span>
     <span class='ocr_line' id='line_1_28' title="bbox 244 1401 1587 1457; baseline 0 -13"><span class='ocrx_word' id='word_1_227' title='bbox 244 1404 339 1457; x_wconf 85' lang='lat' dir='ltr'>bat,</span> <span class='ocrx_word' id='word_1_228' title='bbox 378 1417 507 1457; x_wconf 89' lang='lat' dir='ltr'>quam</span> <span class='ocrx_word' id='word_1_229' title='bbox 545 1402 582 1444; x_wconf 88' lang='lat' dir='ltr'>si</span> <span class='ocrx_word' id='word_1_230' title='bbox 621 1402 883 1457; x_wconf 85' lang='lat' dir='ltr'>optimarum</span> <span class='ocrx_word' id='word_1_231' title='bbox 921 1402 1079 1443; x_wconf 90' lang='lat' dir='ltr'>artium</span> <span class='ocrx_word' id='word_1_232' title='bbox 1110 1401 1203 1443; x_wconf 83' lang='lat' dir='ltr'>vias</span> <span class='ocrx_word' id='word_1_233' title='bbox 1234 1402 1449 1444; x_wconf 85' lang='lat' dir='ltr'>traderem</span> <span class='ocrx_word' id='word_1_234' title='bbox 1481 1403 1587 1444; x_wconf 89' lang='lat' dir='ltr'>meis</span> 
     </span>
     <span class='ocr_line' id='line_1_29' title="bbox 244 1460 1587 1515; baseline 0.001 -12"><span class='ocrx_word' id='word_1_235' title='bbox 244 1461 427 1515; x_wconf 68' lang='lat' dir='ltr'>civibus,</span> <span class='ocrx_word' id='word_1_236' title='bbox 459 1461 573 1515; x_wconf 90' lang='lat' dir='ltr'>quod</span> <span class='ocrx_word' id='word_1_237' title='bbox 605 1461 882 1515; x_wconf 86' lang='lat' dir='ltr'>conpluribus</span> <span class='ocrx_word' id='word_1_238' title='bbox 914 1461 1001 1502; x_wconf 88' lang='lat' dir='ltr'>iam</span> <span class='ocrx_word' id='word_1_239' title='bbox 1031 1460 1155 1502; x_wconf 89' lang='lat' dir='ltr'>libris</span> <span class='ocrx_word' id='word_1_240' title='bbox 1185 1475 1252 1502; x_wconf 90' lang='lat' dir='ltr'>me</span> <span class='ocrx_word' id='word_1_241' title='bbox 1279 1461 1467 1502; x_wconf 89' lang='lat' dir='ltr'>arbitror</span> <span class='ocrx_word' id='word_1_242' title='bbox 1492 1476 1587 1504; x_wconf 86' lang='lat' dir='ltr'>con-</span> 
     </span>
     <span class='ocr_line' id='line_1_30' title="bbox 245 1519 1588 1575; baseline 0.001 -14"><span class='ocrx_word' id='word_1_243' title='bbox 245 1522 449 1562; x_wconf 86' lang='lat' dir='ltr'>secutum.</span> <span class='ocrx_word' id='word_1_244' title='bbox 511 1519 626 1561; x_wconf 90' lang='lat' dir='ltr'>Nam</span> <span class='ocrx_word' id='word_1_245' title='bbox 668 1522 710 1561; x_wconf 89' lang='lat' dir='ltr'>et</span> <span class='ocrx_word' id='word_1_246' title='bbox 752 1519 967 1561; x_wconf 86' lang='lat' dir='ltr'>cohortati</span> <span class='ocrx_word' id='word_1_247' title='bbox 1009 1533 1172 1573; x_wconf 87' lang='lat' dir='ltr'>sumus,</span> <span class='ocrx_word' id='word_1_248' title='bbox 1213 1522 1262 1560; x_wconf 91' lang='lat' dir='ltr'>ut</span> <span class='ocrx_word' id='word_1_249' title='bbox 1298 1519 1482 1561; x_wconf 86' lang='lat' dir='ltr'>maxime</span> <span class='ocrx_word' id='word_1_250' title='bbox 1516 1535 1588 1575; x_wconf 89' lang='lat' dir='ltr'>po-</span> 
     </span>
     <span class='ocr_line' id='line_1_31' title="bbox 244 1578 1589 1633; baseline -0.001 -13"><span class='ocrx_word' id='word_1_251' title='bbox 244 1579 425 1633; x_wconf 89' lang='lat' dir='ltr'>tuimus,</span> <span class='ocrx_word' id='word_1_252' title='bbox 470 1578 524 1620; x_wconf 89' lang='lat' dir='ltr'>ad</span> <span class='ocrx_word' id='word_1_253' title='bbox 566 1578 869 1633; x_wconf 86' lang='lat' dir='ltr'>philosophiae</span> <span class='ocrx_word' id='word_1_254' title='bbox 915 1578 1104 1619; x_wconf 89' lang='lat' dir='ltr'>studium</span> <span class='ocrx_word' id='word_1_255' title='bbox 1148 1592 1197 1619; x_wconf 92' lang='lat' dir='ltr'>eo</span> <span class='ocrx_word' id='word_1_256' title='bbox 1238 1578 1369 1632; x_wconf 90' lang='lat' dir='ltr'>libro,</span> <span class='ocrx_word' id='word_1_257' title='bbox 1414 1579 1486 1633; x_wconf 91' lang='lat' dir='ltr'>qui</span> <span class='ocrx_word' id='word_1_258' title='bbox 1523 1581 1589 1620; x_wconf 90' lang='lat' dir='ltr'>est</span> 
     </span>
     <span class='ocr_line' id='line_1_32' title="bbox 242 1637 1589 1693; baseline 0 -14"><span class='ocrx_word' id='word_1_259' title='bbox 242 1638 475 1692; x_wconf 88' lang='lat' dir='ltr'>inscriptus</span> <span class='ocrx_word' id='word_1_260' title='bbox 514 1637 789 1691; x_wconf 85' lang='lat' dir='ltr'>Hortensius,</span> <span class='ocrx_word' id='word_1_261' title='bbox 828 1639 887 1691; x_wconf 91' lang='lat' dir='ltr'>et,</span> <span class='ocrx_word' id='word_1_262' title='bbox 929 1637 1043 1692; x_wconf 90' lang='lat' dir='ltr'>quod</span> <span class='ocrx_word' id='word_1_263' title='bbox 1081 1650 1214 1693; x_wconf 88' lang='lat' dir='ltr'>genus</span> <span class='ocrx_word' id='word_1_264' title='bbox 1253 1637 1589 1693; x_wconf 82' lang='lat' dir='ltr'>philosophandi</span> 
     </span>
     <span class='ocr_line' id='line_1_33' title="bbox 243 1696 1587 1752; baseline 0.001 -15"><span class='ocrx_word' id='word_1_265' title='bbox 243 1696 418 1737; x_wconf 87' lang='lat' dir='ltr'>minime</span> <span class='ocrx_word' id='word_1_266' title='bbox 458 1696 674 1752; x_wconf 84' lang='lat' dir='ltr'>adrogans</span> <span class='ocrx_word' id='word_1_267' title='bbox 713 1696 981 1750; x_wconf 83' lang='lat' dir='ltr'>maximeque</span> <span class='ocrx_word' id='word_1_268' title='bbox 1019 1698 1062 1737; x_wconf 92' lang='lat' dir='ltr'>et</span> <span class='ocrx_word' id='word_1_269' title='bbox 1099 1697 1301 1738; x_wconf 88' lang='lat' dir='ltr'>constans</span> <span class='ocrx_word' id='word_1_270' title='bbox 1339 1698 1382 1737; x_wconf 87' lang='lat' dir='ltr'>et</span> <span class='ocrx_word' id='word_1_271' title='bbox 1413 1697 1587 1752; x_wconf 81' lang='lat' dir='ltr'>elegans</span> 
     </span>
     <span class='ocr_line' id='line_1_34' title="bbox 245 1754 1586 1809; baseline 0 -13"><span class='ocrx_word' id='word_1_272' title='bbox 245 1755 574 1809; x_wconf 85' lang='lat' dir='ltr'>arbitraremur,</span> <span class='ocrx_word' id='word_1_273' title='bbox 613 1757 818 1809; x_wconf 88' lang='lat' dir='ltr'>quattuor</span> <span class='ocrx_word' id='word_1_274' title='bbox 851 1754 1119 1796; x_wconf 87' lang='lat' dir='ltr'>Academicis</span> <span class='ocrx_word' id='word_1_275' title='bbox 1154 1754 1278 1796; x_wconf 88' lang='lat' dir='ltr'>libris</span> <span class='ocrx_word' id='word_1_276' title='bbox 1310 1755 1586 1796; x_wconf 87' lang='lat' dir='ltr'>ostendimus.</span> 
     </span>
     <span class='ocr_line' id='line_1_35' title="bbox 247 1813 1587 1869; baseline 0 -14"><span class='ocrx_word' id='word_1_277' title='bbox 247 1813 438 1868; x_wconf 83' lang='lat' dir='ltr'>Cumque</span> <span class='ocrx_word' id='word_1_278' title='bbox 478 1813 807 1855; x_wconf 85' lang='lat' dir='ltr'>fundamentum</span> <span class='ocrx_word' id='word_1_279' title='bbox 845 1816 960 1855; x_wconf 87' lang='lat' dir='ltr'>esset</span> <span class='ocrx_word' id='word_1_280' title='bbox 989 1813 1291 1869; x_wconf 85' lang='lat' dir='ltr'>philosophiae</span> <span class='ocrx_word' id='word_1_281' title='bbox 1322 1813 1513 1868; x_wconf 87' lang='lat' dir='ltr'>positum</span> <span class='ocrx_word' id='word_1_282' title='bbox 1543 1814 1587 1855; x_wconf 90' lang='lat' dir='ltr'>in</span> 
     </span>
     <span class='ocr_line' id='line_1_36' title="bbox 244 1872 1587 1927; baseline 0.001 -14"><span class='ocrx_word' id='word_1_283' title='bbox 244 1872 401 1913; x_wconf 88' lang='lat' dir='ltr'>finibus</span> <span class='ocrx_word' id='word_1_284' title='bbox 434 1872 646 1914; x_wconf 90' lang='lat' dir='ltr'>bonorum</span> <span class='ocrx_word' id='word_1_285' title='bbox 675 1874 718 1914; x_wconf 87' lang='lat' dir='ltr'>et</span> <span class='ocrx_word' id='word_1_286' title='bbox 744 1872 968 1927; x_wconf 87' lang='lat' dir='ltr'>malorum,</span> <span class='ocrx_word' id='word_1_287' title='bbox 1000 1874 1287 1927; x_wconf 82' lang='lat' dir='ltr'>perpurgatus</span> <span class='ocrx_word' id='word_1_288' title='bbox 1315 1875 1381 1913; x_wconf 90' lang='lat' dir='ltr'>est</span> <span class='ocrx_word' id='word_1_289' title='bbox 1405 1872 1442 1913; x_wconf 91' lang='lat' dir='ltr'>is</span> <span class='ocrx_word' id='word_1_290' title='bbox 1468 1873 1587 1914; x_wconf 85' lang='lat' dir='ltr'>locus</span> 
     </span>
     <span class='ocr_line' id='line_1_37' title="bbox 245 1930 1588 1986; baseline -0.001 -13"><span class='ocrx_word' id='word_1_291' title='bbox 245 1947 271 1973; x_wconf 86' lang='lat' dir='ltr'>a</span> <span class='ocrx_word' id='word_1_292' title='bbox 306 1931 432 1972; x_wconf 87' lang='lat' dir='ltr'>nobis</span> <span class='ocrx_word' id='word_1_293' title='bbox 471 1931 658 1986; x_wconf 87' lang='lat' dir='ltr'>quinque</span> <span class='ocrx_word' id='word_1_294' title='bbox 696 1931 838 1985; x_wconf 87' lang='lat' dir='ltr'>libris,</span> <span class='ocrx_word' id='word_1_295' title='bbox 878 1934 944 1985; x_wconf 86' lang='lat' dir='ltr'>ut,</span> <span class='ocrx_word' id='word_1_296' title='bbox 983 1930 1085 1985; x_wconf 90' lang='lat' dir='ltr'>quid</span> <span class='ocrx_word' id='word_1_297' title='bbox 1122 1945 1147 1972; x_wconf 89' lang='lat' dir='ltr'>a</span> <span class='ocrx_word' id='word_1_298' title='bbox 1185 1944 1370 1985; x_wconf 87' lang='lat' dir='ltr'>quoque,</span> <span class='ocrx_word' id='word_1_299' title='bbox 1412 1933 1455 1972; x_wconf 93' lang='lat' dir='ltr'>et</span> <span class='ocrx_word' id='word_1_300' title='bbox 1488 1931 1588 1986; x_wconf 89' lang='lat' dir='ltr'>quid</span> 
     </span>
     <span class='ocr_line' id='line_1_38' title="bbox 245 1989 1588 2045; baseline 0.001 -14"><span class='ocrx_word' id='word_1_301' title='bbox 245 1992 396 2031; x_wconf 85' lang='lat' dir='ltr'>contra</span> <span class='ocrx_word' id='word_1_302' title='bbox 429 2004 638 2044; x_wconf 86' lang='lat' dir='ltr'>quemque</span> <span class='ocrx_word' id='word_1_303' title='bbox 670 1989 979 2045; x_wconf 89' lang='lat' dir='ltr'>philosophum</span> <span class='ocrx_word' id='word_1_304' title='bbox 1011 1989 1233 2043; x_wconf 88' lang='lat' dir='ltr'>diceretur,</span> <span class='ocrx_word' id='word_1_305' title='bbox 1265 1989 1462 2045; x_wconf 87' lang='lat' dir='ltr'>intellegi</span> <span class='ocrx_word' id='word_1_306' title='bbox 1492 2004 1588 2044; x_wconf 87' lang='lat' dir='ltr'>pos-</span> 
     </span>
     <span class='ocr_line' id='line_1_39' title="bbox 245 2025 1589 2114; baseline 0 -24"><span class='ocrx_word' id='word_1_307' title='bbox 245 2051 322 2090; x_wconf 83' lang='lat' dir='ltr'>set.</span> <span class='ocrx_word' id='word_1_308' title='bbox 367 2048 565 2090; x_wconf 86' lang='lat' dir='ltr'>Totidem</span> <span class='ocrx_word' id='word_1_309' title='bbox 598 2049 815 2091; x_wconf 88' lang='lat' dir='ltr'>subsecuti</span> <span class='ocrx_word' id='word_1_310' title='bbox 841 2049 943 2090; x_wconf 89' lang='lat' dir='ltr'>libri</span> <span class='ocrx_word' id='word_1_311' title='bbox 968 2048 1308 2090; x_wconf 87' lang='lat' dir='ltr'>Tusculanarum</span> <span class='ocrx_word' id='word_1_312' title='bbox 1334 2025 1589 2114; x_wconf 54' lang='lat' dir='ltr'>dispoutatio-</span> 
     </span>
     <span class='ocr_line' id='line_1_40' title="bbox 243 2107 1588 2162; baseline 0.001 -14"><span class='ocrx_word' id='word_1_313' title='bbox 243 2121 348 2149; x_wconf 87' lang='lat' dir='ltr'>num</span> <span class='ocrx_word' id='word_1_314' title='bbox 379 2121 447 2148; x_wconf 90' lang='lat' dir='ltr'>res</span> <span class='ocrx_word' id='word_1_315' title='bbox 480 2107 533 2148; x_wconf 87' lang='lat' dir='ltr'>ad</span> <span class='ocrx_word' id='word_1_316' title='bbox 564 2107 690 2149; x_wconf 89' lang='lat' dir='ltr'>beate</span> <span class='ocrx_word' id='word_1_317' title='bbox 721 2107 949 2149; x_wconf 88' lang='lat' dir='ltr'>vivendum</span> <span class='ocrx_word' id='word_1_318' title='bbox 981 2107 1165 2148; x_wconf 82' lang='lat' dir='ltr'>maxime</span> <span class='ocrx_word' id='word_1_319' title='bbox 1195 2107 1460 2149; x_wconf 87' lang='lat' dir='ltr'>necessarias</span> <span class='ocrx_word' id='word_1_320' title='bbox 1493 2122 1588 2162; x_wconf 88' lang='lat' dir='ltr'>ape-</span> 
     </span>
     <span class='ocr_line' id='line_1_41' title="bbox 244 2161 1588 2221; baseline 0 -14"><span class='ocrx_word' id='word_1_321' title='bbox 244 2168 434 2207; x_wconf 87' lang='lat' dir='ltr'>ruerunt.</span> <span class='ocrx_word' id='word_1_322' title='bbox 495 2161 666 2207; x_wconf 81' lang='lat' dir='ltr'>Primus</span> <span class='ocrx_word' id='word_1_323' title='bbox 718 2166 831 2207; x_wconf 90' lang='lat' dir='ltr'>enim</span> <span class='ocrx_word' id='word_1_324' title='bbox 881 2168 947 2207; x_wconf 89' lang='lat' dir='ltr'>est</span> <span class='ocrx_word' id='word_1_325' title='bbox 991 2165 1041 2207; x_wconf 91' lang='lat' dir='ltr'>de</span> <span class='ocrx_word' id='word_1_326' title='bbox 1085 2166 1395 2207; x_wconf 86' lang='lat' dir='ltr'>contemnenda</span> <span class='ocrx_word' id='word_1_327' title='bbox 1438 2169 1588 2221; x_wconf 88' lang='lat' dir='ltr'>m01te,</span> 
     </span>
     <span class='ocr_line' id='line_1_42' title="bbox 246 2224 1590 2280; baseline 0.001 -15"><span class='ocrx_word' id='word_1_328' title='bbox 246 2224 453 2266; x_wconf 88' lang='lat' dir='ltr'>secundus</span> <span class='ocrx_word' id='word_1_329' title='bbox 486 2224 536 2266; x_wconf 89' lang='lat' dir='ltr'>de</span> <span class='ocrx_word' id='word_1_330' title='bbox 568 2225 793 2266; x_wconf 88' lang='lat' dir='ltr'>tolerando</span> <span class='ocrx_word' id='word_1_331' title='bbox 826 2224 984 2279; x_wconf 86' lang='lat' dir='ltr'>dolor,e</span> <span class='ocrx_word' id='word_1_332' title='bbox 1016 2224 1066 2265; x_wconf 88' lang='lat' dir='ltr'>de</span> <span class='ocrx_word' id='word_1_333' title='bbox 1099 2224 1366 2280; x_wconf 86' lang='lat' dir='ltr'>aegritudine</span> <span class='ocrx_word' id='word_1_334' title='bbox 1392 2224 1590 2266; x_wconf 85' lang='lat' dir='ltr'>lenienda</span> 
     </span>
     <span class='ocr_line' id='line_1_43' title="bbox 244 2261 1588 2338; baseline 0 -14"><span class='ocrx_word' id='word_1_335' title='bbox 244 2284 418 2338; x_wconf 85' lang='lat' dir='ltr'>tertius,</span> <span class='ocrx_word' id='word_1_336' title='bbox 463 2286 641 2338; x_wconf 88' lang='lat' dir='ltr'>quartus</span> <span class='ocrx_word' id='word_1_337' title='bbox 687 2284 737 2325; x_wconf 90' lang='lat' dir='ltr'>de</span> <span class='ocrx_word' id='word_1_338' title='bbox 780 2283 957 2338; x_wconf 86' lang='lat' dir='ltr'>reliquis</span> <span class='ocrx_word' id='word_1_339' title='bbox 1002 2283 1135 2325; x_wconf 85' lang='lat' dir='ltr'>animi</span> <span class='ocrx_word' id='word_1_340' title='bbox 1151 2261 1588 2338; x_wconf 54' lang='lat' dir='ltr'>operturbationibus‚</span> 
     </span>
    </p>
   </div>
   <div class='ocr_carea' id='block_1_6' title="bbox 1608 1766 1642 1793">
    <p class='ocr_par' dir='ltr' id='par_1_6' title="bbox 1608 1766 1642 1793">
     <span class='ocr_line' id='line_1_44' title="bbox 1608 1766 1642 1793; baseline 0.059 -2"><span class='ocrx_word' id='word_1_341' title='bbox 1608 1766 1642 1793; x_wconf 77' lang='lat'>10</span> 
     </span>
    </p>
   </div>
   <div class='ocr_carea' id='block_1_7' title="bbox 1609 2059 1640 2086">
    <p class='ocr_par' dir='ltr' id='par_1_7' title="bbox 1609 2059 1640 2086">
     <span class='ocr_line' id='line_1_45' title="bbox 1609 2059 1640 2086; baseline 0.032 -1"><span class='ocrx_word' id='word_1_342' title='bbox 1609 2059 1640 2086; x_wconf 84' lang='lat'>15</span> 
     </span>
    </p>
   </div>
  </div>
 </body>
</html>
