1685 2568
379 93 467 127 LIB.
494 93 539 128 11.
563 92 673 132 CAP.
702 97 850 128 12-14.
881 97 900 135 ξ
926 96 1076 128 32—38.
1339 93 1395 135 59

62 188 234 230 cohibet
275 190 318 230 et
350 189 550 236 continet.
612 188 818 237 Quocirca
847 202 1020 230 necesse
1053 190 1118 230 est
1150 202 1242 229 esse
1275 203 1397 243 quar-

62 249 154 288 tum
185 247 308 288 illum
341 250 384 289 et
415 247 674 289 altissimum
707 247 905 302 gradum,
938 261 1021 302 quo
1053 247 1175 288 nulla
1205 247 1270 288 vis
1301 261 1397 301 pos-

62 306 120 346 sit
163 306 370 347 accedere.
385 297 480 354 WGS
524 308 667 347 autem
711 307 777 347 est
820 306 995 361 gradus,
1038 305 1084 346 in
1126 319 1210 359 quo
1253 319 1397 346 rerum
1422 316 1465 345 36

62 363 252 405 omnium
288 367 445 406 natura
481 364 672 419 ponitur3
714 378 820 418 quae
859 366 1059 418 quoniam
1091 363 1193 405 talis
1226 366 1309 417 est,
1349 365 1398 404 ut

62 425 105 464 61
141 423 303 477 praesit
340 422 537 465 omnibus
576 424 619 463 et
650 436 744 464 eam
775 423 896 464 nulla
926 436 994 464 res
1025 422 1165 477 possit
1194 421 1397 477 inpedire,

60 495 231 523 necesse
275 484 341 523 est
386 481 711 536 intellegentem
756 496 847 522 esse
891 481 1093 522 mundum
1139 483 1182 522 et
1226 480 1397 535 quidem

61 540 191 581 etiam
223 540 472 595 sapientem.
523 539 633 588 Quid
665 542 809 582 autem
836 542 901 582 681
926 540 1121 582 inscitius
1147 554 1276 594 quam
1303 553 1397 580 eam

60 601 273 652 naturam,
306 613 413 652 quae
446 599 584 640 omnis
617 612 684 640 res
718 599 775 640 sit
807 599 1024 654 conplexa,
1055 613 1142 640 non
1174 601 1394 653 optumam

62 657 162 711 dici,
207 659 298 711 aut,
336 671 432 698 cum
470 657 528 698 sit
559 659 753 712 optuma,
795 672 883 700 non
912 657 1100 712 primum
1132 657 1397 699 animantem

61 730 170 769 esse,
209 715 358 757 deinde
395 715 575 757 rationis
609 718 652 757 et
684 716 852 758 consilii
883 718 1144 771 compotem,
1175 717 1396 771 postremo

60 774 327 829 sapientem?
396 773 476 822 Qui
527 775 640 816 enim
689 777 834 830 potest
883 775 1010 817 aliter
1053 789 1144 816 6886
1189 774 1395 829 optuma?

58 832 207 888 Neque
239 833 364 887 enim,
397 833 433 874 si
465 833 667 888 stirpium
699 833 852 875 similis
886 834 942 875 sit
974 836 1049 875 aut
1080 833 1212 875 etiam
1240 833 1396 874 bestia-

58 906 174 946 rum,
224 894 402 946 optuma
444 892 636 947 putanda
679 892 736 934 811
777 893 922 948 potius
968 907 1096 947 quam
1140 892 1395 945 deterruma,

57 965 135 992 nec
174 965 293 1005 vero,
339 951 374 991 si
411 951 593 992 rationis
631 951 846 1006 particeps
885 952 942 993 sit
978 966 1055 993 nec
1093 951 1150 992 sit
1186 953 1334 992 tamen
1370 965 1396 992 a

25 1020 36 1025 ·
57 1009 267 1064 principio
300 1009 482 1064 sapiens,
511 1024 599 1051 non
630 1010 687 1051 sit
713 1010 898 1052 deterior
924 1010 1071 1051 mundi
1095 1009 1240 1065 potius
1267 1024 1394 1064 quam

57 1068 247 1109 humana
295 1068 504 1123 condicio3
529 1068 682 1110 ·homo
733 1069 845 1110 enim
889 1069 1059 1123 sapiens
1103 1068 1196 1110 fieri
1238 1070 1395 1123 potest,

58 1127 241 1169 mundus
279 1129 424 1168 autem
455 1127 493 1168 si
523 1127 568 1168 in
600 1130 772 1169 aeterno
805 1127 1030 1182 praeteriti
1061 1127 1269 1181 temporis
1301 1141 1395 1181 spa-

57 1186 119 1227 tio
151 1185 235 1226 fuit
265 1185 489 1239 insipiens,
519 1200 754 1240 numquam
785 1185 978 1240 profecto
1011 1185 1269 1240 sapientiam
1300 1199 1395 1227 con-

59 1246 279 1298 sequetur3
321 1244 384 1285 ita
427 1244 509 1285 erit
551 1244 723 1286 homine
767 1245 964 1289 deterior.
1032 1243 1155 1293 Quod
1192 1244 1396 1299 quoniam

59 1302 290 1344 absurdum
323 1305 400 1354 est,
431 1305 474 1344 et
507 1303 677 1359 sapiens
709 1318 735 1345 a
765 1303 976 1359 principio
1009 1303 1192 1345 mundus
1224 1305 1268 1344 et
1293 1303 1395 1344 deus

57 1361 277 1403 habendus
309 1363 387 1403 est.
441 1360 592 1416 Neque
623 1362 737 1404 enim
769 1364 835 1404 est
867 1362 1094 1417 quicquam
1127 1361 1244 1404 aliud
1274 1376 1395 1417 prae·
1421 1371 1463 1402 37

57 1423 124 1462 ter
155 1420 371 1474 mundum,
404 1421 471 1462 6111
500 1421 610 1462 nihil
643 1421 769 1475 absit,
802 1421 999 1476 quodque
1029 1421 1215 1476 undique
1245 1422 1395 1476 aptum

58 1481 186 1534 atque
217 1479 455 1534 perfectum
487 1480 787 1534 expletumque
819 1480 876 1521 sit
908 1480 1106 1522 omnibus
1138 1480 1226 1521 suis
1251 1494 1396 1521 nume-

58 1538 117 1579 ris
160 1540 203 1579 et
245 1539 454 1593 partibus.
528 1537 640 1580 Scite
685 1539 798 1580 enim
841 1537 1128 1594 Chrysippus,
1176 1541 1226 1580 ut
1269 1538 1396 1593 clipei
1413 1534 1466 1575 14

26 1607 36 1612 “
59 1611 188 1639 661186
218 1597 503 1652 involucrum,
543 1597 745 1653 vaginam
778 1600 922 1639 autem
955 1598 1101 1654 gladii,
1133 1597 1193 1639 sic
1223 1600 1396 1653 praeter

58 1656 263 1697 mundum
300 1658 442 1698 cetera
480 1657 624 1698 omnia
661 1657 845 1698 aliorum
882 1671 1010 1698 causa
1048 1671 1140 1698 esse
1179 1658 1395 1712 generata,

57 1717 106 1756 ut
145 1729 216 1756 eas
253 1714 400 1771 fruges
433 1717 561 1770 atque
591 1715 775 1770 fructus,
820 1730 927 1770 quos
959 1718 1076 1757 terra
1108 1715 1267 1771 gignit,
1309 1715 1396 1756 ani-

57 1774 269 1815 mantium
293 1782 433 1828 causa,
466 1774 706 1816 animantes
733 1776 878 1816 autem
902 1774 1137 1829 hominum,
1164 1776 1213 1815 ut
1239 1789 1395 1829 equum

58 1832 239 1874 vehendi
270 1847 415 1887 661186,
454 1833 604 1874 arandi
635 1833 806 1887 bovem,
838 1833 1023 1875 venandi
1055 1836 1098 1875 et
1129 1832 1396 1875 custodiendi

60 1905 218 1932 canem.
272 1890 371 1946 Ipse
403 1894 547 1933 autem
577 1892 708 1934 homo
741 1894 860 1934 ortus
894 1895 960 1934 est
991 1892 1045 1934 ad
1070 1892 1276 1934 mundum
1301 1906 1396 1934 con-
1438 1917 1469 1947 χ

59 1950 354 2004 templandum
385 1953 428 1993 et
458 1951 726 2006 imitandum,
756 1951 877 1993 nullo
909 1951 1036 1994 modo
1062 1951 1290 2007 perfectus,
1323 1950 1397 1992 sed

60 2010 126 2049 681
169 2009 376 2063 quaedam
415 2010 630 2064 particula
669 2009 861 2065 perfecti.
923 2008 1005 2052 Sed
1041 2010 1224 2052 mundus
1266 2024 1396 2064 quon·
1422 2017 1465 2048 38

59 2066 146 2109 iam
184 2067 328 2109 omnia
364 2069 595 2124 conplexus
633 2071 699 2110 est
729 2083 866 2124 neque
898 2071 965 2110 est
997 2069 1241 2124 quicquam,
1283 2068 1397 2123 quod

58 2140 146 2167 non
187 2125 292 2167 insit
333 2125 379 2168 in
421 2141 489 2182 eo,
530 2126 746 2183 perfectus
783 2128 970 2182 undique
1009 2130 1086 2170 est.
1148 2127 1230 2177 Qui·
1261 2127 1397 2183 igitur

59 2186 206 2239 potest
242 2183 280 2225 ei
312 2184 456 2227 deesse
486 2186 547 2240 id,
585 2186 698 2241 quod
729 2188 796 2228 est
827 2187 1068 2241 optimum?
1108 2186 1218 2228 nihil
1251 2189 1396 2227 autem

60 2245 127 2284 est
156 2244 298 2284 mente
330 2245 374 2284 et
403 2244 569 2286 ratione
601 2244 772 2299 melius3
804 2259 907 2301 ergo
933 2245 1039 2288 haec
1065 2245 1222 2287 mundo
1250 2245 1395 2286 deesse

58 2316 144 2343 non
176 2304 370 2358 possunt.
418 2301 535 2344 Bene
565 2303 700 2359 igitur
730 2303 844 2345 idem
864 2303 1143 2359 Chrysippus„
1176 2303 1249 2358 qui
1281 2302 1395 2344 simi·
