1685 2568
185 984 226 1015 15

186 1865 227 1896 16

255 113 339 153 112
667 111 731 146 DE
756 112 957 147 NATURA
981 111 1187 146 DEORUM

248 208 292 250 id
329 211 491 264 potest,
534 207 647 262 quod
682 207 876 249 futurum
914 210 990 249 est.
1053 206 1188 263 Saepe
1226 211 1370 251 autem
1400 225 1454 252 ne
1485 210 1593 252 utile

250 267 421 322 quidem
453 269 520 308 est
552 267 671 321 scire,
705 267 806 321 quid
829 267 1023 308 futurum
1052 267 1126 320 sit3
1157 266 1361 309 miserum
1388 271 1453 310 est
1479 270 1592 311 enim

247 326 359 368 nihil
402 326 697 381 proficientem
741 326 844 381 angi
885 340 962 367 nec
1005 326 1164 367 habere
1201 340 1254 367 ne
1293 327 1384 381 spei
1422 328 1592 382 quidem

250 388 489 427 extremum
510 387 552 425 et
572 386 718 425 tamen
737 399 960 426 commune
982 384 1200 438 solacium,
1220 386 1476 439 praesertim
1497 402 1593 428 cum

248 458 325 485 vos
357 443 487 484 iidem
512 442 604 483 fato
629 443 724 483 fieri
750 443 901 484 dicatis
929 443 1083 498 omnia,
1116 443 1229 497 quod
1255 446 1399 485 autem
1426 459 1594 500 semper

250 517 300 544 ex
327 501 445 543 omni
472 501 728 542 aeternitate
753 516 902 543 verum
927 501 1070 556 fuerit,
1101 502 1145 542 id
1171 516 1263 544 esse
1288 502 1438 544 fatum.
1484 503 1593 552 Quid

249 561 383 616 igitur
414 560 535 602 iuvat
567 562 642 601 aut
668 560 769 615 quid
796 560 936 602 adfert
963 561 1015 602 ad
1041 561 1277 603 cavendum
1304 561 1411 603 scire
1431 562 1595 617 aliquid

249 620 456 673 futurum,
488 634 583 660 cum
615 618 660 659 id
690 621 804 661 certe
834 619 1029 660 futurum
1062 619 1147 661 sit?
1197 619 1320 661 Unde
1352 635 1482 675 porro
1509 622 1595 663 ista

252 678 488 720 divinatio?
551 677 654 726 Quis
687 678 852 719 invenit
882 678 1032 719 fissum
1063 678 1244 720 iecoris?
1286 679 1380 734 quis
1413 680 1593 722 cornicis

251 739 426 780 cantum
463 737 649 790 notavit,
693 737 788 791 quis
830 737 988 778 sortis?
1034 738 1189 792 quibus
1222 752 1301 793 ego
1335 739 1477 793 credo,
1517 754 1594 781 nec

250 810 428 851 possum
454 795 551 836 Atti
578 794 720 849 Navii,
753 810 877 850 quem
904 797 1284 851 commemorabas,
1317 797 1472 838 lituum
1499 813 1595 840 con-

251 858 454 896 temnere.
517 853 599 895 Sed
638 854 710 909 qui
748 854 834 895 ista
865 854 1088 896 intellecta
1120 855 1224 909 sint,
1267 871 1291 896 a
1322 856 1595 911 philosophis

254 914 386 955 debeo
439 913 616 968 discere,
666 913 922 968 praesertim
974 928 1069 955 cum
1118 914 1317 968 plurimis
1367 915 1418 956 de
1467 916 1595 957 rebus

254 973 386 1014 divini
424 973 498 1014 isti
537 972 812 1013 mentiantur.
873 973 935 1013 At
973 973 1124 1014 medici
1163 987 1330 1027 quoque
1369 972 1451 1029 (ita
1482 975 1596 1016 enim

253 1029 442 1085 dicebas)
476 1045 603 1086 saepe
634 1031 857 1072 falluntur.
908 1030 1018 1080 Quid
1050 1032 1189 1073 simile
1222 1031 1442 1087 medicina,
1475 1033 1593 1075 cuius

253 1105 332 1147 ego
371 1090 585 1132 rationem
616 1090 757 1143 video,
797 1093 839 1131 et
872 1090 1097 1145 divinatio,
1136 1105 1243 1145 quae
1275 1091 1387 1132 unde
1420 1092 1596 1146 oriatur,

252 1164 339 1191 non
370 1149 609 1204 intellego?
665 1149 729 1190 Tu
762 1152 905 1190 autem
938 1150 1068 1191 etiam
1100 1149 1329 1191 Deciorum
1363 1150 1596 1192 devotioni-

251 1209 332 1250 bus
363 1209 558 1263 placatos
591 1208 692 1249 deos
719 1222 811 1249 esse
838 1223 996 1250 censes.
1047 1207 1164 1257 Quae
1189 1208 1272 1249 fuit
1299 1223 1445 1250 eorum
1471 1213 1596 1251 tanta

251 1267 470 1322 iniquitas,
502 1270 550 1308 ut
581 1267 744 1321 placari
770 1267 929 1322 populo
957 1267 1152 1308 Romano
1178 1282 1266 1309 non
1290 1271 1479 1323 possent,
1510 1269 1595 1310 nisi

252 1326 334 1368 viri
367 1326 476 1367 tales
510 1326 794 1367 occidissent?
858 1324 1095 1368 Consilium
1128 1326 1236 1367 illud
1268 1326 1594 1382 imperatorium

250 1385 352 1439 fuit,
394 1384 507 1439 quod
545 1383 697 1426 Graeci
736 1382 1015 1439 στρατήγημα
1055 1385 1293 1440 appellant,
1336 1386 1410 1427 sed
1449 1401 1596 1428 eorum

252 1444 581 1499 imperatorum,
614 1443 686 1498 qui
718 1443 885 1498 patriae
918 1445 1209 1498 consulerent,
1239 1444 1354 1486 vitae
1384 1459 1471 1486 non
1502 1460 1598 1500 par—

254 1505 416 1557 cerent3
454 1502 662 1543 rebantur
701 1502 813 1543 enim
845 1502 937 1544 fore
968 1505 1018 1544 ut
1049 1503 1259 1544 exercitus
1292 1503 1596 1558 imperatorem

254 1576 362 1616 equo
394 1561 575 1603 incitato
603 1575 647 1602 se
673 1561 717 1602 in
742 1561 913 1603 hostem
940 1562 1230 1603 inmittentem
1256 1565 1597 1618 persequeretur,

252 1621 295 1662 id
329 1621 441 1675 quod
467 1619 620 1661 evenit.
669 1619 784 1661 Nam
803 1619 940 1662 Fauni
966 1635 1113 1662 vocem
1141 1621 1336 1675 equidem
1360 1636 1595 1676 numquam

254 1679 416 1733 audivi3
447 1679 539 1732 tibi,
573 1679 609 1720 si
641 1679 855 1721 audivisse
884 1682 927 1721 te
955 1679 1071 1733 dicis,
1102 1680 1284 1734 credam,
1316 1680 1397 1722 etsi
1422 1680 1594 1723 Faunus

255 1739 428 1780 omnino
463 1738 562 1792 quid
595 1738 652 1779 sit
682 1738 837 1779 nescio.
899 1737 999 1780 Non
1028 1738 1163 1794 igitur
1196 1739 1349 1793 adhuc,
1388 1742 1596 1793 quantum

255 1798 425 1852 quidem
469 1797 514 1838 in
551 1799 593 1838 te
632 1799 714 1851 est,
758 1796 911 1852 Balbe,
948 1798 1155 1853 intellego
1196 1798 1295 1839 deos
1334 1812 1444 1852 esse,
1489 1813 1596 1852 quos

256 1857 453 1910 equidem
497 1855 621 1898 credo
667 1870 777 1910 esse3
821 1857 894 1898 sed
936 1856 1045 1898 nihil
1084 1857 1235 1898 docent
1274 1855 1419 1898 Stoici.
1481 1856 1596 1899 Nam

253 1914 504 1969 Cleanthes,
544 1917 593 1956 ut
636 1914 824 1970 dicebas,
870 1918 1074 1970 quattuor
1117 1915 1253 1957 modis
1297 1916 1508 1958 formatas
1551 1916 1597 1957 in

254 1974 408 2016 animis
446 1974 670 2015 hominum
707 1976 834 2029 putat
872 1975 1048 2016 deorum
1080 1989 1171 2016 esse
1202 1974 1413 2016 notiones.
1474 1974 1596 2017 Unus

253 2033 290 2074 is
322 2033 473 2074 modus
506 2035 583 2087 est,
616 2033 666 2073 de
699 2047 782 2087 quo
817 2033 923 2074 satis
956 2033 1053 2088 dixi,
1086 2033 1159 2087 qui
1191 2036 1257 2074 est
1290 2035 1513 2088 susceptus
1547 2049 1597 2075 ex

253 2091 556 2147 praesensione
588 2106 732 2132 rerum
763 2091 1018 2146 futurarum,
1052 2092 1162 2133 alter
1189 2107 1238 2133 ex
1264 2093 1596 2147 perturbationi-

253 2151 333 2192 bus
365 2152 674 2205 tempestatum
706 2153 749 2191 et
780 2151 956 2205 reliquis
989 2151 1190 2205 motibus,
1224 2151 1377 2192 tertius
1410 2165 1460 2192 ex
1486 2166 1597 2193 com-

253 2209 462 2251 moditate
487 2224 642 2263 rerum,
675 2223 781 2263 quas
808 2210 1079 2265 percipimus,
1112 2212 1154 2251 et
1180 2209 1315 2265 copia,
1343 2213 1520 2264 quartus
1547 2225 1597 2252 ex

254 2271 470 2310 astrorum
503 2268 650 2309 ordine
683 2268 873 2322 caelique
900 2268 1155 2310 constantia.
1205 2268 1269 2310 De
1295 2269 1598 2324 praesensione

253 2327 449 2369 diximus.
499 2326 563 2368 De
588 2327 988 2382 perturbationibus
1016 2327 1274 2369 caelestibus
1301 2330 1344 2369 et
1366 2328 1597 2370 maritimis

1616 753 1648 778 10

1616 1045 1648 1071 15

1615 1341 1650 1365 2ῢ

1616 1634 1650 1660 25

1617 1929 1682 1960 3ο,

1617 2221 1651 2248 35

1679 1972 1685 2044 ε

1679 2065 1685 2140 l

1681 2190 1685 2336 l
