1685 2568
466 106 555 143 LIB.
581 107 644 141 III.
673 106 774 143 CAP.
803 112 949 144 11—14.
975 112 995 151 ἓ
1019 113 1168 144 26—32.
1396 111 1481 151 443

150 217 204 246 ne
234 203 377 246 veniet
408 202 579 258 quidem
609 202 655 244 in
681 217 775 244 eum
802 202 994 244 ordinem
1019 203 1246 257 quisquam
1273 204 1365 246 vitii
1390 220 1483 259 par—

150 263 299 317 ticeps.
359 261 408 303 Id
452 264 596 303 autem
639 260 810 303 difficile
852 261 971 302 factu
1008 263 1074 302 est
1111 261 1194 302 nisi
1235 262 1483 304 educatione

152 320 337 376 quadam
362 323 405 361 et
430 319 672 375 disciplina3
703 319 753 361 de
779 334 864 374 qua
888 319 1075 361 dicemus
1101 319 1263 374 aliquid
1287 320 1483 375 fortasse,

152 379 189 421 si
232 379 333 434 quid
374 378 505 420 fuerit
546 378 630 420 loci
666 381 740 420 aut
777 378 998 433 temporiS.
1056 378 1156 421 An.
1193 378 1330 420 Locus
1369 383 1483 421 certe
1509 390 1554 421 30

116 451 132 476 5
151 452 238 480 non
263 437 408 490 deerit,
434 437 636 492 quoniam
662 439 782 479 tenes
802 437 993 479 ordinem
1013 437 1171 492 legum,
1189 439 1358 492 tempus
1384 452 1484 480 vero

151 496 337 552 largitur
382 495 607 551 longitudo
653 496 746 537 diei.
812 495 908 552 Ego
946 498 1108 550 autem,
1155 496 1325 537 etiamsi
1367 511 1486 551 prae-

151 554 336 609 terieris,
367 557 560 609 repetam
593 569 619 595 a
649 556 692 596 te
723 554 855 596 istum
887 554 937 596 de
968 554 1216 596 educatione
1249 557 1292 596 et
1323 554 1374 596 de
1406 555 1487 596 dis-

150 613 310 669 ciplina
352 613 505 655 locum.
566 613 629 655 M.
660 612 724 654 Tu
760 627 861 655 vero
900 615 944 655 et
979 613 1128 668 istum,
1166 613 1329 668 Attice,
1366 616 1411 655 et
1449 614 1487 655 si

152 686 278 726 quem
322 671 454 713 alium
490 671 763 727 praeteriero.
825 670 1024 714 Ceteris
1063 672 1320 728 specimen
1362 674 1484 714 esto.

100 745 132 770 ιο
152 730 274 780 Quod
305 730 342 772 si
374 734 560 780 tenemus,
591 732 785 772 tenemus
817 731 971 772 omnia.
1019 729 1080 773 Ut
1105 730 1219 772 enim
1244 731 1486 786 cupiditati-

150 790 231 831 bus
267 789 508 844 principum
546 791 589 830 et
626 789 742 830 vitiis
779 789 895 831 infici
933 789 1044 832 solet
1079 791 1176 831 tota
1213 789 1382 845 civitas,
1426 791 1486 832 sic

150 848 367 890 emendari
399 850 442 889 et
473 848 630 902 corrigi
656 848 930 890 continentia.
980 847 1060 889 Vir
1084 862 1268 904 magnus
1294 851 1338 890 et
1361 849 1486 891 nobis

150 907 348 949 omnibus
375 906 548 959 amicus,
579 906 624 948 L.
649 906 866 962 Lucullus,
896 907 1127 961 ferebatur,
1153 907 1277 962 quasi
1302 922 1486 950 commo-

151 965 325 1007 dissime
349 966 654 1020 respondisset,
681 980 810 1020 quom
836 968 949 1007 esset
974 966 1142 1008 obiecta
1166 966 1487 1022 magnificentia

98 1038 131 1064 15
150 1024 280 1066 villae
311 1023 595 1078 Tusculanae,
631 1025 713 1066 duo
745 1039 789 1066 se
820 1024 978 1066 habere
1010 1025 1190 1079 vicinos,
1223 1025 1486 1080 superiorem

150 1083 338 1138 equitem
381 1082 641 1136 Romanum,
690 1082 936 1125 inferiorem
984 1083 1252 1138 libertinum,
1304 1098 1487 1139 quorum

151 1156 281 1197 quom
315 1144 458 1183 essent
489 1142 742 1197 magnificae
775 1142 920 1195 villae,
957 1142 1130 1184 concedi
1160 1142 1244 1184 sibi
1275 1145 1486 1198 oportere,

151 1200 264 1255 quod
300 1200 372 1255 iis,
414 1200 486 1254 qui
522 1200 737 1242 inferioris
775 1201 936 1242 ordinis
969 1203 1129 1255 essent,
1167 1201 1326 1242 liceret.
1386 1201 1487 1244 Non

149 1259 278 1312 vides,
310 1258 498 1313 Luculle,
530 1274 555 1301 a
584 1261 629 1300 te
659 1259 703 1300 id
730 1259 872 1314 ipsum
897 1262 1059 1313 natum,
1090 1262 1139 1301 ut
1163 1260 1231 1301 illi
1255 1261 1486 1315 cuperent?

97 1331 132 1356 20
151 1318 306 1373 quibus
337 1318 397 1372 id,
430 1317 467 1359 si
491 1320 539 1359 tu
569 1332 657 1360 non
684 1317 866 1372 faceres,
896 1333 984 1360 non
1015 1318 1173 1360 liceret.
1236 1317 1339 1367 Quis
1372 1319 1484 1360 enim
1511 1328 1555 1359 31

148 1377 282 1418 ferret
317 1377 444 1430 istos,
483 1391 612 1431 quom
648 1376 812 1418 videret
843 1391 991 1418 eorum
1021 1377 1150 1419 villas
1182 1377 1318 1433 signis
1351 1380 1394 1419 et
1424 1380 1487 1419 ta-

149 1435 264 1478 bulis
295 1435 488 1489 refertas,
518 1435 678 1490 partim
709 1436 906 1491 publicis,
936 1436 1097 1491 partim
1126 1436 1258 1478 etiam
1284 1437 1417 1478 sacris
1444 1440 1487 1478 et

150 1494 395 1550 religiosis?
422 1494 516 1548 quis
542 1509 630 1536 non
653 1494 875 1550 frangeret
901 1510 1047 1537 eorum
1073 1495 1286 1550 libidines,
1310 1495 1395 1536 nisi
1419 1496 1487 1536 illi

149 1553 245 1608 ipsi,
278 1553 351 1608 qui
375 1567 447 1594 eas
472 1552 671 1609 frangere
698 1553 912 1608 deberent,
938 1554 1186 1609 cupiditatis
1213 1554 1402 1596 eiusdem
1427 1557 1487 1596 te-

96 1624 132 1650 25
149 1611 381 1654 nerentur‘?
431 1610 521 1654 Nec
561 1612 674 1653 enim
711 1615 881 1654 tantum
918 1612 1021 1655 mali
1058 1616 1125 1654 est
1160 1627 1335 1668 peccare
1373 1613 1486 1668 prin·
1504 1614 1557 1656 14

150 1671 279 1726 cipes,
311 1685 571 1725 quamquam
602 1673 668 1712 est
699 1685 904 1726 magnum
935 1671 1017 1713 hoc
1047 1686 1124 1727 per
1155 1686 1200 1713 se
1231 1673 1372 1727 ipsum
1402 1686 1487 1713 ma-

150 1730 252 1784 lum,
285 1732 493 1784 quantum
522 1729 648 1783 illud,
681 1731 794 1784 quod
824 1730 1030 1785 permulti
1059 1730 1302 1772 imitatores
1334 1730 1488 1786 princi·

149 1803 253 1844 pum
296 1789 496 1830 existunt.
557 1787 815 1843 Namllicet
856 1789 1018 1844 videre,
1061 1789 1099 1831 si
1135 1789 1242 1831 velis
1279 1789 1488 1844 replicare

151 1847 401 1889 memoriam
439 1850 699 1902 temporum,
738 1847 1067 1902 qualescumque
1105 1848 1262 1890 summi
1298 1848 1487 1890 civitatis

96 1918 132 1943 30
150 1906 233 1948 viri
261 1905 440 1960 fuerint,
477 1906 610 1948 talem
642 1906 861 1948 civitatem
890 1906 1041 1961 fuisse3
1078 1921 1368 1962 quaecumque
1399 1922 1488 1949 mu·

150 1964 258 2007 tatio
296 1980 465 2006 morum
502 1965 547 2006 in
582 1965 847 2020 principibus
886 1965 1095 2020 extiterit,
1135 1966 1313 2008 eandem
1343 1965 1390 2007 in
1413 1981 1487 2021 po-

149 2023 252 2079 pulo
297 2026 497 2065 secutam.
557 2022 691 2078 quue
727 2024 843 2065 haud
879 2024 1009 2080 paulo
1051 2026 1118 2066 est
1153 2024 1314 2079 verius,
1358 2039 1487 2078 quam
1513 2033 1557 2063 32

151 2082 265 2137 quod
293 2081 467 2123 Platoni
502 2085 652 2125 nostro
689 2083 850 2137 placet,
888 2083 961 2138 qui
998 2083 1258 2125 musicorum
1291 2083 1487 2125 cantibus

151 2141 212 2182 ait
249 2141 428 2182 mutatis
465 2142 624 2183 mutari
661 2141 886 2183 civitatum
923 2144 1082 2197 status3
1123 2157 1203 2198 ego
1242 2145 1385 2184 autem
1415 2157 1488 2184 no-

97 2211 131 2236 35
150 2199 302 2241 bilium
339 2199 430 2241 vita
466 2199 666 2254 victuque
701 2203 868 2242 mutato
900 2215 1040 2242 mores
1072 2201 1232 2242 mutari
1263 2200 1488 2242 civitatum

149 2261 267 2313 puto.
316 2257 408 2307 Quo
439 2259 719 2313 perniciosius
751 2259 802 2301 de
829 2273 875 2300 re
900 2259 1075 2314 publica
1099 2262 1317 2300 merentur
1342 2259 1489 2301 vitiosi

148 2316 380 2372 principes,
417 2316 530 2371 quod
565 2331 652 2359 non
689 2318 829 2360 solum
860 2318 967 2360 vitia
998 2318 1244 2373 concipiunt
1274 2317 1376 2373 ipsi,
1413 2317 1489 2359 sed
