1685 2568
246 58 330 100 132
653 57 1167 93 ΒΕΖΝΑΤΠΒΑ.ΒΕΟΒΠΜ

243 154 470 209 habemus,
507 155 666 196 bonam
703 156 847 196 autem
884 154 1095 195 rationem
1133 155 1207 195 aut
1243 168 1331 196 non
1366 155 1523 197 bonam
1554 170 1581 198 a

243 213 380 255 nobis.
423 212 524 255 Non
543 213 668 267 enim,
692 215 741 254 ut
769 212 1076 267 patrimonium
1095 211 1362 267 relinquitur,
1388 214 1449 256 sic
1466 214 1579 256 ratio

245 274 310 313 est
332 272 497 313 homini
515 271 720 313 beneficio
742 271 916 313 deorum
937 271 1047 312 data.
1085 269 1195 319 Quid
1215 271 1328 312 enim
1345 272 1488 326 potius
1507 273 1581 314 ho-

245 330 433 372 minibus
461 330 689 384 dedissent,
719 330 755 370 si
779 329 832 370 iis
858 344 1009 371 nocere
1029 329 1295 371 voluissent?
1338 329 1581 373 Iniustitiae

246 392 401 443 autem,
432 388 802 443 intemperantiae,
832 388 1079 429 timiditatis
1105 402 1213 442 quae
1239 388 1402 430 semina
1426 393 1580 444 essent,
1617 401 1635 427 5

175 447 230 489 29
247 447 284 489 si
309 447 376 489 his
403 448 521 489 vitiis
540 448 652 489 ratio
672 461 759 488 non
779 447 1003 488 subesset?
1046 446 1196 488 Medea
1215 447 1341 489 modo
1361 449 1404 488 et
1423 447 1581 490 Atreus

246 507 693 548 commemorabantur
731 520 756 546 a
791 505 934 560 nobis,
976 505 1173 547 heroicae
1209 520 1432 561 personae,
1475 506 1584 548 inita

178 574 220 604 72
248 565 541 619 subductaque
566 565 733 606 ratione
759 563 1108 617 nefaria-scelera
1133 564 1401 606 meditantes.
1445 564 1582 614 Qujd?

246 624 445 665 levitates
484 623 669 665 comicae
701 637 908 676 parumne
944 637 1111 678 semper
1140 623 1186 664 in
1216 623 1383 665 ratione
1413 638 1583 666 versan-

246 683 346 724 tur?
378 697 585 737 parumne
618 681 836 723 subtiliter
867 681 1060 736 disputat
1090 682 1165 723 ille
1194 682 1241 723 in
1270 682 1507 725 Eunucho?
1603 694 1638 720 1⁰

335 751 464 800 Quid
494 750 659 806 igitur
688 751 906 793 faciam?
940 784 1151 793 ......

334 810 589 865 Exclusit,
626 812 853 864 revocat3
891 810 1120 852 redeam?
1157 824 1273 865 non,
1311 811 1353 852 si
1390 827 1463 853 me
1502 812 1586 854 ὁὶ)-

1293 873 1467 912 secret.

246 940 327 981 Ille
363 954 465 981 vero
502 939 548 980 in
584 938 851 994 Synephebis
888 938 1243 981 Academicorum
1280 954 1398 982 more
1437 943 1587 982 contra

247 1013 515 1040 communem
536 998 781 1053 opinionem
799 1012 886 1039 non
906 997 1076 1040 dubitat
1096 1012 1289 1054 pugnare
1308 998 1487 1053 ratione,
1514 1000 1588 1054 qui

248 1057 320 1098 in
344 1072 513 1099 amore
538 1071 728 1098 summo
757 1071 1048 1111 summaque
1073 1057 1251 1112 inopia
1277 1072 1430 1099 suave
1457 1058 1640 1099 esse'15

248 1116 350 1158 dicit

335 1185 607 1228 Parentem
637 1185 825 1227 habere
859 1186 1083 1239 avarum,
1115 1185 1415 1240 inlepidum,
1446 1186 1497 1228 in
1528 1186 1588 1228 11-

336 1301 645 1357 Difficilem,
678 1303 761 1357 qui
792 1304 842 1344 te
872 1304 961 1344 nec
994 1305 1125 1344 amet
1156 1317 1245 1344 nec
1271 1245 1475 1345 stiiffllezst
1501 1304 1588 1346 tui.

181 1393 223 1426 '23
250 1386 394 1441 Atque
425 1386 526 1427 huic
556 1385 799 1427 incredibili
824 1385 1062 1426 sententiae
1087 1384 1350 1426 ratiunculas
1378 1387 1588 1442 suggerit:

337 1456 440 1497 Aut
477 1458 532 1497 tu
568 1454 718 1496 illum
748 1455 921 1497 fructu
951 1454 1107 1496 fallas
1141 1457 1227 1496 aut
1257 1470 1345 1510 per
1377 1454 1588 1498 litteras
1608 1468 1642 1493 2⁰

338 1515 558 1557 Avertas
593 1509 801 1568 aliquod
831 1514 1012 1555 nomen
1043 1515 1129 1555 aut
1159 1528 1247 1569 per
1279 1515 1536 1557 servolum

336 1573 607 1615 Percutias
639 1573 894 1627 pavidum,
926 1573 1188 1628 postremo
1215 1587 1240 1614 a
1265 1574 1417 1627 parc6
1442 1577 1589 1628 patre

339 1632 482 1681 Quod
513 1646 700 1686 sumas,
733 1633 923 1686 quanto
956 1630 1179 1686 dissipes
1210 1631 1478 1674 libentius!

249 1714 453 1769 Idemque
495 1714 668 1756 facilem
712 1716 754 1755 et
798 1713 1022 1756 liberalem
1064 1716 1234 1769 patrem
1273 1714 1589 1756 incommodum

252 1788 344 1815 esse
376 1773 541 1815 amanti
570 1773 661 1814 filio
694 1772 899 1828 disputat,
1609 1784 1642 1811 25

340 1855 492 1904 Quem
523 1857 684 1910 neque
717 1869 811 1909 quo
837 1857 986 1910 pacto
1012 1854 1188 1896 fallam
1214 1855 1450 1954 necsquid
1474 1855 1590 1897 inde

1246 1928 1306 1954 au
1339 1928 1473 1955 eram

341 1972 444 2015 Nec
469 1973 614 2027 quem
641 1972 811 2014 dolum
838 1972 897 2013 ad
923 1986 1029 2013 eum
1056 1974 1141 2013 aut
1161 1972 1442 2014 machinam
1462 1988 1591 2015 com-

1272 2031 1472 2086 moliar,

343 2086 455 2132 Scio
495 2088 783 2144 quicquam3
819 2089 894 2130 ita
925 2103 1095 2131 omnes
1128 2091 1262 2131 meos
1296 2090 1458 2144 dolos,
1495 2089 1590 2132 fal-

1293 2148 1472 2202 lacias,

342 2204 731 2262 Praestrigias
792 2205 1171 2262 praestrinxit
1231 2207 1589 2249 commoditas

1292 2265 1472 2321 patris.
