1685 2568
229 109 314 151 364
702 110 766 145 DE
791 110 855 145 RE
880 110 1086 146 PUBLICA

228 219 319 247 rem
356 206 592 261 publicam,
634 221 762 261 quam
795 207 866 248 diu
898 207 952 248 ab
986 207 1184 248 omnibus
1214 207 1353 249 honor
1384 207 1567 263 principi

228 265 511 306 exhiberetur.
561 265 730 317 (Petrus
760 265 1029 307 Pictaviensis
1058 267 1115 307 ad
1143 266 1317 307 calumn.
1343 267 1453 309 Bibl.
1479 267 1567 309 PP.

227 323 356 377 Luqd.
392 325 502 365 Tom.
535 324 685 365 XXII
703 338 746 376 p.
778 325 896 378 824.)

317 383 378 424 M.
408 383 568 423 Tullius
599 383 646 423 de
676 396 719 423 re
741 383 854 435 publ.
882 382 946 424 lib.
981 382 1036 423 V.·
1069 382 1177 423 Tum
1202 382 1374 437 virtute,
1406 384 1567 438 labore,

227 440 439 482 industria
489 443 682 482 tueretur
732 441 887 481 summi
934 441 1016 482 viri
1059 441 1264 496 indolem,
1312 442 1397 483 nisi
1438 442 1566 484 nimis
1603 454 1620 480 5
1665 437 1671 476 ἵ

229 500 419 541 animose
457 499 578 540 ferox
615 501 772 540 natura
809 500 933 540 illum
964 500 1108 541 nescio
1142 515 1324 554 quo..
1382 501 1568 554 (Nonius

219 572 265 611 p.
295 561 394 600 2α3.
425 558 514 611 25.)

318 618 379 659 M.
409 617 571 658 Tullius
600 617 647 658 de
677 617 849 669 republ.
876 617 942 658 lib.
974 617 1030 658 V:
1062 631 1171 671 quae
1196 617 1333 659 virtus
1358 617 1567 660 fortitudo

228 679 424 729 vocatur,
457 676 502 716 in
534 690 618 729 qua
650 677 717 716 est
748 675 999 731 magnitudo
1033 676 1176 730 animi,
1207 677 1358 718 mortis
1392 677 1568 719 doloris-

229 749 310 789 que
342 748 503 789 magna
534 734 809 789 contemptio.
859 735 987 788 (Non.
1011 749 1055 788 p.
1086 738 1182 776 201.
1212 735 1302 788 29.)
1586 747 1619 773 10

318 795 380 835 M.
409 794 571 834 Tullius
601 794 648 834 de
677 807 721 834 re
744 793 856 846 publ.
889 793 954 835 lib.
982 793 1036 835 V:
1067 793 1297 835 Marcellus
1329 796 1378 835 ut
1404 808 1500 835 acer
1525 796 1568 835 et

226 866 418 907 pugnax,
457 852 671 893 Maximus
702 854 752 893 ut
783 852 1075 894 consideratus
1108 854 1151 894 et
1182 852 1336 894 lentus.
1384 853 1569 906 (Nonius

218 925 263 964 p.
294 915 389 953 337.
420 911 508 965 30.)

316 969 458 1011 ‘Orbi'
489 983 569 1022 pro
612 970 703 1011 orbe
738 969 967 1011 Ciceronem
1008 971 1056 1012 de
1097 983 1142 1012 re
1168 971 1337 1023 publica
1375 970 1474 1012 libro
1512 970 1568 1013 V:

228 1028 322 1070 orbi
359 1031 573 1070 terrarum
615 1028 966 1083 comprehensos.
987 1061 996 1070 .
1017 1061 1026 1070 .
1060 1032 1098 1070 et
1123 1029 1352 1082 frequenter
1381 1030 1568 1082 antiquos
1587 1041 1620 1067 15

226 1088 286 1128 ita
318 1088 466 1129 locutos
496 1087 664 1129 Plinius
695 1089 829 1129 eodem
861 1088 962 1129 libro
1001 1087 1068 1130 VI
1092 1091 1215 1130 notat.
1270 1087 1511 1142 (Charisius
1540 1087 1574 1130 I
1664 1086 1665 1098 ²

218 1159 263 1200 p.
294 1150 387 1188 139.
419 1150 475 1188 17
505 1146 634 1200 Kal.)

316 1206 379 1247 M.
414 1206 576 1247 Tullius
611 1206 658 1246 de
694 1219 738 1246 re
766 1205 879 1258 publ.
917 1205 982 1246 lib.
1021 1204 1077 1247 V:
1121 1205 1235 1260 quod
1266 1205 1476 1247 molestiis
1509 1219 1569 1247 se·

227 1264 412 1305 nectutis
447 1278 547 1305 suae
578 1266 745 1305 vestras
776 1264 965 1305 familias
998 1264 1219 1319 impertire
1249 1267 1408 1320 posset.
1462 1264 1568 1319 (No-

226 1324 322 1364 nius
345 1337 389 1376 p.
419 1326 487 1364 37.
517 1324 606 1377 25.)
1585 1335 1620 1361 20

316 1382 462 1423 Postea
485 1382 556 1423 hoc
580 1382 703 1423 etiam
728 1382 889 1423 addidit
905 1382 1173 1424 insulsissime
1191 1381 1401 1436 (Seneca).·
1428 1381 1570 1435 tApud
1661 1387 1663 1402 “

226 1441 362 1493 insum
386 1439 567 1493 quoque',
593 1441 738 1496 inquit,
763 1440 1005 1482 ‘Ciceronem
1029 1442 1205 1482 invenies
1229 1442 1352 1482 etiam
1376 1442 1422 1482 in
1440 1455 1568 1495 prosa

227 1500 408 1541 oratione
439 1500 656 1552 quaedam,
687 1513 736 1542 ex
765 1500 909 1552 quibus
938 1500 1145 1553 intelleqas
1174 1500 1294 1541 illum
1323 1513 1407 1541 non
1427 1501 1566 1553 perdi-

227 1559 332 1600 disse
363 1572 543 1611 operam,
579 1559 687 1611 quod
715 1558 905 1600 Ennium
936 1557 1053 1612 Zeqit.9
1114 1558 1241 1600 Ponit
1269 1559 1427 1609 deinde,
1464 1572 1567 1612 quae

226 1618 340 1670 apud
374 1616 602 1659 Ciceronem
645 1618 908 1670 reprehendat
947 1618 1067 1670 quasi
1102 1618 1324 1667 Enniana,
1366 1619 1473 1670 quod
1506 1618 1566 1658 ita
1585 1628 1619 1655 25

225 1677 433 1729 scripserit
467 1677 513 1717 in
551 1676 667 1718 libris
702 1677 749 1718 de
784 1690 828 1718 re
855 1676 1042 1729 publica:
1089 1678 1138 1717 ut
1174 1675 1369 1718 Menelao
1407 1676 1567 1718 Laconi

229 1735 438 1789 quaedam
463 1734 547 1776 fuit
573 1735 876 1789 suaviloquens
903 1734 1156 1789 iucunditas,
1188 1738 1225 1776 et
1248 1736 1355 1787 quod
1376 1735 1459 1776 alio
1485 1736 1567 1777 loco

227 1795 401 1834 dixerit:
452 1794 841 1849 breviloquentiam
884 1793 929 1834 in
973 1794 1148 1836 dicendo
1193 1794 1319 1836 colat.
1385 1793 1567 1848 (Gellius

227 1852 333 1893 XII
356 1856 397 1895 2.
430 1856 456 1894 6
486 1853 564 1906 sq.)
1660 1896 1661 1901 ,

316 1911 483 1953 Horum
513 1912 778 1954 obstinatione
809 1911 1030 1953 libertatem
1055 1912 1267 1964 temeritas,
1298 1912 1567 1952 constantiam
1585 1922 1619 1948 ³⁰
1660 1963 1661 1966 Ἴ

226 1970 404 2011 audacia
433 1984 645 2024 praeceps,
683 1971 950 2023 eloquentiam
980 1971 1121 2012 inanis
1151 1971 1349 2023 quaedam
1379 1971 1568 2011 imitatur

226 2029 399 2081 fluentia
433 2029 638 2081 loquendi,
674 2043 851 2082 quarum
881 2030 1035 2071 artium
1064 2030 1291 2084 scaevitate,
1327 2031 1376 2070 ut
1406 2029 1568 2070 Tullius

226 2088 445 2138 adseverat,
463 2088 580 2139 nefas
599 2091 658 2129 est
673 2088 906 2141 reliyioncm
924 2088 1053 2142 decipi
1070 2089 1301 2129 iudicantis.
1343 2087 1421 2128 Ait
1437 2088 1567 2128 enim:

226 2145 420 2201 Cumque
451 2146 560 2187 nihil
592 2148 683 2187 tam
714 2146 1011 2201 incorruptum
1043 2160 1135 2188 esse
1168 2147 1321 2187 debeat
1351 2145 1396 2186 in
1423 2160 1469 2187 re
1494 2161 1567 2200 pu-

226 2205 342 2247 blica
373 2219 503 2260 quam
529 2205 794 2260 suffragium,
827 2220 955 2259 quam
982 2205 1206 2260 sententia,
1237 2219 1324 2246 non
1347 2204 1567 2259 intellego,
1586 2214 1620 2240 35
1658 2202 1659 2234 ἶ

227 2278 319 2318 cur,
355 2263 428 2318 qui
460 2278 510 2305 ea
540 2264 720 2319 pecunia
752 2264 1007 2318 corruperit,
1038 2278 1177 2318 poena
1208 2263 1363 2318 dignus
1395 2263 1463 2317 sit,
1495 2263 1569 2317 qui

227 2322 486 2377 eloquentia,
512 2322 683 2364 laudem
710 2322 840 2364 etiam
866 2323 989 2364 ferat.
1035 2322 1143 2364 Mihi
1169 2322 1338 2377 quidem
1363 2321 1445 2363 hoc
1470 2321 1567 2376 plus

162 774 202 857 2²3

158 1361 200 1446 3
