<?xml version="1.0" encoding="UTF-8"?>
<!DOCTYPE html PUBLIC "-//W3C//DTD XHTML 1.0 Transitional//EN"
    "http://www.w3.org/TR/xhtml1/DTD/xhtml1-transitional.dtd">
<html xmlns="http://www.w3.org/1999/xhtml" xml:lang="en" lang="en">
 <head>
  <title>
</title>
<meta http-equiv="Content-Type" content="text/html;charset=utf-8" />
  <meta name='ocr-system' content='tesseract 3.04.00' />
  <meta name='ocr-capabilities' content='ocr_page ocr_carea ocr_par ocr_line ocrx_word'/>
</head>
<body>
  <div class='ocr_page' id='page_1' title='image "./p2scriptaquaemanse04ciceuoft_0120.png"; bbox 0 0 1685 2568; ppageno 0'>
   <div class='ocr_carea' id='block_1_1' title="bbox 209 603 251 634">
    <p class='ocr_par' dir='ltr' id='par_1_1' title="bbox 209 603 251 634">
     <span class='ocr_line' id='line_1_1' title="bbox 209 603 251 634; baseline -0.024 0"><span class='ocrx_word' id='word_1_1' title='bbox 209 603 251 634; x_wconf 72' lang='lat'>62</span> 
     </span>
    </p>
   </div>
   <div class='ocr_carea' id='block_1_2' title="bbox 209 889 265 931">
    <p class='ocr_par' dir='ltr' id='par_1_2' title="bbox 209 889 265 931">
     <span class='ocr_line' id='line_1_2' title="bbox 209 889 265 931; baseline -0.018 0"><span class='ocrx_word' id='word_1_2' title='bbox 209 889 265 931; x_wconf 77' lang='lat'>24</span> 
     </span>
    </p>
   </div>
   <div class='ocr_carea' id='block_1_3' title="bbox 214 1719 256 1750">
    <p class='ocr_par' dir='ltr' id='par_1_3' title="bbox 214 1719 256 1750">
     <span class='ocr_line' id='line_1_3' title="bbox 214 1719 256 1750; baseline 0 0"><span class='ocrx_word' id='word_1_3' title='bbox 214 1719 256 1750; x_wconf 78' lang='lat'>63</span> 
     </span>
    </p>
   </div>
   <div class='ocr_carea' id='block_1_4' title="bbox 214 2129 257 2160">
    <p class='ocr_par' dir='ltr' id='par_1_4' title="bbox 214 2129 257 2160">
     <span class='ocr_line' id='line_1_4' title="bbox 214 2129 257 2160; baseline -0.023 0"><span class='ocrx_word' id='word_1_4' title='bbox 214 2129 257 2160; x_wconf 82' lang='lat'>64</span> 
     </span>
    </p>
   </div>
   <div class='ocr_carea' id='block_1_5' title="bbox 278 81 1207 125">
    <p class='ocr_par' dir='ltr' id='par_1_5' title="bbox 278 81 1207 125">
     <span class='ocr_line' id='line_1_5' title="bbox 278 81 1207 125; baseline -0.01 0"><span class='ocrx_word' id='word_1_5' title='bbox 278 84 332 125; x_wconf 79' lang='grc'>68</span> <span class='ocrx_word' id='word_1_6' title='bbox 689 82 752 116; x_wconf 90' lang='lat' dir='ltr'>DE</span> <span class='ocrx_word' id='word_1_7' title='bbox 778 81 977 117; x_wconf 84' lang='lat' dir='ltr'><strong>NATURA</strong></span> <span class='ocrx_word' id='word_1_8' title='bbox 1001 81 1207 117; x_wconf 87' lang='lat' dir='ltr'>DEORUM</span> 
     </span>
    </p>
   </div>
   <div class='ocr_carea' id='block_1_6' title="bbox 275 175 1685 2352">
    <p class='ocr_par' dir='ltr' id='par_1_6' title="bbox 275 175 1671 867">
     <span class='ocr_line' id='line_1_6' title="bbox 276 175 1615 233; baseline -0.001 -12"><span class='ocrx_word' id='word_1_9' title='bbox 276 182 379 221; x_wconf 89' lang='lat' dir='ltr'>tum.</span> <span class='ocrx_word' id='word_1_10' title='bbox 442 177 553 228; x_wconf 82' lang='lat' dir='ltr'>Quid</span> <span class='ocrx_word' id='word_1_11' title='bbox 584 177 717 233; x_wconf 83' lang='lat' dir='ltr'>Opis‘?</span> <span class='ocrx_word' id='word_1_12' title='bbox 751 178 852 232; x_wconf 89' lang='lat' dir='ltr'>quid</span> <span class='ocrx_word' id='word_1_13' title='bbox 883 176 1074 219; x_wconf 79' lang='lat' dir='ltr'>Salutis?</span> <span class='ocrx_word' id='word_1_14' title='bbox 1108 177 1210 232; x_wconf 91' lang='lat' dir='ltr'>quid</span> <span class='ocrx_word' id='word_1_15' title='bbox 1242 175 1516 233; x_wconf 81' lang='lat' dir='ltr'>Concordiae,</span> <span class='ocrx_word' id='word_1_16' title='bbox 1548 179 1615 220; x_wconf 89' lang='lat' dir='ltr'>Li-</span> 
     </span>
     <span class='ocr_line' id='line_1_7' title="bbox 275 237 1614 292; baseline 0 -13"><span class='ocrx_word' id='word_1_17' title='bbox 275 238 477 292; x_wconf 77' lang='lat' dir='ltr'>bertatiS‚</span> <span class='ocrx_word' id='word_1_18' title='bbox 515 237 763 279; x_wconf 73' lang='lat' dir='ltr'>Victoriae?</span> <span class='ocrx_word' id='word_1_19' title='bbox 803 251 984 291; x_wconf 85' lang='lat' dir='ltr'>quarum</span> <span class='ocrx_word' id='word_1_20' title='bbox 1022 237 1213 278; x_wconf 84' lang='lat' dir='ltr'>omnium</span> <span class='ocrx_word' id='word_1_21' title='bbox 1243 251 1387 278; x_wconf 87' lang='lat' dir='ltr'>rerum</span> <span class='ocrx_word' id='word_1_22' title='bbox 1419 237 1519 292; x_wconf 90' lang='lat' dir='ltr'>quia</span> <span class='ocrx_word' id='word_1_23' title='bbox 1549 238 1614 279; x_wconf 91' lang='lat' dir='ltr'>vis</span> 
     </span>
     <span class='ocr_line' id='line_1_8' title="bbox 278 295 1616 351; baseline -0.001 -13"><span class='ocrx_word' id='word_1_24' title='bbox 278 301 371 339; x_wconf 91' lang='lat' dir='ltr'>erat</span> <span class='ocrx_word' id='word_1_25' title='bbox 401 299 536 350; x_wconf 78' lang='lat' dir='ltr'>tanta,</span> <span class='ocrx_word' id='word_1_26' title='bbox 567 298 616 337; x_wconf 90' lang='lat' dir='ltr'>ut</span> <span class='ocrx_word' id='word_1_27' title='bbox 649 296 738 337; x_wconf 88' lang='lat' dir='ltr'>sine</span> <span class='ocrx_word' id='word_1_28' title='bbox 772 295 848 337; x_wconf 87' lang='lat' dir='ltr'>deo</span> <span class='ocrx_word' id='word_1_29' title='bbox 881 295 974 351; x_wconf 90' lang='lat' dir='ltr'>regi</span> <span class='ocrx_word' id='word_1_30' title='bbox 1005 309 1092 337; x_wconf 90' lang='lat' dir='ltr'>non</span> <span class='ocrx_word' id='word_1_31' title='bbox 1116 297 1275 349; x_wconf 79' lang='lat' dir='ltr'>posset,</span> <span class='ocrx_word' id='word_1_32' title='bbox 1307 295 1402 350; x_wconf 88' lang='lat' dir='ltr'>ipsa</span> <span class='ocrx_word' id='word_1_33' title='bbox 1427 310 1495 337; x_wconf 94' lang='lat' dir='ltr'>res</span> <span class='ocrx_word' id='word_1_34' title='bbox 1522 296 1616 338; x_wconf 90' lang='lat' dir='ltr'>deo-</span> 
     </span>
     <span class='ocr_line' id='line_1_9' title="bbox 276 352 1616 409; baseline -0.001 -12"><span class='ocrx_word' id='word_1_35' title='bbox 276 371 372 397; x_wconf 85' lang='lat' dir='ltr'>rum</span> <span class='ocrx_word' id='word_1_36' title='bbox 414 370 571 396; x_wconf 88' lang='lat' dir='ltr'>nomen</span> <span class='ocrx_word' id='word_1_37' title='bbox 615 354 814 396; x_wconf 84' lang='lat' dir='ltr'>obtinuit.</span> <span class='ocrx_word' id='word_1_38' title='bbox 883 352 974 402; x_wconf 80' lang='lat' dir='ltr'>Quo</span> <span class='ocrx_word' id='word_1_39' title='bbox 1020 368 1070 395; x_wconf 76' lang='lat' dir='ltr'>ex</span> <span class='ocrx_word' id='word_1_40' title='bbox 1114 368 1268 409; x_wconf 89' lang='lat' dir='ltr'>genere</span> <span class='ocrx_word' id='word_1_41' title='bbox 1306 352 1528 409; x_wconf 81' lang='lat' dir='ltr'>Cupidinis</span> <span class='ocrx_word' id='word_1_42' title='bbox 1573 358 1616 396; x_wconf 89' lang='lat' dir='ltr'>et</span> 
     </span>
     <span class='ocr_line' id='line_1_10' title="bbox 276 411 1671 469; baseline -0.004 -13"><span class='ocrx_word' id='word_1_43' title='bbox 276 414 530 469; x_wconf 73' lang='lat' dir='ltr'>Voluptatis</span> <span class='ocrx_word' id='word_1_44' title='bbox 563 414 606 454; x_wconf 85' lang='lat' dir='ltr'>et</span> <span class='ocrx_word' id='word_1_45' title='bbox 631 412 898 453; x_wconf 71' lang='lat' dir='ltr'>Lubentinae</span> <span class='ocrx_word' id='word_1_46' title='bbox 918 411 1098 453; x_wconf 90' lang='lat' dir='ltr'>Veneris</span> <span class='ocrx_word' id='word_1_47' title='bbox 1130 412 1341 454; x_wconf 88' lang='lat' dir='ltr'>vocabula</span> <span class='ocrx_word' id='word_1_48' title='bbox 1369 416 1617 456; x_wconf 87' lang='lat' dir='ltr'>consecrata</span> <span class='ocrx_word' id='word_1_49' title='bbox 1654 426 1671 451; x_wconf 88' lang='lat'>5</span> 
     </span>
     <span class='ocr_line' id='line_1_11' title="bbox 277 471 1617 526; baseline -0.001 -12"><span class='ocrx_word' id='word_1_50' title='bbox 277 476 389 526; x_wconf 78' lang='lat' dir='ltr'>sunt,</span> <span class='ocrx_word' id='word_1_51' title='bbox 422 472 676 513; x_wconf 88' lang='lat' dir='ltr'>vitiosarum</span> <span class='ocrx_word' id='word_1_52' title='bbox 707 485 850 512; x_wconf 87' lang='lat' dir='ltr'>rerum</span> <span class='ocrx_word' id='word_1_53' title='bbox 876 485 1012 525; x_wconf 91' lang='lat' dir='ltr'>neque</span> <span class='ocrx_word' id='word_1_54' title='bbox 1038 471 1322 525; x_wconf 83' lang='lat' dir='ltr'>naturalium3</span> <span class='ocrx_word' id='word_1_55' title='bbox 1356 486 1617 526; x_wconf 88' lang='lat' dir='ltr'>quamquam</span> 
     </span>
     <span class='ocr_line' id='line_1_12' title="bbox 277 529 1618 584; baseline -0.001 -11"><span class='ocrx_word' id='word_1_56' title='bbox 277 531 470 573; x_wconf 74' lang='lat' dir='ltr'>Velleius</span> <span class='ocrx_word' id='word_1_57' title='bbox 503 531 629 572; x_wconf 89' lang='lat' dir='ltr'>aliter</span> <span class='ocrx_word' id='word_1_58' title='bbox 661 529 899 583; x_wconf 80' lang='lat' dir='ltr'>existimat3</span> <span class='ocrx_word' id='word_1_59' title='bbox 932 530 1005 571; x_wconf 91' lang='lat' dir='ltr'>sed</span> <span class='ocrx_word' id='word_1_60' title='bbox 1035 532 1181 571; x_wconf 89' lang='lat' dir='ltr'>tamen</span> <span class='ocrx_word' id='word_1_61' title='bbox 1213 545 1264 571; x_wconf 89' lang='lat' dir='ltr'>ea</span> <span class='ocrx_word' id='word_1_62' title='bbox 1294 530 1389 584; x_wconf 89' lang='lat' dir='ltr'>ipsa</span> <span class='ocrx_word' id='word_1_63' title='bbox 1413 530 1521 572; x_wconf 84' lang='lat' dir='ltr'>vitia</span> <span class='ocrx_word' id='word_1_64' title='bbox 1545 546 1618 572; x_wconf 92' lang='lat' dir='ltr'>na-</span> 
     </span>
     <span class='ocr_line' id='line_1_13' title="bbox 279 587 1618 645; baseline -0.001 -13"><span class='ocrx_word' id='word_1_65' title='bbox 279 594 422 632; x_wconf 89' lang='lat' dir='ltr'>turam</span> <span class='ocrx_word' id='word_1_66' title='bbox 459 589 754 631; x_wconf 87' lang='lat' dir='ltr'>vehementius</span> <span class='ocrx_word' id='word_1_67' title='bbox 794 602 919 643; x_wconf 82' lang='lat' dir='ltr'>saepe</span> <span class='ocrx_word' id='word_1_68' title='bbox 950 589 1137 643; x_wconf 88' lang='lat' dir='ltr'>pulsant.</span> <span class='ocrx_word' id='word_1_69' title='bbox 1199 587 1452 630; x_wconf 71' lang='lat' dir='ltr'>Utilitatum</span> <span class='ocrx_word' id='word_1_70' title='bbox 1483 589 1618 645; x_wconf 90' lang='lat' dir='ltr'>igitur</span> 
     </span>
     <span class='ocr_line' id='line_1_14' title="bbox 279 647 1618 704; baseline -0.001 -14"><span class='ocrx_word' id='word_1_71' title='bbox 279 649 573 704; x_wconf 81' lang='lat' dir='ltr'>magnitudine</span> <span class='ocrx_word' id='word_1_72' title='bbox 606 647 832 689; x_wconf 85' lang='lat' dir='ltr'>constituti</span> <span class='ocrx_word' id='word_1_73' title='bbox 864 650 964 688; x_wconf 91' lang='lat' dir='ltr'>sunt</span> <span class='ocrx_word' id='word_1_74' title='bbox 995 648 1033 688; x_wconf 90' lang='lat' dir='ltr'>ei</span> <span class='ocrx_word' id='word_1_75' title='bbox 1065 647 1118 702; x_wconf 82' lang='lat' dir='ltr'>di,</span> <span class='ocrx_word' id='word_1_76' title='bbox 1151 647 1224 702; x_wconf 89' lang='lat' dir='ltr'>qui</span> <span class='ocrx_word' id='word_1_77' title='bbox 1254 648 1468 689; x_wconf 79' lang='lat' dir='ltr'>utilitates</span> <span class='ocrx_word' id='word_1_78' title='bbox 1496 663 1618 703; x_wconf 89' lang='lat' dir='ltr'>quas-</span> 
     </span>
     <span class='ocr_line' id='line_1_15' title="bbox 279 705 1671 764; baseline -0.002 -15"><span class='ocrx_word' id='word_1_79' title='bbox 279 723 359 763; x_wconf 90' lang='lat' dir='ltr'>que</span> <span class='ocrx_word' id='word_1_80' title='bbox 398 707 647 764; x_wconf 80' lang='lat' dir='ltr'>gignebant.</span> <span class='ocrx_word' id='word_1_81' title='bbox 709 705 852 760; x_wconf 84' lang='lat' dir='ltr'>Atque</span> <span class='ocrx_word' id='word_1_82' title='bbox 890 705 958 747; x_wconf 89' lang='lat' dir='ltr'>his</span> <span class='ocrx_word' id='word_1_83' title='bbox 997 706 1168 760; x_wconf 88' lang='lat' dir='ltr'>quidem</span> <span class='ocrx_word' id='word_1_84' title='bbox 1205 706 1469 762; x_wconf 77' lang='lat' dir='ltr'>nominibus,</span> <span class='ocrx_word' id='word_1_85' title='bbox 1509 722 1617 762; x_wconf 92' lang='lat' dir='ltr'>quae</span> <span class='ocrx_word' id='word_1_86' title='bbox 1640 721 1671 746; x_wconf 83' lang='lat'>10</span> 
     </span>
     <span class='ocr_line' id='line_1_16' title="bbox 277 765 1619 821; baseline -0.001 -13"><span class='ocrx_word' id='word_1_87' title='bbox 277 767 408 821; x_wconf 85' lang='lat' dir='ltr'>paulo</span> <span class='ocrx_word' id='word_1_88' title='bbox 448 769 546 807; x_wconf 86' lang='lat' dir='ltr'>ante</span> <span class='ocrx_word' id='word_1_89' title='bbox 580 765 695 806; x_wconf 91' lang='lat' dir='ltr'>dicta</span> <span class='ocrx_word' id='word_1_90' title='bbox 727 767 844 818; x_wconf 79' lang='lat' dir='ltr'>sunt,</span> <span class='ocrx_word' id='word_1_91' title='bbox 883 779 991 819; x_wconf 88' lang='lat' dir='ltr'>quae</span> <span class='ocrx_word' id='word_1_92' title='bbox 1022 765 1087 806; x_wconf 87' lang='lat' dir='ltr'>vis</span> <span class='ocrx_word' id='word_1_93' title='bbox 1120 765 1177 806; x_wconf 91' lang='lat' dir='ltr'>sit</span> <span class='ocrx_word' id='word_1_94' title='bbox 1207 765 1253 806; x_wconf 90' lang='lat' dir='ltr'>in</span> <span class='ocrx_word' id='word_1_95' title='bbox 1285 780 1452 820; x_wconf 90' lang='lat' dir='ltr'>quoque</span> <span class='ocrx_word' id='word_1_96' title='bbox 1485 765 1619 807; x_wconf 90' lang='lat' dir='ltr'>decla-</span> 
     </span>
     <span class='ocr_line' id='line_1_17' title="bbox 279 825 522 867; baseline -0.004 0"><span class='ocrx_word' id='word_1_97' title='bbox 279 830 401 867; x_wconf 81' lang='lat' dir='ltr'>ratur</span> <span class='ocrx_word' id='word_1_98' title='bbox 433 825 522 866; x_wconf 84' lang='lat' dir='ltr'>deo.</span> 
     </span>
    </p>

    <p class='ocr_par' dir='ltr' id='par_1_7' title="bbox 278 882 1672 1704">
     <span class='ocr_line' id='line_1_18' title="bbox 370 882 1619 938; baseline 0 -13"><span class='ocrx_word' id='word_1_99' title='bbox 370 883 566 938; x_wconf 81' lang='lat' dir='ltr'>Suscepit</span> <span class='ocrx_word' id='word_1_100' title='bbox 599 885 741 925; x_wconf 89' lang='lat' dir='ltr'>autem</span> <span class='ocrx_word' id='word_1_101' title='bbox 773 883 864 924; x_wconf 87' lang='lat' dir='ltr'>vita</span> <span class='ocrx_word' id='word_1_102' title='bbox 889 882 1112 924; x_wconf 88' lang='lat' dir='ltr'>hominum</span> <span class='ocrx_word' id='word_1_103' title='bbox 1138 883 1483 937; x_wconf 78' lang='lat' dir='ltr'>consuetudoque</span> <span class='ocrx_word' id='word_1_104' title='bbox 1509 898 1619 925; x_wconf 87' lang='lat' dir='ltr'>com-</span> 
     </span>
     <span class='ocr_line' id='line_1_19' title="bbox 280 941 1620 997; baseline -0.001 -12"><span class='ocrx_word' id='word_1_105' title='bbox 280 943 438 997; x_wconf 85' lang='lat' dir='ltr'>munis,</span> <span class='ocrx_word' id='word_1_106' title='bbox 476 945 526 984; x_wconf 86' lang='lat' dir='ltr'>ut</span> <span class='ocrx_word' id='word_1_107' title='bbox 556 941 773 983; x_wconf 88' lang='lat' dir='ltr'>beneficiis</span> <span class='ocrx_word' id='word_1_108' title='bbox 806 941 1053 983; x_wconf 79' lang='lat' dir='ltr'>excellentis</span> <span class='ocrx_word' id='word_1_109' title='bbox 1084 941 1201 983; x_wconf 80' lang='lat' dir='ltr'>viros</span> <span class='ocrx_word' id='word_1_110' title='bbox 1232 941 1277 982; x_wconf 90' lang='lat' dir='ltr'>in</span> <span class='ocrx_word' id='word_1_111' title='bbox 1309 942 1473 983; x_wconf 88' lang='lat' dir='ltr'>caelum</span> <span class='ocrx_word' id='word_1_112' title='bbox 1503 942 1620 984; x_wconf 87' lang='lat' dir='ltr'>fama</span> 
     </span>
     <span class='ocr_line' id='line_1_20' title="bbox 279 999 1671 1055; baseline -0.004 -11"><span class='ocrx_word' id='word_1_113' title='bbox 279 1017 327 1044; x_wconf 91' lang='lat' dir='ltr'>ac</span> <span class='ocrx_word' id='word_1_114' title='bbox 359 1003 582 1044; x_wconf 87' lang='lat' dir='ltr'>voluntate</span> <span class='ocrx_word' id='word_1_115' title='bbox 609 1001 825 1042; x_wconf 85' lang='lat' dir='ltr'>tollerent.</span> <span class='ocrx_word' id='word_1_116' title='bbox 874 999 986 1041; x_wconf 90' lang='lat' dir='ltr'>Hinc</span> <span class='ocrx_word' id='word_1_117' title='bbox 1013 999 1233 1055; x_wconf 80' lang='lat' dir='ltr'>Hercules,</span> <span class='ocrx_word' id='word_1_118' title='bbox 1264 1000 1363 1042; x_wconf 90' lang='lat' dir='ltr'>hinc</span> <span class='ocrx_word' id='word_1_119' title='bbox 1394 999 1548 1042; x_wconf 85' lang='lat' dir='ltr'>Castor</span> <span class='ocrx_word' id='word_1_120' title='bbox 1575 1003 1618 1042; x_wconf 91' lang='lat' dir='ltr'>et</span> <span class='ocrx_word' id='word_1_121' title='bbox 1640 1015 1671 1040; x_wconf 87' lang='lat'>15</span> 
     </span>
     <span class='ocr_line' id='line_1_21' title="bbox 278 1057 1619 1115; baseline -0.001 -13"><span class='ocrx_word' id='word_1_122' title='bbox 278 1061 445 1115; x_wconf 79' lang='lat' dir='ltr'>Pollux,</span> <span class='ocrx_word' id='word_1_123' title='bbox 477 1060 577 1102; x_wconf 88' lang='lat' dir='ltr'>hinc</span> <span class='ocrx_word' id='word_1_124' title='bbox 603 1059 898 1114; x_wconf 78' lang='lat' dir='ltr'>Aesculapius,</span> <span class='ocrx_word' id='word_1_125' title='bbox 929 1059 1028 1100; x_wconf 87' lang='lat' dir='ltr'>hinc</span> <span class='ocrx_word' id='word_1_126' title='bbox 1052 1058 1182 1100; x_wconf 88' lang='lat' dir='ltr'>Liber</span> <span class='ocrx_word' id='word_1_127' title='bbox 1211 1058 1341 1100; x_wconf 88' lang='lat' dir='ltr'>etiam</span> <span class='ocrx_word' id='word_1_128' title='bbox 1369 1057 1500 1114; x_wconf 83' lang='lat' dir='ltr'>(hunc</span> <span class='ocrx_word' id='word_1_129' title='bbox 1527 1059 1619 1102; x_wconf 87' lang='lat' dir='ltr'>dico</span> 
     </span>
     <span class='ocr_line' id='line_1_22' title="bbox 278 1118 1621 1173; baseline -0.001 -12"><span class='ocrx_word' id='word_1_130' title='bbox 278 1120 481 1162; x_wconf 88' lang='lat' dir='ltr'>Liberum</span> <span class='ocrx_word' id='word_1_131' title='bbox 512 1118 680 1160; x_wconf 79' lang='lat' dir='ltr'>Semela</span> <span class='ocrx_word' id='word_1_132' title='bbox 712 1121 874 1173; x_wconf 81' lang='lat' dir='ltr'>natum,</span> <span class='ocrx_word' id='word_1_133' title='bbox 905 1133 992 1160; x_wconf 90' lang='lat' dir='ltr'>non</span> <span class='ocrx_word' id='word_1_134' title='bbox 1024 1133 1132 1172; x_wconf 75' lang='lat' dir='ltr'>eum,</span> <span class='ocrx_word' id='word_1_135' title='bbox 1164 1132 1289 1172; x_wconf 91' lang='lat' dir='ltr'>quem</span> <span class='ocrx_word' id='word_1_136' title='bbox 1320 1118 1459 1159; x_wconf 87' lang='lat' dir='ltr'>nostri</span> <span class='ocrx_word' id='word_1_137' title='bbox 1492 1119 1621 1160; x_wconf 88' lang='lat' dir='ltr'>maio-</span> 
     </span>
     <span class='ocr_line' id='line_1_23' title="bbox 279 1175 1621 1234; baseline -0.001 -14"><span class='ocrx_word' id='word_1_138' title='bbox 279 1194 347 1220; x_wconf 85' lang='lat' dir='ltr'>res</span> <span class='ocrx_word' id='word_1_139' title='bbox 387 1181 569 1234; x_wconf 90' lang='lat' dir='ltr'>auguste</span> <span class='ocrx_word' id='word_1_140' title='bbox 608 1180 839 1232; x_wconf 84' lang='lat' dir='ltr'>sancteque</span> <span class='ocrx_word' id='word_1_141' title='bbox 878 1177 1114 1229; x_wconf 86' lang='lat' dir='ltr'>[Liberum]</span> <span class='ocrx_word' id='word_1_142' title='bbox 1155 1192 1250 1218; x_wconf 89' lang='lat' dir='ltr'>cum</span> <span class='ocrx_word' id='word_1_143' title='bbox 1290 1175 1442 1218; x_wconf 82' lang='lat' dir='ltr'>Cerere</span> <span class='ocrx_word' id='word_1_144' title='bbox 1481 1180 1524 1218; x_wconf 88' lang='lat' dir='ltr'>et</span> <span class='ocrx_word' id='word_1_145' title='bbox 1554 1177 1621 1218; x_wconf 93' lang='lat' dir='ltr'>Li-</span> 
     </span>
     <span class='ocr_line' id='line_1_24' title="bbox 280 1235 1621 1291; baseline -0.002 -12"><span class='ocrx_word' id='word_1_146' title='bbox 280 1239 383 1279; x_wconf 86' lang='lat' dir='ltr'>bera</span> <span class='ocrx_word' id='word_1_147' title='bbox 415 1239 789 1290; x_wconf 77' lang='lat' dir='ltr'>consecraverunt,</span> <span class='ocrx_word' id='word_1_148' title='bbox 821 1236 933 1291; x_wconf 86' lang='lat' dir='ltr'>quod</span> <span class='ocrx_word' id='word_1_149' title='bbox 965 1236 1090 1290; x_wconf 89' lang='lat' dir='ltr'>quale</span> <span class='ocrx_word' id='word_1_150' title='bbox 1123 1235 1198 1290; x_wconf 86' lang='lat' dir='ltr'>sit,</span> <span class='ocrx_word' id='word_1_151' title='bbox 1231 1250 1280 1277; x_wconf 82' lang='lat' dir='ltr'>ex</span> <span class='ocrx_word' id='word_1_152' title='bbox 1312 1236 1528 1290; x_wconf 85' lang='lat' dir='ltr'>mysteriis</span> <span class='ocrx_word' id='word_1_153' title='bbox 1561 1236 1621 1277; x_wconf 90' lang='lat' dir='ltr'>in-</span> 
     </span>
     <span class='ocr_line' id='line_1_25' title="bbox 280 1293 1672 1351; baseline -0.004 -13"><span class='ocrx_word' id='word_1_154' title='bbox 280 1296 431 1351; x_wconf 88' lang='lat' dir='ltr'>tellegi</span> <span class='ocrx_word' id='word_1_155' title='bbox 474 1298 630 1351; x_wconf 86' lang='lat' dir='ltr'>potest.</span> <span class='ocrx_word' id='word_1_156' title='bbox 699 1293 781 1336; x_wconf 87' lang='lat' dir='ltr'>Sed</span> <span class='ocrx_word' id='word_1_157' title='bbox 826 1295 938 1349; x_wconf 88' lang='lat' dir='ltr'>quod</span> <span class='ocrx_word' id='word_1_158' title='bbox 982 1309 1032 1336; x_wconf 84' lang='lat' dir='ltr'>ex</span> <span class='ocrx_word' id='word_1_159' title='bbox 1074 1294 1199 1336; x_wconf 89' lang='lat' dir='ltr'>nobis</span> <span class='ocrx_word' id='word_1_160' title='bbox 1244 1297 1370 1337; x_wconf 87' lang='lat' dir='ltr'>natos</span> <span class='ocrx_word' id='word_1_161' title='bbox 1417 1294 1672 1336; x_wconf 66' lang='lat' dir='ltr'>‘liberos&#39;2o</span> 
     </span>
     <span class='ocr_line' id='line_1_26' title="bbox 281 1352 1622 1410; baseline -0.001 -13"><span class='ocrx_word' id='word_1_162' title='bbox 281 1356 569 1410; x_wconf 83' lang='lat' dir='ltr'>appellamus,</span> <span class='ocrx_word' id='word_1_163' title='bbox 606 1354 763 1396; x_wconf 87' lang='lat' dir='ltr'>idcirco</span> <span class='ocrx_word' id='word_1_164' title='bbox 797 1352 949 1396; x_wconf 84' lang='lat' dir='ltr'>Cerere</span> <span class='ocrx_word' id='word_1_165' title='bbox 988 1353 1082 1394; x_wconf 87' lang='lat' dir='ltr'>nati</span> <span class='ocrx_word' id='word_1_166' title='bbox 1118 1353 1329 1395; x_wconf 89' lang='lat' dir='ltr'>nominati</span> <span class='ocrx_word' id='word_1_167' title='bbox 1361 1356 1462 1394; x_wconf 88' lang='lat' dir='ltr'>sunt</span> <span class='ocrx_word' id='word_1_168' title='bbox 1492 1353 1622 1395; x_wconf 87' lang='lat' dir='ltr'>Liber</span> 
     </span>
     <span class='ocr_line' id='line_1_27' title="bbox 281 1411 1622 1468; baseline -0.002 -12"><span class='ocrx_word' id='word_1_169' title='bbox 281 1417 324 1456; x_wconf 83' lang='lat' dir='ltr'>et</span> <span class='ocrx_word' id='word_1_170' title='bbox 363 1414 537 1468; x_wconf 85' lang='lat' dir='ltr'>Libera,</span> <span class='ocrx_word' id='word_1_171' title='bbox 582 1413 694 1468; x_wconf 87' lang='lat' dir='ltr'>quod</span> <span class='ocrx_word' id='word_1_172' title='bbox 737 1413 782 1454; x_wconf 92' lang='lat' dir='ltr'>in</span> <span class='ocrx_word' id='word_1_173' title='bbox 822 1412 978 1454; x_wconf 90' lang='lat' dir='ltr'>Libera</span> <span class='ocrx_word' id='word_1_174' title='bbox 1022 1415 1210 1466; x_wconf 85' lang='lat' dir='ltr'>servant,</span> <span class='ocrx_word' id='word_1_175' title='bbox 1256 1412 1301 1454; x_wconf 92' lang='lat' dir='ltr'>in</span> <span class='ocrx_word' id='word_1_176' title='bbox 1338 1411 1494 1454; x_wconf 90' lang='lat' dir='ltr'>Libero</span> <span class='ocrx_word' id='word_1_177' title='bbox 1534 1427 1622 1454; x_wconf 89' lang='lat' dir='ltr'>non</span> 
     </span>
     <span class='ocr_line' id='line_1_28' title="bbox 279 1471 1621 1528; baseline -0.001 -14"><span class='ocrx_word' id='word_1_178' title='bbox 279 1471 421 1528; x_wconf 86' lang='lat' dir='ltr'>item),</span> <span class='ocrx_word' id='word_1_179' title='bbox 467 1472 566 1514; x_wconf 91' lang='lat' dir='ltr'>hinc</span> <span class='ocrx_word' id='word_1_180' title='bbox 611 1472 741 1513; x_wconf 90' lang='lat' dir='ltr'>etiam</span> <span class='ocrx_word' id='word_1_181' title='bbox 784 1471 1012 1525; x_wconf 82' lang='lat' dir='ltr'>Romulus,</span> <span class='ocrx_word' id='word_1_182' title='bbox 1058 1485 1183 1525; x_wconf 90' lang='lat' dir='ltr'>quem</span> <span class='ocrx_word' id='word_1_183' title='bbox 1228 1471 1398 1526; x_wconf 87' lang='lat' dir='ltr'>quidem</span> <span class='ocrx_word' id='word_1_184' title='bbox 1442 1472 1621 1514; x_wconf 90' lang='lat' dir='ltr'>eundem</span> 
     </span>
     <span class='ocr_line' id='line_1_29' title="bbox 281 1530 1621 1586; baseline -0.002 -12"><span class='ocrx_word' id='word_1_185' title='bbox 281 1547 373 1574; x_wconf 89' lang='lat' dir='ltr'>esse</span> <span class='ocrx_word' id='word_1_186' title='bbox 403 1531 627 1581; x_wconf 86' lang='lat' dir='ltr'>Quirinum</span> <span class='ocrx_word' id='word_1_187' title='bbox 659 1533 832 1586; x_wconf 81' lang='lat' dir='ltr'>putant3</span> <span class='ocrx_word' id='word_1_188' title='bbox 864 1545 1044 1585; x_wconf 89' lang='lat' dir='ltr'>quorum</span> <span class='ocrx_word' id='word_1_189' title='bbox 1071 1545 1167 1572; x_wconf 90' lang='lat' dir='ltr'>cum</span> <span class='ocrx_word' id='word_1_190' title='bbox 1192 1533 1463 1572; x_wconf 85' lang='lat' dir='ltr'>remanerent</span> <span class='ocrx_word' id='word_1_191' title='bbox 1489 1530 1621 1572; x_wconf 84' lang='lat' dir='ltr'>animi</span> 
     </span>
     <span class='ocr_line' id='line_1_30' title="bbox 281 1589 1671 1646; baseline -0.002 -13"><span class='ocrx_word' id='word_1_192' title='bbox 281 1594 409 1646; x_wconf 87' lang='lat' dir='ltr'>atque</span> <span class='ocrx_word' id='word_1_193' title='bbox 437 1590 691 1632; x_wconf 85' lang='lat' dir='ltr'>aeternitate</span> <span class='ocrx_word' id='word_1_194' title='bbox 722 1589 984 1644; x_wconf 79' lang='lat' dir='ltr'>fruerentur,</span> <span class='ocrx_word' id='word_1_195' title='bbox 1016 1589 1098 1630; x_wconf 91' lang='lat' dir='ltr'>rite</span> <span class='ocrx_word' id='word_1_196' title='bbox 1131 1589 1173 1630; x_wconf 91' lang='lat' dir='ltr'>di</span> <span class='ocrx_word' id='word_1_197' title='bbox 1205 1591 1306 1631; x_wconf 83' lang='lat' dir='ltr'>sunt</span> <span class='ocrx_word' id='word_1_198' title='bbox 1335 1589 1491 1644; x_wconf 84' lang='lat' dir='ltr'>habiti,</span> <span class='ocrx_word' id='word_1_199' title='bbox 1524 1605 1619 1631; x_wconf 89' lang='lat' dir='ltr'>cum</span> <span class='ocrx_word' id='word_1_200' title='bbox 1640 1600 1671 1627; x_wconf 82' lang='lat'>25</span> 
     </span>
     <span class='ocr_line' id='line_1_31' title="bbox 282 1648 967 1704; baseline -0.003 -13"><span class='ocrx_word' id='word_1_201' title='bbox 282 1653 324 1691; x_wconf 90' lang='lat' dir='ltr'>et</span> <span class='ocrx_word' id='word_1_202' title='bbox 357 1649 511 1704; x_wconf 88' lang='lat' dir='ltr'>optimi</span> <span class='ocrx_word' id='word_1_203' title='bbox 544 1651 686 1690; x_wconf 89' lang='lat' dir='ltr'>essent</span> <span class='ocrx_word' id='word_1_204' title='bbox 718 1651 761 1690; x_wconf 90' lang='lat' dir='ltr'>et</span> <span class='ocrx_word' id='word_1_205' title='bbox 793 1648 967 1690; x_wconf 87' lang='lat' dir='ltr'>aeterni.</span> 
     </span>
    </p>

    <p class='ocr_par' dir='ltr' id='par_1_8' title="bbox 279 1706 1685 2352">
     <span class='ocr_line' id='line_1_32' title="bbox 373 1706 1685 1763; baseline -0.001 -14"><span class='ocrx_word' id='word_1_206' title='bbox 373 1708 474 1749; x_wconf 91' lang='lat' dir='ltr'>Alia</span> <span class='ocrx_word' id='word_1_207' title='bbox 501 1722 667 1762; x_wconf 89' lang='lat' dir='ltr'>quoque</span> <span class='ocrx_word' id='word_1_208' title='bbox 694 1722 743 1749; x_wconf 83' lang='lat' dir='ltr'>ex</span> <span class='ocrx_word' id='word_1_209' title='bbox 769 1707 947 1762; x_wconf 74' lang='lat' dir='ltr'>ratione,</span> <span class='ocrx_word' id='word_1_210' title='bbox 979 1709 1022 1749; x_wconf 87' lang='lat' dir='ltr'>et</span> <span class='ocrx_word' id='word_1_211' title='bbox 1048 1707 1216 1762; x_wconf 89' lang='lat' dir='ltr'>quidem</span> <span class='ocrx_word' id='word_1_212' title='bbox 1240 1706 1430 1762; x_wconf 78' lang='lat' dir='ltr'>physica,</span> <span class='ocrx_word' id='word_1_213' title='bbox 1461 1721 1620 1763; x_wconf 87' lang='lat' dir='ltr'>magna</span> <span class='ocrx_word' id='word_1_214' title='bbox 1684 1743 1685 1754; x_wconf 65' lang='grc'>,</span> 
     </span>
     <span class='ocr_line' id='line_1_33' title="bbox 280 1755 1685 1848; baseline -0.001 -39"><span class='ocrx_word' id='word_1_215' title='bbox 280 1767 404 1809; x_wconf 73' lang='lat' dir='ltr'>fiuxit</span> <span class='ocrx_word' id='word_1_216' title='bbox 448 1767 680 1808; x_wconf 89' lang='lat' dir='ltr'>multitudo</span> <span class='ocrx_word' id='word_1_217' title='bbox 726 1766 918 1821; x_wconf 82' lang='lat' dir='ltr'>deorum,</span> <span class='ocrx_word' id='word_1_218' title='bbox 964 1766 1036 1820; x_wconf 89' lang='lat' dir='ltr'>qui</span> <span class='ocrx_word' id='word_1_219' title='bbox 1078 1765 1217 1807; x_wconf 90' lang='lat' dir='ltr'>induti</span> <span class='ocrx_word' id='word_1_220' title='bbox 1255 1766 1394 1821; x_wconf 90' lang='lat' dir='ltr'>specie</span> <span class='ocrx_word' id='word_1_221' title='bbox 1430 1766 1620 1808; x_wconf 85' lang='lat' dir='ltr'>humana</span> <span class='ocrx_word' id='word_1_222' title='bbox 1682 1755 1685 1848; x_wconf 67' lang='grc'>1</span> 
     </span>
     <span class='ocr_line' id='line_1_34' title="bbox 279 1824 1619 1881; baseline 0 -14"><span class='ocrx_word' id='word_1_223' title='bbox 279 1826 452 1867; x_wconf 89' lang='lat' dir='ltr'>fabulas</span> <span class='ocrx_word' id='word_1_224' title='bbox 478 1826 617 1880; x_wconf 72' lang='lat' dir='ltr'>poetis</span> <span class='ocrx_word' id='word_1_225' title='bbox 646 1825 1039 1881; x_wconf 81' lang='lat' dir='ltr'>suppeditaverunt,</span> <span class='ocrx_word' id='word_1_226' title='bbox 1064 1824 1287 1867; x_wconf 89' lang='lat' dir='ltr'>hominum</span> <span class='ocrx_word' id='word_1_227' title='bbox 1313 1827 1457 1867; x_wconf 88' lang='lat' dir='ltr'>autem</span> <span class='ocrx_word' id='word_1_228' title='bbox 1482 1825 1619 1867; x_wconf 82' lang='lat' dir='ltr'>vitam</span> 
     </span>
     <span class='ocr_line' id='line_1_35' title="bbox 282 1883 1669 1939; baseline 0 -13"><span class='ocrx_word' id='word_1_229' title='bbox 282 1885 587 1939; x_wconf 86' lang='lat' dir='ltr'>superstitione</span> <span class='ocrx_word' id='word_1_230' title='bbox 632 1885 748 1926; x_wconf 90' lang='lat' dir='ltr'>omni</span> <span class='ocrx_word' id='word_1_231' title='bbox 787 1884 1060 1925; x_wconf 84' lang='lat' dir='ltr'>referserunt.</span> <span class='ocrx_word' id='word_1_232' title='bbox 1132 1884 1276 1938; x_wconf 88' lang='lat' dir='ltr'>Atque</span> <span class='ocrx_word' id='word_1_233' title='bbox 1319 1883 1389 1926; x_wconf 89' lang='lat' dir='ltr'>hic</span> <span class='ocrx_word' id='word_1_234' title='bbox 1431 1884 1550 1926; x_wconf 89' lang='lat' dir='ltr'>locus</span> <span class='ocrx_word' id='word_1_235' title='bbox 1595 1895 1669 1926; x_wconf 79' lang='lat' dir='ltr'>a30</span> 
     </span>
     <span class='ocr_line' id='line_1_36' title="bbox 283 1941 1683 1998; baseline -0.001 -13"><span class='ocrx_word' id='word_1_236' title='bbox 283 1943 451 1985; x_wconf 91' lang='lat' dir='ltr'>Zenone</span> <span class='ocrx_word' id='word_1_237' title='bbox 483 1945 696 1985; x_wconf 86' lang='lat' dir='ltr'>tractatus</span> <span class='ocrx_word' id='word_1_238' title='bbox 728 1946 829 1998; x_wconf 90' lang='lat' dir='ltr'>post</span> <span class='ocrx_word' id='word_1_239' title='bbox 861 1958 886 1985; x_wconf 87' lang='lat' dir='ltr'>a</span> <span class='ocrx_word' id='word_1_240' title='bbox 911 1942 1119 1984; x_wconf 85' lang='lat' dir='ltr'>Cleanthe</span> <span class='ocrx_word' id='word_1_241' title='bbox 1151 1945 1194 1984; x_wconf 89' lang='lat' dir='ltr'>et</span> <span class='ocrx_word' id='word_1_242' title='bbox 1217 1941 1457 1998; x_wconf 86' lang='lat' dir='ltr'>Chrysippo</span> <span class='ocrx_word' id='word_1_243' title='bbox 1489 1943 1620 1998; x_wconf 88' lang='lat' dir='ltr'>pluri·</span> <span class='ocrx_word' id='word_1_244' title='bbox 1680 1951 1683 1973; x_wconf 72' lang='lat'><em>³</em></span> 
     </span>
     <span class='ocr_line' id='line_1_37' title="bbox 283 1981 1682 2057; baseline 0.001 -13"><span class='ocrx_word' id='word_1_245' title='bbox 283 2003 362 2044; x_wconf 90' lang='lat' dir='ltr'>bus</span> <span class='ocrx_word' id='word_1_246' title='bbox 408 2002 549 2044; x_wconf 88' lang='lat' dir='ltr'>verbis</span> <span class='ocrx_word' id='word_1_247' title='bbox 595 2002 832 2056; x_wconf 86' lang='lat' dir='ltr'>explicatus</span> <span class='ocrx_word' id='word_1_248' title='bbox 877 2004 953 2043; x_wconf 91' lang='lat' dir='ltr'>est.</span> <span class='ocrx_word' id='word_1_249' title='bbox 1014 2001 1128 2043; x_wconf 89' lang='lat' dir='ltr'>Nam</span> <span class='ocrx_word' id='word_1_250' title='bbox 1170 2003 1293 2043; x_wconf 86' lang='lat' dir='ltr'>vetus</span> <span class='ocrx_word' id='word_1_251' title='bbox 1332 2002 1437 2044; x_wconf 86' lang='lat' dir='ltr'>haec</span> <span class='ocrx_word' id='word_1_252' title='bbox 1474 2002 1618 2057; x_wconf 90' lang='lat' dir='ltr'>opinio</span> <span class='ocrx_word' id='word_1_253' title='bbox 1679 1981 1682 2046; x_wconf 60' lang='lat' dir='ltr'>l</span> 
     </span>
     <span class='ocr_line' id='line_1_38' title="bbox 284 2052 1679 2123; baseline 0 -21"><span class='ocrx_word' id='word_1_254' title='bbox 284 2060 508 2102; x_wconf 85' lang='lat' dir='ltr'>Graeciam</span> <span class='ocrx_word' id='word_1_255' title='bbox 548 2061 741 2116; x_wconf 87' lang='lat' dir='ltr'>opplevit</span> <span class='ocrx_word' id='word_1_256' title='bbox 779 2063 995 2102; x_wconf 77' lang='lat' dir='ltr'>exsectum</span> <span class='ocrx_word' id='word_1_257' title='bbox 1028 2059 1204 2102; x_wconf 87' lang='lat' dir='ltr'>Caelum</span> <span class='ocrx_word' id='word_1_258' title='bbox 1243 2075 1268 2102; x_wconf 92' lang='lat' dir='ltr'>a</span> <span class='ocrx_word' id='word_1_259' title='bbox 1298 2060 1388 2102; x_wconf 90' lang='lat' dir='ltr'>filio</span> <span class='ocrx_word' id='word_1_260' title='bbox 1422 2059 1619 2115; x_wconf 74' lang='lat' dir='ltr'>Saturno,</span> <span class='ocrx_word' id='word_1_261' title='bbox 1676 2052 1679 2123; x_wconf 51' lang='lat' dir='ltr'>l</span> 
     </span>
     <span class='ocr_line' id='line_1_39' title="bbox 282 2118 1678 2176; baseline -0.001 -14"><span class='ocrx_word' id='word_1_262' title='bbox 282 2120 474 2162; x_wconf 85' lang='lat' dir='ltr'>vinctum</span> <span class='ocrx_word' id='word_1_263' title='bbox 506 2122 651 2161; x_wconf 89' lang='lat' dir='ltr'>autem</span> <span class='ocrx_word' id='word_1_264' title='bbox 671 2118 902 2160; x_wconf 89' lang='lat' dir='ltr'>Saturnum</span> <span class='ocrx_word' id='word_1_265' title='bbox 934 2119 1075 2174; x_wconf 88' lang='lat' dir='ltr'>ipsum</span> <span class='ocrx_word' id='word_1_266' title='bbox 1107 2134 1132 2160; x_wconf 91' lang='lat' dir='ltr'>a</span> <span class='ocrx_word' id='word_1_267' title='bbox 1162 2119 1252 2161; x_wconf 91' lang='lat' dir='ltr'>filio</span> <span class='ocrx_word' id='word_1_268' title='bbox 1278 2118 1391 2161; x_wconf 88' lang='lat' dir='ltr'>Iove.</span> <span class='ocrx_word' id='word_1_269' title='bbox 1436 2119 1619 2173; x_wconf 83' lang='lat' dir='ltr'>Physica</span> <span class='ocrx_word' id='word_1_270' title='bbox 1675 2127 1678 2176; x_wconf 59' lang='lat' dir='ltr'>l</span> 
     </span>
     <span class='ocr_line' id='line_1_40' title="bbox 282 2177 1677 2234; baseline -0.001 -14"><span class='ocrx_word' id='word_1_271' title='bbox 282 2178 393 2220; x_wconf 89' lang='lat' dir='ltr'>ratio</span> <span class='ocrx_word' id='word_1_272' title='bbox 438 2193 525 2220; x_wconf 90' lang='lat' dir='ltr'>non</span> <span class='ocrx_word' id='word_1_273' title='bbox 567 2178 788 2234; x_wconf 88' lang='lat' dir='ltr'>inelegans</span> <span class='ocrx_word' id='word_1_274' title='bbox 832 2178 997 2219; x_wconf 87' lang='lat' dir='ltr'>inclusa</span> <span class='ocrx_word' id='word_1_275' title='bbox 1040 2180 1105 2219; x_wconf 89' lang='lat' dir='ltr'>est</span> <span class='ocrx_word' id='word_1_276' title='bbox 1149 2178 1194 2219; x_wconf 88' lang='lat' dir='ltr'>in</span> <span class='ocrx_word' id='word_1_277' title='bbox 1236 2178 1391 2233; x_wconf 88' lang='lat' dir='ltr'>impias</span> <span class='ocrx_word' id='word_1_278' title='bbox 1428 2177 1677 2232; x_wconf 64' lang='lat' dir='ltr'>fabulas335j</span> 
     </span>
     <span class='ocr_line' id='line_1_41' title="bbox 285 2236 1675 2292; baseline 0 -14"><span class='ocrx_word' id='word_1_279' title='bbox 285 2237 513 2279; x_wconf 89' lang='lat' dir='ltr'>caelestem</span> <span class='ocrx_word' id='word_1_280' title='bbox 545 2237 658 2278; x_wconf 82' lang='lat' dir='ltr'>enim</span> <span class='ocrx_word' id='word_1_281' title='bbox 690 2237 948 2278; x_wconf 87' lang='lat' dir='ltr'>altissimam</span> <span class='ocrx_word' id='word_1_282' title='bbox 980 2236 1299 2292; x_wconf 86' lang='lat' dir='ltr'>aetheriamque</span> <span class='ocrx_word' id='word_1_283' title='bbox 1329 2239 1541 2291; x_wconf 76' lang='lat' dir='ltr'>naturam7</span> <span class='ocrx_word' id='word_1_284' title='bbox 1574 2237 1618 2278; x_wconf 91' lang='lat' dir='ltr'>id</span> <span class='ocrx_word' id='word_1_285' title='bbox 1673 2237 1675 2281; x_wconf 69' lang='grc' dir='ltr'>ἐ</span> 
     </span>
     <span class='ocr_line' id='line_1_42' title="bbox 283 2296 1617 2352; baseline -0.001 -14"><span class='ocrx_word' id='word_1_286' title='bbox 283 2298 349 2338; x_wconf 83' lang='lat' dir='ltr'>est</span> <span class='ocrx_word' id='word_1_287' title='bbox 391 2296 581 2352; x_wconf 77' lang='lat' dir='ltr'>igneam,</span> <span class='ocrx_word' id='word_1_288' title='bbox 627 2311 734 2352; x_wconf 90' lang='lat' dir='ltr'>quae</span> <span class='ocrx_word' id='word_1_289' title='bbox 777 2310 854 2352; x_wconf 89' lang='lat' dir='ltr'>per</span> <span class='ocrx_word' id='word_1_290' title='bbox 897 2310 989 2338; x_wconf 90' lang='lat' dir='ltr'>sese</span> <span class='ocrx_word' id='word_1_291' title='bbox 1027 2296 1171 2339; x_wconf 86' lang='lat' dir='ltr'>omnia</span> <span class='ocrx_word' id='word_1_292' title='bbox 1209 2296 1422 2352; x_wconf 85' lang='lat' dir='ltr'>gigneret,</span> <span class='ocrx_word' id='word_1_293' title='bbox 1466 2310 1617 2338; x_wconf 85' lang='lat' dir='ltr'>vacare</span> 
     </span>
    </p>
   </div>
   <div class='ocr_carea' id='block_1_7' title="bbox 1680 1850 1685 1950">
    <p class='ocr_par' dir='ltr' id='par_1_9' title="bbox 1680 1850 1685 1950">
     <span class='ocr_line' id='line_1_43' title="bbox 1680 1850 1685 1950; baseline 0 618"><span class='ocrx_word' id='word_1_294' title='bbox 1680 1850 1685 1950; x_wconf 95' lang='lat' dir='ltr'> </span> 
     </span>
    </p>
   </div>
   <div class='ocr_carea' id='block_1_8' title="bbox 1670 2306 1674 2399">
    <p class='ocr_par' dir='ltr' id='par_1_10' title="bbox 1670 2306 1674 2399">
     <span class='ocr_line' id='line_1_44' title="bbox 1671 2306 1674 2343; baseline 0 0"><span class='ocrx_word' id='word_1_295' title='bbox 1671 2306 1674 2343; x_wconf 63' lang='lat' dir='ltr'>ff</span> 
     </span>
     <span class='ocr_line' id='line_1_45' title="bbox 1670 2349 1672 2365; baseline 0 0"><span class='ocrx_word' id='word_1_296' title='bbox 1670 2349 1672 2365; x_wconf 79' lang='lat' dir='ltr'>l</span> 
     </span>
     <span class='ocr_line' id='line_1_46' title="bbox 1670 2384 1672 2399; baseline 0 0"><span class='ocrx_word' id='word_1_297' title='bbox 1670 2384 1672 2399; x_wconf 68' lang='lat' dir='ltr'><strong><em>s</em></strong></span> 
     </span>
    </p>
   </div>
  </div>
 </body>
</html>
