1685 2568
325 116 520 161 ARGUM„
547 116 636 152 ΜΒ.
662 118 690 152 1.
718 116 818 152 CAP.
848 121 878 159 1,
905 121 936 151 2.
963 120 983 159 5
1007 122 1105 152 1—3.
1299 117 1382 159 273

43 216 142 256 sunt
185 213 298 255 haud
338 213 487 268 procul
528 213 580 254 ab
627 212 782 254 aetatis
826 212 953 253 huius
998 211 1222 265 memoria,
1272 227 1383 253 com-

42 286 279 315 memorare
312 285 384 313 eos
418 272 577 325 desino,
608 285 660 312 ne
693 271 787 325 quis
821 285 865 312 se
892 272 967 311 aut
993 284 1168 311 suorum
1196 270 1383 324 aliquem

41 330 394 387 praetermissum
433 332 647 384 queratur.
714 329 854 371 Unum
885 329 967 370 hoc
998 328 1173 382 definio,
1214 330 1383 369 tantam

42 403 133 431 esse
170 389 472 430 necessitatem
512 388 686 430 virtutis
726 387 872 444 generi
909 387 1132 428 hominum
1173 401 1198 428 a
1228 389 1384 428 natura

6 450 295 501 stantumque
332 461 523 488 amorem
556 447 610 488 ad
641 461 911 489 communem
944 446 1128 487 salutem
1160 444 1383 486 defenden-

41 507 138 547 dam
176 506 341 559 datum,
379 507 428 546 ut
465 520 514 546 ea
545 506 610 547 vis
642 506 786 547 omnia
816 504 1113 546 blandimenta
1144 504 1382 559 voluptatis

41 565 204 618 otiique
235 564 398 606 vicerit.

127 622 217 664 Nec
254 637 355 664 vero
393 622 552 664 habere
590 622 798 664 virtutem
840 622 945 664 satis
985 624 1050 663 est
1089 621 1213 676 quasi
1244 623 1382 663 artem
1409 650 1429 680 2

41 681 248 736 aliquam,
279 681 364 722 nisi
397 682 402 735 Ι
436 684 576 736 utare,
609 681 692 722 etsi
724 696 792 722 ars
826 681 1015 735 quidem,
1046 695 1143 722 311111
1176 695 1226 722 33
1258 682 1310 733 [p.
1338 691 1381 722 78

39 755 125 782 non
155 743 290 794 utare,
323 740 502 782 scientia
533 742 680 781 tamen
703 740 799 795 ipsa
823 741 960 781 teneri
984 742 1141 795 potest,
1173 739 1312 781 virtus
1337 739 1384 780 in

39 813 119 841 usu
163 799 229 840 sui
271 801 367 840 tota
409 799 553 854 posita
596 801 678 852 est,
723 813 825 840 usus
871 801 1016 840 31113111
1059 798 1149 840 31113
1194 800 1260 840 331
1297 813 1384 840 1113-

39 858 180 899 ximus
217 857 406 899 civitatis
447 858 704 913 gubernatio
743 860 786 898 et
824 872 970 898 earum
1005 857 1198 912 ipsarum
1228 871 1384 911 rerum,

41 931 146 972 quas
183 916 258 958 isti
295 917 341 958 in
378 916 549 972 angulis
581 919 833 972 personant,
870 930 1039 971 reapse,
1070 931 1157 957 non
1189 916 1383 958 oratione

39 975 258 1031 perfectio.
307 974 429 1016 Nihil
463 975 575 1016 enim
608 975 763 1017 (11311111
788 990 814 1016 3
837 974 1122 1030 11111103οΡ1113,
1155 974 1269 1029 quod
1295 974 1384 1029 qui—

41 1034 136 1076 dem
162 1037 276 1076 recte
302 1034 567 1088 honesteque
593 1034 771 1088 dicatur,
804 1034 917 1088 quod
941 1047 1024 1075 non
1050 1034 1103 1074 ab
1130 1033 1183 1074 iis
1210 1036 1384 1088 partum

40 1093 426 1148 confirmatumque
452 1093 521 1148 sit,
550 1108 576 1134 a
601 1093 754 1147 quibus
783 1092 1031 1134 civitatibus
1057 1092 1152 1133 iura
1177 1092 1384 1147 discripta

40 1154 152 1193 sunt.
200 1151 324 1193 Unde
352 1151 357 1205 Ι
386 1151 499 1193 enim
530 1151 669 1206 pietas
696 1153 771 1192 aut
797 1166 822 1192 a
848 1151 1002 1205 quibus
1028 1150 1213 1206 religio?
1242 1152 1293 1202 [p.
1317 1162 1382 1192 123

39 1211 150 1252 unde
187 1210 252 1252 ius
291 1212 366 1252 aut
405 1210 600 1265 gentium
631 1212 706 1251 aut
737 1210 819 1251 hoc
849 1210 991 1264 ipsum
1024 1209 1149 1251 civile
1181 1209 1294 1263 quod
1326 1209 1384 1250 di-

40 1269 179 1311 citur?
212 1269 322 1310 unde
355 1269 535 1323 iustitia,
567 1268 685 1323 fides,
717 1269 941 1323 aequitas?
973 1269 1083 1309 unde
1109 1268 1257 1323 pudor,
1289 1283 1385 1310 con-

39 1328 241 1382 tinentia,
283 1327 389 1383 fuga
426 1327 724 1382 turpitudinis,
769 1327 1016 1383 adpetentia
1053 1327 1192 1368 laudis
1231 1329 1274 1369 et
1310 1327 1385 1369 ho-

39 1387 252 1429 nestatis?
297 1386 408 1428 unde
451 1386 498 1427 in
540 1386 762 1428 laboribus
807 1389 850 1427 31
897 1386 1098 1442 periculis
1142 1386 1384 1428 fortitudo?

39 1445 206 1500 Nempe
238 1445 292 1487 ab
324 1445 391 1500 iis,
424 1445 497 1500 qui
528 1445 634 1487 haec
660 1445 898 1500 disciplinis
923 1444 1159 1486 informata
1185 1445 1272 1486 alia
1296 1459 1384 1487 mo-

39 1504 158 1546 ribus
179 1504 500 1559 confirmarunt,
526 1507 758 1546 sanxerunt
779 1506 923 1545 autem
945 1504 1031 1545 alia
1051 1504 1232 1560 legibus.
1272 1502 1384 1552 Quin

40 1563 171 1605 etiam
202 1562 474 1605 Xenocraten
508 1563 670 1617 ferunt,
707 1563 899 1604 nobilem
936 1563 982 1604 in
1012 1563 1163 1617 primis
1196 1562 1384 1618 philoso-

40 1622 192 1678 phum,
229 1636 326 1664 cum
362 1619 649 1677 quaelreretur
680 1636 732 1663 ex
763 1636 831 1676 eo,
870 1622 972 1677 quid
1003 1621 1203 1676 adseque-
1237 1623 1288 1674 [p.
1319 1632 1385 1663 124

39 1683 189 1723 rentur
225 1680 315 1722 eius
353 1680 569 1736 discipuli,
613 1680 902 1736 respondisse,
947 1683 996 1721 ut
1032 1680 1074 1721 id
1115 1695 1193 1722 sua
1231 1683 1384 1735 sponte

40 1740 248 1793 facerent,
287 1739 400 1794 quod
437 1742 693 1795 cogerentur
728 1739 870 1781 facere
908 1740 1090 1795 legibus.
1151 1739 1270 1796 Ergo
1308 1739 1383 1780 ille

41 1799 164 1853 civis,
208 1798 295 1865 qui
324 1798 367 1839 id
410 1799 528 1864 cogit
571 1798 710 1840 omnis
747 1798 928 1853 imperio
966 1799 1196 1854 legumque
1233 1812 1384 1853 poena,

42 1857 156 1913 quod
191 1859 263 1899 vix
297 1855 447 1923 paucis
486 1857 742 1912 persuadere
780 1857 975 1899 oratione
992 1856 1257 1923 philosophi
1288 1871 1384 1912 pos-

42 1918 154 1971 sunt,
186 1916 318 1958 etiam
348 1916 414 1970 iis,
447 1916 519 1971 qui
549 1915 629 1957 illa
654 1916 888 1982 disputant,
919 1916 1025 1971 ipsis
1053 1918 1119 1957 est
1144 1915 1383 1971 praeferen-

41 1975 119 2017 dus
163 1975 423 2017 doctoribus.
482 1973 598 2023 Quae
637 1977 702 2015 est
740 1975 854 2016 enim
891 1975 1075 2016 istorum
1113 1975 1253 2016 oratio
1291 1977 1383 2016 tam

42 2034 266 2089 exquisita,
298 2048 406 2088 quae
439 2033 497 2074 sit
530 2034 828 2088 anteponenda
858 2034 966 2075 bene
998 2033 1259 2075 constitutae
1285 2034 1383 2075 civi-

40 2093 124 2134 tati
153 2092 326 2147 publico
357 2093 449 2134 11113
480 2094 524 2133 31
548 2092 770 2134 moribus?
813 2092 1025 2147 Equidem
1053 2092 1058 2146 Ι
1087 2107 1214 2147 quem
1242 2094 1293 2145 [p.
1317 2103 1382 2134 1⁶25

42 2152 96 2193 ad
120 2151 294 2193 modum
326 2151 498 2193 ‘urbes
531 2165 741 2207 magnas
773 2153 927 2206 atque
958 2151 1303 2206 imperiosas',
1334 2153 1383 2192 111

42 2210 235 2276 3111131131
265 2210 443 2264 Ε11111113,
473 2209 625 2251 viculis
653 2212 696 2251 et
720 2211 911 2252 castellis
937 2210 1237 2266 praeferendas
1264 2212 1380 2264 puto,

42 2268 102 2311 sic
144 2283 236 2323 303,
279 2269 352 2334 qui
394 2244 461 2310 hi⁷s
505 2269 683 2310 urbibus
727 2269 905 2311 consilio
951 2272 1078 2324 atque
1123 2269 1380 2310 auctoritate

41 2329 258 2383 praesunt,
288 2327 354 2382 113,
387 2327 459 2383 qui
491 2327 629 2369 omnis
661 2328 827 2384 negotii
856 2328 1019 2384 publici
1053 2330 1246 2383 expertes
1280 2327 1380 2380 sint,

115 2402 186 2430 313
206 2403 259 2428 1v
280 2404 296 2429 2
1056 2400 1097 2432 18
