1685 2568
237 123 322 165 362
714 125 779 159 DE
805 125 867 160 RE
893 125 1094 160 PUBLTCA

235 220 395 276 privati
432 223 577 276 petere
615 221 813 263 solebant
851 237 877 264 a
913 222 1105 276 regibus,
1147 221 1201 262 ob
1235 236 1389 275 easque
1419 236 1570 263 causas

237 280 333 334 agri
371 280 462 321 arvi
501 283 544 321 et
582 280 748 321 arbusti
786 283 828 321 et
865 280 1014 334 pascui
1052 279 1131 320 lati
1163 282 1291 334 atque
1322 280 1472 321 uberes
1505 280 1572 321 de-

234 338 512 392 finiebantur,
552 339 624 393 qui
662 340 804 379 essent
841 338 949 393 regii
988 338 1095 392 [qui]
1129 338 1450 392 colerenturque
1481 338 1571 379 sine

237 411 388 452 regum
426 411 556 451 opera
594 399 637 438 et
674 397 839 451 labore,
876 399 925 437 ut
963 411 1034 437 eos
1066 397 1188 438 nulla
1218 397 1378 451 privati
1407 397 1572 452 negotii

235 470 339 497 cura
376 471 401 497 a
437 455 695 510 populorum
732 455 859 496 rebus
898 455 1136 496 abduceret.
1193 454 1284 496 Nec
1323 470 1423 497 vero
1462 455 1606 510 quis-5

236 529 366 568 quam
403 513 599 569 privatus
638 516 730 554 erat
762 514 1025 568 disceptator
1057 516 1131 555 aut
1162 514 1324 556 arbiter
1354 514 1462 568 litis,
1499 514 1573 555 sed

236 591 272 624 p.
299 574 385 625 248]
419 573 562 614 omnia
599 571 945 628 conflficiebantur
981 573 1148 614 iudiciis
1179 573 1322 628 regiis.
1382 572 1441 614 Et
1466 572 1573 614 mihi

234 632 406 685 quidem
444 631 613 672 videtur
643 629 787 672 Numa
823 634 969 672 noster
1009 632 1194 672 maxime
1234 631 1422 672 tenuisse
1460 631 1572 673 hunc

235 705 398 731 morem
424 692 611 731 veterem
633 689 837 731 Graeciae
862 704 1023 745 regum.
1073 690 1186 731 Nam
1213 690 1352 744 ceteri,
1386 690 1468 731 etsi
1491 690 1573 732 hoc

233 764 402 803 quoque
440 763 614 790 munere
645 748 953 804 fungebantur,
991 763 1194 804 magnam
1225 751 1371 789 tamen
1403 752 1571 804 partem
1591 763 1624 786 10

234 808 350 849 bella
389 810 613 863 gesserunt
650 810 693 849 et
730 822 876 849 eorum
913 807 1008 849 iura
1039 808 1279 862 coluerunt3
1320 808 1396 848 illa
1430 811 1573 849 autem

232 867 435 907 diuturna
465 881 549 920 pax
574 865 741 907 Numae
773 869 911 907 mater
942 866 1040 908 huic
1070 867 1167 907 urbi
1197 866 1302 907 iuris
1336 869 1378 907 et
1402 867 1572 922 religio-

232 925 300 966 nis
331 925 426 979 fuit,
459 925 531 979 qui
562 925 707 980 legum
739 925 868 966 etiam
902 925 1086 979 scriptor
1116 925 1282 978 fuisset,
1315 939 1420 979 quas
1453 925 1571 967 scitis

234 986 397 1038 extare,
439 983 552 1038 quod
592 984 762 1038 quidem
801 984 927 1025 liuius
971 984 1075 1025 civis
1116 984 1355 1039 proprium,
1397 984 1447 1025 de
1488 999 1571 1039 quo

235 1057 423 1098 agimus.
445 1076 454 1084 .
475 1076 483 1084 .
505 1076 513 1084 .
1593 1055 1624 1080 15

322 1102 384 1143 M.
418 1102 581 1143 Tullius
610 1102 658 1143 de
686 1115 730 1143 re
751 1102 863 1154 publ.
896 1102 960 1143 lib.
999 1102 1055 1143 V:
1093 1101 1166 1143 sed
1202 1104 1348 1143 tamen
1378 1104 1427 1142 ut
1458 1101 1571 1143 bono
1664 1108 1665 1112 ’

234 1160 349 1215 patri
374 1160 563 1202 familias
590 1160 768 1214 colendi,
801 1160 1063 1214 aedificandi,
1089 1160 1372 1202 ratiocinandi
1399 1160 1568 1214 quidam

236 1234 338 1260 usus
371 1234 477 1274 opus
510 1221 587 1260 est.
637 1220 821 1272 (Nonius
843 1234 887 1273 p.
919 1224 1015 1260 497.
1047 1222 1133 1271 19.)

186 1289 209 1319 5
234 1297 270 1330 p.
297 1280 383 1330 253]
484 1311 493 1320 .
520 1311 528 1320 .
555 1312 564 1319 .
590 1311 599 1320 .
618 1278 812 1319 radicum
851 1278 1144 1332 seminumque
1182 1292 1438 1333 cognoscere
1469 1293 1572 1320 num

233 1340 277 1378 te
310 1337 524 1379 offendet?
568 1337 630 1379 M.
657 1336 791 1389 Nihil,
823 1337 859 1378 si
890 1337 1016 1378 modo
1043 1351 1149 1391 opus
1177 1337 1351 1378 extabit.
1388 1336 1430 1379 S.
1456 1336 1572 1378 Num
1592 1348 1624 1373 20

1663 419 1670 551 ‘³

234 1396 279 1437 id
323 1396 512 1437 studium
556 1410 701 1437 censes
746 1410 838 1436 esse
881 1395 1027 1437 vilici?
1087 1396 1145 1437 M.
1176 1395 1371 1450 Minime,
1415 1396 1571 1450 quippe

233 1470 330 1497 cum
357 1456 451 1510 agri
478 1455 691 1496 culturam
717 1454 966 1509 saepissime
994 1469 1124 1508 opera
1149 1454 1329 1496 deficiat.
1373 1454 1415 1496 S.
1440 1454 1571 1510 Ergo,

233 1517 283 1555 ut
308 1514 460 1555 vilicus
485 1516 686 1555 naturam
713 1514 807 1568 agri
831 1513 964 1567 novit,
991 1513 1262 1567 dispensator
1289 1513 1458 1554 litteras
1479 1513 1572 1568 scit,

233 1576 414 1627 uterque
447 1576 590 1614 autem
622 1587 666 1613 se
696 1588 721 1613 a
747 1572 948 1613 scientiae
974 1571 1256 1613 delectatione
1283 1572 1336 1613 ad
1362 1572 1572 1613 efficiendi

234 1633 468 1673 utilitatem
501 1632 649 1685 refert,
688 1632 747 1672 sic
777 1634 923 1672 noster
954 1630 1024 1672 hic
1054 1633 1195 1672 rector
1227 1631 1438 1671 studuerit
1470 1645 1571 1672 sane
1590 1643 1624 1668 25
1663 1648 1664 1652 ¹

232 1691 317 1732 iuri
349 1693 391 1732 et
419 1690 588 1746 legibus
616 1689 933 1746 cognoscendis,
963 1689 1097 1731 fontis
1125 1689 1295 1743 quidem
1321 1704 1467 1731 earum
1492 1690 1572 1731 uti·
1662 1694 1663 1698 ’

233 1769 270 1801 p.
296 1751 383 1802 254]
418 1764 498 1804 que
530 1748 818 1806 perlspexerit,
850 1749 923 1789 sed
956 1762 1001 1789 se
1031 1748 1360 1802 responsitando
1387 1750 1430 1789 et
1455 1748 1572 1790 lecti-

234 1809 366 1850 tando
399 1811 442 1849 et
468 1808 750 1863 scriptitando
775 1822 829 1849 ne
853 1807 1072 1862 impediat,
1103 1809 1152 1847 ut
1178 1807 1300 1861 quasi
1325 1807 1571 1862 dispensare

233 1882 322 1909 rem
360 1867 579 1922 publicam
612 1869 654 1908 et
684 1867 727 1908 in
760 1881 810 1908 ea
841 1866 1026 1921 quodam
1058 1865 1184 1907 modo
1216 1865 1390 1907 vilicare
1420 1866 1570 1920 possit,

232 1926 392 1968 summi
428 1926 533 1967 iuris
568 1925 872 1981 peritissimus,
911 1925 1003 1966 sine
1035 1939 1118 1979 quo
1150 1925 1288 1965 iustus
1321 1939 1412 1965 esse
1442 1939 1568 1966 nemo
1588 1935 1624 1960 30

232 1987 390 2040 potest,
422 1984 560 2026 civilis
591 1999 677 2026 non
707 1984 929 2039 inperitus,
962 1983 1035 2025 sed
1066 1984 1139 2036 ita,
1171 1986 1219 2024 ut
1251 1985 1466 2024 astrorum
1497 1997 1570 2039 gu-

232 2045 454 2097 bernator,
492 2043 767 2098 physicorum
799 2043 1004 2096 medicus,
1042 2045 1221 2096 uterque
1254 2042 1366 2083 enim
1397 2042 1484 2082 illis
1517 2042 1571 2083 ad

233 2106 372 2144 artem
404 2117 526 2143 suam
558 2103 705 2154 utitur,
738 2102 810 2142 sed
843 2116 887 2142 se
919 2117 944 2142 a
976 2116 1051 2142 suo
1085 2115 1258 2142 munere
1282 2115 1370 2142 non
1394 2100 1569 2156 inpedit.

232 2162 345 2203 Illud
377 2164 521 2203 autem
551 2161 715 2202 videbit
747 2161 815 2202 hic
847 2161 931 2202 vir.
953 2194 961 2202 .
982 2194 1019 2202 ..

233 2241 267 2272 p.
290 2223 373 2274 199]
474 2254 482 2262 .
504 2253 512 2261 .
533 2253 542 2262 .
562 2219 842 2273 ‚civitatibus,
880 2219 926 2260 in
963 2219 1116 2273 quibus
1155 2220 1360 2273 expetunt
1399 2218 1569 2259 laudem
1588 2228 1623 2254 35
1659 2225 1661 2270 g

232 2279 399 2334 optumi
425 2281 467 2320 et
494 2279 632 2333 decus,
663 2278 946 2320 iornominiam
970 2278 1144 2333 fugiunt
1169 2292 1218 2318 ac
1244 2277 1437 2318 dedecus.
1478 2275 1570 2318 Nec

231 2354 331 2380 vero
369 2342 459 2379 tam
499 2340 616 2378 metu
653 2314 876 2392 pgenaque
907 2338 1139 2390 terrentur,
1179 2350 1285 2390 quae
1317 2338 1383 2376 est
1414 2335 1570 2377 consti-

181 2202 206 2284 <tm-l>—
