1685 2568
487 121 769 157 ADNOTATIO
797 120 998 157 CRITICA.
1281 123 1415 159 XXXV

76 218 198 249 -393.
227 219 243 249 1
276 215 455 261 [recteque
479 236 522 242 —
554 215 673 261 locus]
701 214 927 257 Reiffersch.,
960 215 1056 250 Bait.
1084 236 1128 241 —
1152 215 1192 250 P.
1220 220 1298 251 393.
1329 222 1344 252 1
1372 218 1416 253 de

72 263 235 296 amicitia
265 263 364 297 loeus
394 274 464 297 om.
496 262 667 296 lacunam
693 262 906 307 significans
933 262 1066 305 Halm,
1105 262 1204 298 Unde
1229 265 1323 298 enim
1348 265 1415 299 illa

71 308 300 354 Pythaqorae
329 311 404 345 iam
427 310 701 354 (pythaqoraeia
733 309 838 344 codd.
865 309 928 343 AB
955 321 1008 354 pr.
1034 321 1099 351 m.,
1125 311 1341 356 phitaqorea
1365 311 1413 355 H)

71 357 160 390 trita
195 367 265 391 vox
301 358 344 392 de
380 357 544 391 amicitia
568 367 589 390 *
616 368 636 390 *
670 357 767 391 loeus
797 355 904 390 Vahl.
943 355 1036 391 haec
1073 356 1148 391 fere
1181 356 1412 392 intercidisse

71 403 190 437 ratus:
214 404 388 439 nimirum
411 404 496 438 huic
520 403 764 438 communioni
787 407 837 438 est
860 404 902 437 in
925 403 1109 438 hominum
1133 405 1315 447 societate,
1340 415 1415 439 non

70 450 184 484 solum
219 451 262 485 in
291 451 465 486 amicitia.
492 469 537 475 —
570 449 609 484 P.
643 454 722 484 393.
749 454 769 484 2
809 451 958 485 benivol.
991 450 1110 493 codd,
1151 451 1208 485 ‘ub
1240 452 1414 496 semper’,

71 496 196 539 Vah1.;
223 508 258 532 v.
284 497 332 532 ad
356 509 392 543 p.
420 501 451 533 6.
478 500 510 531 5.
537 517 581 522 -
605 496 644 531 P.
671 501 750 531 393.
778 500 798 531 5
823 508 920 541 sepse
944 496 1053 540 Bait„
1079 496 1200 541 Vahl.,
1229 508 1308 543 sepe
1333 498 1413 532 cod.

70 542 116 587 H,
141 555 212 579 sese
230 543 269 578 in
287 554 357 578 ras.
377 543 420 587 A,
446 554 532 587 sese,
559 543 624 578 sed
644 543 764 578 altera
787 555 805 578 s
829 543 867 578 in
892 554 975 587 ras„
995 543 1036 587 B,
1063 543 1182 589 vulg,
1210 544 1254 579 ef.
1275 557 1311 590 p.
1333 549 1412 580 377.

73 595 126 625 19.
155 611 199 616 —
223 590 263 625 Ρ.
289 595 368 626 393.
399 594 439 625 15
465 591 513 625 iis
537 590 621 634 all.,
645 591 702 625 his
728 590 833 625 codd.
859 590 923 624 AB
950 592 1029 635 (siis
1052 591 1118 636 H),
1144 591 1277 633 Halm,
1304 591 1413 635 Bait„

70 637 179 672 Vahl.
205 658 250 663 -
274 637 314 672 P.
341 641 420 672 393.
450 642 492 672 16
519 638 652 681 effici
674 639 816 673 videtur
841 637 977 683 Haupt.
1004 638 1079 672 ind
1106 638 1190 672 lect.
1218 639 1292 673 hib.
1324 644 1412 674 1867

70 697 105 730 p.
132 689 153 719 3
169 696 221 728 sq.
248 685 322 730 (op.
348 685 383 719 ΙΙ
414 686 509 730 359),
535 685 657 719 Attico
681 686 799 719 neseio
831 683 924 719 conj.
952 684 1060 719 Vahl.
1088 685 1172 720 coll.
1198 685 1276 720 Att.
1303 685 1354 720 VI
1380 690 1412 720 2.

70 737 103 775 8,
129 743 179 767 cm
202 731 326 768 Attico
350 733 469 767 nescio
493 731 657 766 Huschk.
686 731 877 776 (debebat,
909 732 952 766 ui:
977 731 1126 777 opinor,
1158 733 1248 767 mihi
1272 734 1415 777 quidem

70 800 114 805 —
145 779 311 823 videtur),
342 779 465 814 Attico
497 778 568 813 del.
600 778 697 813 Bait.
731 799 776 804 —
808 778 847 813 P.
880 783 958 814 393.
993 783 1035 813 21
1070 790 1353 824 communemque
1383 780 1413 814 B

68 836 256 907 {llIlerSOEB
269 837 344 907 qlff’
365 825 478 907 vulg,
498 825 856 919 {gssll'figofffffinem
875 825 1025 918 AHZ'eJt
1043 837 1260 909 cleinqmungm
1279 827 1412 909 lssoltz„

105 884 126 907 a
143 885 202 916 m.,
260 884 295 907 a1
317 901 324 908 .
351 893 395 899 -—
459 901 464 907 .
550 880 579 906 “.
703 884 720 908 e
783 884 888 908 enevo
904 885 946 908 en
964 885 1001 908 za
1083 884 1104 907 a
1121 885 1179 918 m.,
1229 885 1366 909 enzvo.
1394 885 1414 909 e

71 920 177 955 codd.
203 920 328 962 Vah1.;
356 931 390 955 v.
414 920 461 954 ad
487 932 523 964 p.
545 924 576 954 6.
598 924 629 954 5.
657 940 701 945 —
726 919 766 954 P.
794 924 873 954 393.
901 925 943 955 29
971 921 1145 955 distincta
1171 921 1250 955 cod.
1271 920 1300 954 B
1323 932 1412 956 corr.

70 978 115 1002 ex
139 968 286 1010 detieta,
312 966 433 1008 Vahl.,
465 968 632 1002 distincte
662 966 707 1011 H,
739 968 875 1002 detecta
905 967 944 1001 in
974 967 1088 1001 litura
1111 967 1155 1011 A,
1181 969 1415 1013 distincteque

70 1014 183 1059 vulg,
209 1016 375 1059 †cletecta
393 1013 525 1056 Halm„
551 1015 705 1049 dissecta
722 1014 858 1055 Madv„
883 1013 991 1057 Bait-h,
1011 1019 1044 1049 et
1063 1016 1242 1058 adstricte,
1262 1020 1294 1050 et
1313 1017 1416 1051 electe

70 1061 145 1104 all.,
176 1063 326 1096 disiecta
363 1061 456 1096 eom’.
495 1060 616 1095 Halm.
650 1082 694 1087 -—-
733 1060 773 1095 P.
806 1065 885 1095 393.
919 1065 962 1096 32
995 1061 1048 1096 Et
1079 1061 1197 1105 codd,
1229 1061 1337 1097 Vahl.
1366 1063 1412 1107 (v.

70 1108 299 1152 Feldhueg.),
330 1109 410 1143 Aut
439 1107 582 1147 Lamo,
621 1107 760 1150 Halm,
798 1107 894 1141 Bait.
934 1129 978 1133 -
1015 1107 1054 1142 Ρ.
1094 1113 1172 1143 393.
1212 1113 1255 1143 37
1294 1111 1412 1145 stabil.

69 1156 195 1191 urbes
226 1155 410 1200 (Tui-neb.)
441 1156 709 1199 sanandosque
739 1154 1006 1199 (Feldhuegel.)
1038 1154 1163 1198 Vahl.,
1195 1157 1284 1191 stab.
1317 1159 1415 1192 uires

71 1204 180 1246 (iures
197 1202 246 1246 H)
264 1213 342 1237 san.
364 1201 482 1245 codd,
507 1202 744 1236 stabiliendas
757 1212 780 1236 *
793 1212 815 1236 κε
828 1202 907 1236 iure
926 1203 1117 1237 sociandos
1135 1202 1268 1246 Halm.,
1294 1205 1412 1238 stabil.

68 1251 148 1285 iure
171 1253 204 1284 et
228 1260 306 1284 san.
338 1248 462 1283 Madv.
490 1259 548 1294 op.
574 1248 610 1282 Π
638 1253 703 1283 142
730 1260 777 1292 n.‚
808 1247 905 1282 Bait.
933 1269 976 1274 —-
1007 1248 1046 1283 P.
1073 1253 1152 1284 394.
1182 1254 1223 1284 17
1249 1251 1306 1285 his
1332 1251 1412 1285 cod.

69 1296 119 1339 H,
144 1295 264 1341 vulg„
295 1298 328 1331 is
358 1296 413 1340 (Is
442 1295 492 1337 A,
523 1297 556 1330 is
587 1306 764 1340 superscr.
797 1296 813 1330 i
841 1295 888 1339 B)
921 1297 1027 1339 cett,
1059 1297 1106 1331 iis
1137 1296 1270 1340 Halm,
1305 1297 1413 1342 Bait,

68 1343 177 1378 Vahl.
206 1364 246 1368 ——
280 1342 321 1377 P.
355 1347 434 1378 394.
461 1347 505 1377 29
536 1344 671 1377 nimias
702 1353 792 1377 corr.
825 1343 884 1387 (ex
910 1371 916 1377 .
942 1345 1022 1388 mis)
1049 1343 1090 1387 B,
1122 1342 1162 1378 in
1186 1355 1256 1379 ras.
1282 1344 1315 1378 A
1341 1347 1412 1389 (ra-

68 1392 192 1427 tiones.
224 1391 327 1426 dabit
355 1390 415 1435 H),
448 1390 561 1435 vulg„
593 1389 713 1433 Vahl.,
739 1391 888 1425 miseras
912 1389 1016 1434 Dav.,
1043 1390 1176 1434 Halm„
1207 1390 1304 1426 Bait.
1344 1392 1411 1437 (Fl.

69 1449 152 1472 ann.
172 1450 208 1483 p.
228 1441 322 1482 272).
344 1458 387 1463 -—
405 1437 447 1472 P.
468 1442 546 1472 394.
567 1441 610 1472 31
637 1438 739 1472 illius
758 1437 876 1481 codd,
897 1437 1018 1481 Vahl.,
1043 1439 1130 1473 ullis
1148 1437 1252 1482 Dav.,
1278 1439 1412 1484 Halm,

68 1485 165 1520 Bait.
192 1506 236 1510 —
260 1484 302 1519 P.
329 1488 408 1520 394.
434 1488 478 1519 32
500 1496 552 1528 sq.
578 1486 620 1519 in
644 1485 726 1519 deos
750 1485 874 1529 inpiet.
900 1484 1127 1529 Reiffersch.,
1155 1484 1264 1529 Bait„
1292 1486 1412 1530 Vahl.,

68 1533 293 1578 impietatum
317 1532 429 1576 vulg„
455 1531 588 1575 Halm,
614 1531 778 1566 Huschk.
799 1551 843 1557 -
869 1531 909 1566 Ρ.
932 1536 1011 1567 394.
1033 1537 1077 1567 36
1103 1533 1165 1568 sed
1189 1544 1245 1568 eos
1271 1535 1414 1579 aqitant

0 1565 1 1589 ἶ
68 1581 360 1624 insectanturque
389 1578 493 1623 Bak„
523 1578 657 1622 Halm,
689 1578 797 1623 Bait„
827 1583 869 1614 ut
898 1590 956 1614 eos
981 1581 1129 1625 ayitent
1155 1580 1242 1624 (AB,
1269 1582 1413 1626 ayitant

68 1627 116 1672 H)
141 1628 443 1671 insectanturque
462 1626 580 1669 codd,
606 1627 666 1662 sed
684 1630 725 1661 ut
749 1637 805 1661 eos
830 1627 967 1672 ayitent
985 1627 1269 1672 iii-sectenturque
1288 1628 1411 1672 Rath„

68 1673 178 1709 Vahl.
205 1695 249 1700 —
279 1673 318 1708 P.
351 1677 430 1708 395.
454 1677 474 1708 9
499 1673 554 1719 [si
572 1673 714 1719 poena]
737 1673 858 1707 Halm.
886 1693 930 1699 -
956 1673 994 1707 P.
1021 1678 1100 1708 395.
1129 1679 1170 1708 11
1197 1679 1263 1709 aut
1288 1675 1408 1719 codd,

69 1721 190 1765 Vahl.,
215 1725 322 1766 atque
345 1720 442 1764 Em.,
466 1720 601 1764 Madv.,
627 1720 760 1764 Halm,
786 1720 882 1755 Bait.
909 1741 953 1746 —
984 1720 1026 1755 P.
1053 1725 1132 1755 395.
1162 1725 1204 1756 19
1225 1732 1277 1765 sq.
1303 1723 1412 1766 faciet

70 1769 190 1812 (facit,
216 1768 282 1802 sed
306 1769 336 1803 it
360 1767 399 1801 in
417 1768 487 1811 ht,
505 1767 549 1810 A,
574 1768 666 1812 faeti
692 1778 781 1802 corr.
806 1768 917 1811 faciet
938 1767 982 1809 Β)
1008 1772 1041 1803 et
1064 1769 1227 1803 metietur
1252 1771 1299 1811 (et
1316 1781 1410 1804 men-

69 1817 179 1851 tietur
207 1814 284 1858 AB,
316 1816 496 1850 emetietuo·
527 1814 577 1859 H)
609 1814 727 1859 codd,
759 1815 872 1860 vulg,
903 1816 996 1859 facit
1026 1819 1059 1850 et
1088 1817 1233 1850 ‘metitur
1258 1816 1409 1860 Victor„

69 1863 224 1898 Vahlen.
256 1861 421 1897 futurum
451 1861 540 1896 ferri
569 1872 644 1896 non
674 1872 783 1907 posse
813 1863 960 1907 putans.
1010 1861 1091 1907 Ego
1124 1862 1169 1897 de
1201 1874 1270 1897 usu
1294 1863 1411 1898 futuri

69 1909 181 1955 longe
207 1920 311 1944 secus
338 1909 525 1952 existimo,
552 1908 598 1944 cf.
625 1909 672 1943 ad
697 1921 732 1954 p.
760 1913 840 1944 381.
861 1914 904 1944 23
932 1910 972 1944 ct
995 1914 1050 1945 44.
1074 1914 1106 1944 7.
1134 1931 1177 1935 —
1202 1909 1243 1944 P.
1266 1914 1343 1945 395.
1365 1915 1409 1946 28

70 1958 142 1992 sita
160 1956 278 2000 codd,
297 1956 418 1999 Vahl.,
437 1958 530 1991 scita
548 1956 622 2000 all„
643 1958 786 1991 sancita
809 1956 906 2000 Em.,
926 1957 1059 2000 Halm„
1080 1956 1176 1991 Bait.
1204 1979 1248 1983 —
1267 1957 1308 1992 P.
1330 1962 1409 1993 395.

71 2008 115 2038 29
145 2005 219 2039 sint
249 2003 357 2039 codd.
388 2003 454 2038 BH
485 2005 577 2048 (sent
605 2004 662 2047 A),
700 2004 821 2048 Vahl.,
858 2009 943 2039 sunt
974 2005 1016 2039 R.
1055 2003 1243 2049 Stephan„
1275 2005 1409 2050 Halm,

71 2050 184 2093 Bait.;
217 2050 264 2084 ad
293 2063 329 2096 p.
364 2055 418 2086 16.
451 2056 506 2086 31.
539 2072 583 2076 ——
614 2050 656 2086 P.
688 2055 768 2086 395.
800 2055 845 2086 34
882 2052 1130 2086 indemnatum
1167 2051 1250 2086 add.
1289 2052 1409 2096 Vahl.,

69 2098 156 2143 [aut
180 2098 321 2132 indicta
345 2099 478 2144 eausa]
502 2097 703 2141 Feldhueg.
730 2099 880 2133 auctore
905 2098 1039 2143 Halm,
1064 2098 1161 2133 Bait.
1188 2120 1232 2124 —
1263 2099 1302 2134 P.
1329 2103 1408 2135 395.

70 2149 115 2179 36
140 2156 208 2190 quo
235 2144 314 2179 eod.
339 2144 384 2189 H,
409 2146 522 2190 vulg„
547 2147 633 2190 quoi
656 2145 776 2180 Halm.
802 2146 1016 2191 propterea,
1048 2146 1145 2190 quod
1172 2147 1229 2181 cst
1253 2146 1292 2181 in
1316 2146 1345 2180 B
1373 2148 1410 2182 et

69 2191 143 2225 fuit
173 2191 251 2226 sine
282 2190 394 2226 dubio
425 2192 464 2226 in
495 2193 526 2226 A
558 2194 662 2237 quod.
694 2214 738 2218 —
762 2192 804 2227 P.
838 2197 916 2228 396.
945 2197 964 2228 7
985 2205 1039 2237 sq.
1065 2204 1113 2228 ea
1137 2205 1244 2238 quae
1269 2206 1330 2239 pr.
1356 2198 1406 2229 ut.

70 2240 314 2281 constituitur,
339 2242 377 2273 et
400 2240 557 2274 utilitate
580 2241 648 2275 illa
672 2239 816 2285 scripsi,
841 2252 950 2285 eaque
973 2252 1064 2285 quae
1088 2260 1133 2266 —
1158 2245 1282 2284 const„
1308 2242 1409 2276 utili-

70 2289 142 2321 tate
165 2287 233 2321 illa
263 2286 354 2330 (alia
377 2284 419 2319 R.
453 2285 591 2331 steph„
622 2286 758 2331 Madv.,
788 2287 900 2331 Bait.)
932 2288 1045 2332 vulg„
1077 2299 1119 2323 ea
1143 2299 1233 2332 quae
1259 2288 1337 2322 cod.
1362 2287 1408 2331 A,

74 2344 135 2368 ‘zea
160 2344 250 2378 quae
274 2332 316 2376 B,
348 2343 455 2377 eaque
479 2332 523 2367 H.
550 2354 594 2358 —
626 2333 666 2368 P.
694 2338 772 2369 396.
801 2338 844 2368 10
869 2336 1017 2370 virtutes
1042 2345 1160 2370 omnes
1184 2334 1284 2379 vulg.
1312 2334 1407 2377 add,

1080 2393 1125 2426 C*
