1685 2568
259 90 315 130 64
663 89 728 124 DE
754 88 958 124 NATURA
982 89 1186 124 DEORUM

258 185 358 240 dici,
395 187 488 226 tum
519 199 710 227 recessus
743 187 786 227 et
815 184 990 240 frigoris
1023 187 1067 226 et
1098 185 1252 226 caloris
1285 185 1458 226 modum
1489 187 1594 226 tem-

258 246 430 299 perant3
461 243 707 286 circumitus
741 243 853 285 enim
885 243 988 285 solis
1021 243 1190 285 orbium
1221 256 1251 284 V
1283 246 1326 284 et
1356 255 1416 285 LX
1441 246 1484 284 et
1510 254 1592 286 CCC

260 305 414 357 quarta
444 302 532 344 fere
565 302 647 344 diei
679 305 802 357 parte
834 302 980 343 addita
1010 302 1331 344 conversionem
1366 302 1594 344 conficiunt

259 376 456 415 annuam,
487 361 708 402 inflectens
742 363 886 401 autem
918 361 983 402 sol
1016 375 1185 402 cursum
1217 363 1311 401 tum
1343 361 1396 401 ad
1428 364 1594 416 septen-

258 420 438 473 triones,
481 422 574 460 tum
613 419 666 460 ad
702 419 923 460 meridiem
962 422 1148 461 aestates
1188 421 1231 460 et
1267 418 1429 460 hiemes
1462 419 1593 461 efficit
1631 431 1645 455 5

259 481 302 519 et
334 493 383 519 ea
416 478 498 519 duo
530 480 738 533 tempora,
772 492 952 532 quorum
984 478 1168 519 alterum
1200 478 1332 519 hiemi
1357 477 1595 519 senescenti

258 537 504 578 adiunctum
538 539 614 590 est,
647 537 830 578 alterum
864 536 1030 578 aestati.
1086 536 1155 578 Ita
1187 551 1237 578 ex
1264 539 1468 591 quattuor
1490 539 1594 578 tem-

258 610 411 650 porum
444 595 755 637 mutationibus
788 595 990 649 omnium,
1022 610 1129 650 quae
1161 598 1278 636 terra
1310 596 1502 650 marique
1534 595 1594 651 gi-

188 662 231 693 50
259 656 460 709 gnuntur,
491 654 616 695 initia
647 668 881 708 causaeque
908 654 1127 695 ducuntur.
1178 654 1271 695 Iam
1298 654 1401 695 solis
1429 668 1592 695 annuos

258 727 405 754 cursus
448 713 600 767 spatiis
641 713 872 754 menstruis
911 713 1014 753 luna
1051 713 1341 767 consequitur,
1379 712 1496 754 cuius
1534 715 1594 754 te·
1615 724 1646 748 10

256 772 512 813 nuissimum
550 772 695 812 lumen
731 771 836 812 facit
873 772 1091 826 proximus
1131 786 1323 813 accessus
1363 772 1416 812 ad
1447 772 1594 825 solem,

257 831 474 886 digressus
495 833 639 871 autem
659 829 936 885 longissimus
958 830 1135 885 quisque
1157 830 1466 885 plenissimum.
1511 829 1593 871 Ne-

259 904 339 944 que
381 890 519 930 solum
561 889 650 930 eius
693 889 854 944 species
896 903 944 930 ac
984 888 1124 930 forma
1161 892 1353 930 mutatur
1384 891 1476 930 tum
1509 903 1594 930 cre-

258 948 424 1002 scendo,
454 950 548 989 tum
581 947 815 989 defectibus
847 947 892 988 in
916 947 1041 989 initia
1066 947 1331 1002 recurrendo,
1364 948 1437 989 sed
1463 947 1593 989 etiam

258 1007 398 1062 regio,
440 1021 548 1061 quae
586 1009 681 1048 tum
712 1009 778 1047 est
816 1007 1050 1061 aquilonia,
1090 1009 1183 1047 tum
1215 1007 1428 1047 australis.
1491 1007 1646 1048 dee15

257 1066 301 1107 in
344 1066 468 1106 lunae
513 1079 680 1120 quoque
725 1080 850 1107 cursu
891 1068 956 1106 est
999 1068 1042 1106 et
1084 1066 1260 1107 brumae
1305 1065 1513 1120 quaedam
1551 1067 1595 1106 et

259 1124 435 1166 solstitii
467 1124 717 1178 similitudo,
749 1125 969 1178 multaque
1002 1124 1054 1165 ab
1087 1139 1137 1166 ea
1168 1127 1345 1165 manant
1377 1126 1420 1165 et
1444 1124 1594 1178 fluunt,

259 1183 413 1238 quibus
454 1186 497 1224 et
538 1183 779 1224 animantes
821 1184 990 1224 alantur
1032 1186 1347 1239 augescantque
1386 1185 1428 1223 et
1465 1183 1593 1237 pube-

259 1244 379 1284 scant
422 1242 801 1296 maturitatemque
843 1242 1146 1296 adsequantur,
1192 1256 1299 1296 quae
1337 1241 1532 1283 oriuntur
1570 1256 1592 1282 e
1684 1247 1685 1267 ¹

187 1281 244 1322 20
258 1304 384 1342 terra.
446 1300 644 1342 Maxume
682 1315 782 1342 vero
822 1303 921 1342 sunt
959 1300 1232 1342 admirabiles
1271 1303 1413 1341 motus
1447 1315 1593 1341 earum
1613 1311 1645 1336 20

214 1333 443 1415 lquinque
469 1360 706 1413 stellarum,
738 1374 845 1414 quae
865 1359 976 1400 falso
997 1362 1204 1400 vocantur
1224 1362 1427 1400 errantes.
1471 1358 1593 1400 Nihil

258 1419 370 1460 enim
409 1421 541 1473 errat,
581 1418 692 1473 quod
729 1418 774 1459 in
806 1418 922 1459 omni
955 1418 1209 1459 aeternitate
1242 1420 1468 1459 conservat
1499 1432 1595 1472 pro-

259 1491 431 1534 gressus
470 1480 512 1518 et
549 1491 771 1532 regressus
803 1477 1074 1531 reliquosque
1106 1478 1248 1518 motus
1281 1476 1518 1518 constantis
1552 1479 1595 1518 et

258 1539 389 1578 ratos
453 1535 575 1584 Quod
607 1550 655 1577 eo
690 1538 755 1577 est
788 1536 1083 1577 admirabilius
1115 1535 1160 1576 in
1190 1534 1257 1576 his
1291 1535 1448 1589 stellis,
1488 1549 1593 1590 quas

259 1595 449 1649 dicimus,
483 1594 583 1649 quia
613 1597 707 1635 tum
733 1595 1012 1648 occultantur,
1043 1597 1136 1635 tum
1162 1609 1310 1635 rursus
1332 1594 1581 1648 aperiuntur
1612 1604 1644 1631 ‘25
1684 1627 1685 1631 ,

257 1657 350 1696 tum
376 1654 545 1708 adeunt,
571 1656 664 1694 tum
691 1653 904 1708 recedunt,
928 1656 1020 1694 tum
1047 1653 1312 1706 antecedunt,
1337 1656 1429 1694 tum
1450 1655 1593 1694 autem
1684 1654 1685 1659 ’

259 1713 588 1767 subsequuntur,
613 1715 706 1753 tum
726 1712 902 1754 celerius
924 1714 1161 1765 moventur,
1186 1714 1279 1753 tum
1298 1712 1475 1766 tardius,
1500 1714 1594 1753 tum

259 1771 431 1813 omnino
456 1786 508 1813 ne
541 1774 767 1813 moventur
793 1771 975 1826 quidem,
1007 1771 1080 1812 sed
1106 1771 1159 1812 ad
1186 1771 1398 1825 quoddam
1424 1773 1593 1825 tempus

257 1831 474 1872 insistunt.
538 1829 726 1878 Quarum
754 1845 803 1871 ex
831 1830 1072 1884 disparibus
1100 1829 1361 1871 motionibus
1389 1843 1593 1884 magnum

259 1904 416 1931 annum
454 1889 750 1931 mathematici
786 1889 1131 1943 nominaverunt,
1171 1888 1242 1942 qui
1274 1891 1366 1929 tum
1399 1888 1593 1942 efficitur,
1612 1898 1645 1924 30
1673 1875 1685 1946 l*

259 1963 354 1990 cum
393 1947 497 1989 solis
536 1950 578 1988 et
615 1949 739 1989 lunae
773 1950 816 1989 et
847 1948 1032 2002 quinque
1065 1947 1299 1988 errantium
1332 1947 1385 1988 ad
1417 1947 1592 1988 eandem
1673 1947 1675 1959 J

257 2006 371 2047 inter
408 2021 452 2048 se
484 2007 850 2062 comparationem
883 2006 1088 2048 confectis
1121 2006 1310 2047 omnium
1344 2006 1496 2060 spatiis
1529 2008 1594 2047 est

188 2072 231 2106 52
256 2065 372 2107 facta
404 2066 636 2107 conversio.
698 2065 813 2114 Quae
847 2080 973 2119 quam
1006 2065 1137 2120 longa
1169 2065 1241 2119 sit,
1280 2079 1438 2120 magna
1470 2079 1594 2119 quae-

259 2124 342 2165 stio
387 2126 470 2178 est,
514 2138 605 2165 esse
643 2138 743 2165 vero
783 2127 943 2165 certam
982 2126 1025 2165 et
1063 2123 1281 2164 definitam
1314 2138 1484 2165 necesse
1517 2125 1592 2164 est.

256 2181 369 2224 Nam
415 2197 480 2236 ea,
525 2197 632 2236 quae
671 2181 845 2223 Saturni
891 2182 1018 2223 stella
1063 2182 1217 2223 dicitur
1259 2184 1524 2236 CDocc'vcovque
1567 2172 1683 2223 a3⁵l

258 2240 431 2283 Graecis
480 2241 744 2295 nominatur,
796 2256 903 2295 quae
955 2256 980 2282 a
1023 2243 1139 2282 terra
1182 2241 1306 2282 abest
1348 2241 1592 2296 plurimum,

256 2312 353 2342 XXX
395 2299 482 2341 fere
523 2299 645 2341 annis
686 2314 856 2342 cursum
890 2315 1013 2341 suum
1045 2300 1233 2353 conficit,
1275 2300 1320 2341 in
1353 2314 1435 2354 quo
1467 2313 1594 2342 cursu
