1685 2568
218 98 274 140 22
625 96 689 131 DE
715 95 913 131 NATURA
939 96 1143 131 DEORUM

149 204 191 234 54
220 194 380 235 exitum
416 208 503 235 non
539 194 739 248 potestis,
778 193 1010 248 confugitis
1043 193 1095 234 ad
1127 192 1268 246 deum3
1307 194 1424 235 0111118
1458 208 1554 248 0ρο-

218 268 312 294 ram
343 252 536 307 profecto
567 266 654 293 non
686 252 994 304 desideraretis,
1027 251 1063 292 si
1094 251 1331 292 inmensam
1358 254 1400 293 et
1425 252 1553 294 inter-

218 312 428 353 minatam
458 311 503 352 in
534 311 672 352 omnis
705 310 840 364 partis
873 310 1213 365 magnitudinem
1246 310 1468 365 regionum
1494 311 1552 352 vi-

220 371 393 423 deretis,
430 369 477 410 in
515 383 642 423 quam
681 383 725 409 80
756 368 933 409 1111010118
965 369 1131 410 animus
1164 371 1207 409 et
1237 369 1458 410 intendens
1491 369 1554 410 ita

219 429 307 470 late
352 429 563 483 longeque
607 427 922 482 peregrinatur,
965 430 1014 468 ut
1044 427 1208 468 nullam
1246 429 1391 469 tamen
1433 440 1588 469 oramz·

219 487 363 529 ultimi
399 487 558 538 videat,
599 486 643 526 in
676 500 760 540 qua
790 485 929 540 possit
958 485 1166 526 insistere.
1228 485 1279 527 In
1310 486 1390 527 hac
1419 486 1554 541 igitur

218 545 494 587 inmensitate
544 544 839 597 latitudinum,
890 544 1227 600 longitudinum,
1278 544 1554 586 altitudinum

219 605 388 646 infinita
431 603 495 645 vis
534 603 911 644 innumerabilium
948 603 1105 644 volitat
1143 605 1402 656 atomorum,
1448 618 1555 657 quae

219 663 442 704 interiecto
481 661 598 702 inani
637 660 940 703 cohaerescunt
976 664 1122 703 tamen
1151 662 1263 702 inter
1296 676 1339 703 se
1372 664 1414 703 et
1447 662 1555 703 aliae

221 722 328 763 alias
361 720 725 775 adprehendentes
759 720 1079 774 continuantur,
1113 735 1161 761 ex
1195 735 1277 774 quo
1311 720 1555 762 efficiuntur
1576 734 1608 758 10

221 795 294 822 eae
337 794 478 821 rerum
516 778 679 820 formae
717 781 759 819 et
796 779 977 833 figurae,
1023 794 1127 833 quas
1166 793 1242 820 vos
1281 779 1392 821 effici
1428 793 1555 834 posse

222 840 311 880 sine
348 838 526 880 follibus
565 840 608 878 et
644 837 867 879 incudibus
902 852 988 879 non
1018 838 1194 892 putatis.
1255 837 1406 892 Itaque
1438 839 1556 893 inpo-

222 897 367 940 suistis
412 897 457 938 in
500 896 733 938 cervicibus
777 897 938 937 nostris
979 896 1287 950 sempiternum
1325 897 1556 951 dominum,

222 971 347 1011 quem
374 956 462 997 dies
489 958 531 996 et
556 958 703 996 noctes
730 955 990 996 timeremus.
1041 953 1144 1003 Quis
1165 955 1277 996 enim
1297 970 1383 996 non
1402 956 1556 996 timeat

222 1015 365 1057 omnia
396 1014 691 1069 providentem
721 1016 763 1055 et
789 1014 1051 1069 cogitantem
1077 1016 1120 1054 et
1145 1013 1557 1055 animadvertentem
1577 1027 1609 1051 15

222 1077 264 1116 et
302 1073 445 1115 omnia
483 1073 535 1114 ad
573 1087 618 1114 se
649 1073 861 1127 pertinere
893 1075 1117 1127 putantem
1150 1073 1364 1114 curiosum
1396 1075 1439 1114 et
1469 1073 1556 1127 ple-

220 1148 323 1175 num
359 1132 523 1187 negotii
564 1132 717 1172 deum?
779 1131 890 1172 Hinc
928 1131 1049 1172 vobis
1089 1131 1231 1172 extitit
1262 1131 1448 1186 primum
1479 1132 1558 1173 illa

220 1191 368 1234 fatalis
399 1190 651 1244 necessitas,
690 1204 817 1244 quam
850 1189 1118 1244 εἱμαρμένην
1151 1190 1309 1243 dicitis,
1347 1192 1411 1243 ut,
1445 1190 1556 1244 quic-

222 1250 322 1305 quid
354 1249 528 1303 accidat,
561 1249 604 1290 id
637 1263 685 1290 ex
719 1251 892 1290 aeterna
917 1249 1099 1290 veritate
1126 1263 1435 1303 causarumque
1462 1264 1557 1290 con-

221 1309 459 1351 tinuatione
490 1308 662 1349 fluxisse
695 1307 857 1349 dicatis.
920 1306 1078 1355 Quanti
1110 1309 1252 1348 autem
1284 1307 1389 1348 haec
1420 1307 1557 1362 philo·
1576 1319 1610 1344 20

221 1367 374 1422 sophia
413 1366 679 1408 aestimanda
718 1369 799 1418 cst,
840 1366 905 1407 cui
943 1369 1165 1420 tamquam
1198 1365 1394 1420 aniculis,
1433 1369 1474 1407 et
1504 1366 1556 1407 iis

222 1427 391 1482 quidem
423 1425 619 1479 indoctis,
649 1424 741 1466 fato
767 1425 859 1466 fieri
885 1425 1109 1466 videantur
1135 1425 1306 1466 omnia?
1358 1423 1558 1479 Sequitur

222 1482 406 1539 μαντικὴ
444 1486 606 1538 vestra,
651 1498 757 1538 quae
789 1483 941 1524 Latine
973 1483 1225 1524 divinatio
1258 1483 1429 1538 dicitur,
1475 1498 1559 1537 qua

221 1547 345 1586 tanta
382 1543 655 1584 inbueremur
693 1542 1015 1597 superstitione,
1061 1542 1096 1583 si
1134 1556 1210 1583 vos
1249 1542 1392 1582 audire
1431 1543 1557 1583 velle-

222 1617 328 1655 mus,
360 1604 408 1643 ut
427 1601 689 1656 haruspices,
723 1615 917 1656 augures,
942 1601 1110 1654 harioli,
1137 1603 1269 1654 vates,
1295 1601 1556 1642 coniectores
1576 1612 1609 1638 25

153 1669 196 1700 56
222 1662 346 1703 nobis
384 1663 527 1702 essent
565 1660 742 1701 colendi.
804 1659 883 1701 His
915 1660 1153 1701 terroribus
1187 1659 1239 1700 ab
1271 1659 1458 1714 Epicuro
1492 1674 1556 1700 so-

222 1720 304 1762 luti
336 1722 378 1761 et
405 1720 451 1760 in
475 1719 722 1760 libertatem
749 1718 952 1760 vindicati
977 1733 1054 1759 1100
1079 1718 1308 1759 metuimus
1336 1733 1418 1772 008,
1451 1733 1557 1772 quos

221 1778 514 1833 intellegimus
563 1792 639 1819 nec
688 1777 770 1818 sibi
813 1778 973 1832 fingere
1017 1777 1151 1818 ullam
1195 1777 1438 1818 molestiam
1481 1792 1557 1818 nec

223 1837 349 1880 alteri
400 1851 619 1890 quaerere,
669 1838 711 1877 et
751 1836 819 1891 pie
865 1838 1093 1890 sancteque
1137 1836 1314 1877 colimus
1358 1838 1557 1876 naturam

224 1896 499 1938 excellentem
551 1897 679 1948 atque
728 1897 1030 1949 praestantem.
1104 1892 1186 1935 Sed
1232 1895 1370 1935 elatus
1415 1894 1556 1935 studio
1577 1906 1611 1930 30

223 1969 372 1997 vereor
408 1968 460 1995 ne
498 1954 667 2008 longior
703 1953 869 1994 fuerim.
930 1953 1037 1995 Erat
1075 1955 1218 1993 autem
1256 1952 1430 1993 difficile
1468 1967 1558 1994 rem

224 2016 392 2055 tantam
447 2014 621 2066 tamque
678 2013 943 2066 praeclaram
998 2010 1243 2052 inchoatam
1298 2011 1559 2065 relinquere,

226 2086 486 2127 quamquam
522 2085 609 2111 11011
647 2073 736 2111 tam
776 2070 939 2112 dicendi
970 2070 1080 2111 ratio
1113 2070 1218 2110 mihi
1250 2070 1447 2111 habenda
1477 2070 1560 2111 fuit

227 2146 355 2186 quam
388 2129 595 2171 audiendi.
1662 2158 1664 2172 ι

156 2170 208 2210 21
343 2188 451 2230 Τ11111
489 2186 618 2229 Cotta
662 2188 854 2240 comiter,
899 2189 947 2227 ut
985 2187 1168 2228 solebat:
1213 2186 1366 2241 Atqui,
1408 2186 1560 2241 inquit,
1579 2198 1612 2224 35
1661 2222 1663 2228 ,

225 2247 377 2301 Vellei,
414 2247 496 2287 nisi
527 2249 575 2287 tu
608 2246 768 2299 aliquid
801 2245 990 2299 dixisses,
1022 2245 1130 2286 nihil
1164 2260 1264 2287 sane
1297 2260 1346 2287 ex
1379 2260 1445 2287 me
1472 2246 1560 2300 qui-

227 2307 318 2348 dem
360 2305 504 2347 audire
541 2305 766 2360 potuisses,
827 2304 935 2345 Mihi
973 2304 1084 2345 enim
1122 2319 1208 2346 non
1239 2307 1329 2346 tam
1360 2303 1484 2346 facile
1516 2304 1561 2345 in

151 1147 170 1176 ΕΠ

176 1146 194 1176 01

156 2222 199 2252 57
