<?xml version="1.0" encoding="UTF-8"?>
<!DOCTYPE html PUBLIC "-//W3C//DTD XHTML 1.0 Transitional//EN"
    "http://www.w3.org/TR/xhtml1/DTD/xhtml1-transitional.dtd">
<html xmlns="http://www.w3.org/1999/xhtml" xml:lang="en" lang="en">
 <head>
  <title>
</title>
<meta http-equiv="Content-Type" content="text/html;charset=utf-8" />
  <meta name='ocr-system' content='tesseract 3.04.00' />
  <meta name='ocr-capabilities' content='ocr_page ocr_carea ocr_par ocr_line ocrx_word'/>
</head>
<body>
  <div class='ocr_page' id='page_1' title='image "./p2scriptaquaemanse04ciceuoft_0403.png"; bbox 0 0 1685 2568; ppageno 0'>
   <div class='ocr_carea' id='block_1_1' title="bbox 323 115 1418 165">
    <p class='ocr_par' dir='ltr' id='par_1_1' title="bbox 323 115 1418 165">
     <span class='ocr_line' id='line_1_1' title="bbox 323 115 1418 165; baseline -0.001 -14"><span class='ocrx_word' id='word_1_1' title='bbox 323 162 325 165; x_wconf 18' lang='grc' dir='ltr'><strong><em>ι</em></strong></span> <span class='ocrx_word' id='word_1_2' title='bbox 400 117 489 151; x_wconf 78' lang='lat' dir='ltr'>Lm.</span> <span class='ocrx_word' id='word_1_3' title='bbox 518 116 579 152; x_wconf 91' lang='lat'>111.</span> <span class='ocrx_word' id='word_1_4' title='bbox 608 115 709 152; x_wconf 84' lang='lat' dir='ltr'>CAP.</span> <span class='ocrx_word' id='word_1_5' title='bbox 735 118 886 151; x_wconf 81' lang='lat'><strong>32—35.</strong></span> <span class='ocrx_word' id='word_1_6' title='bbox 912 118 932 157; x_wconf 60' lang='grc' dir='ltr'><strong>ς</strong></span> <span class='ocrx_word' id='word_1_7' title='bbox 957 118 1107 149; x_wconf 82' lang='lat'>44—48.</span> <span class='ocrx_word' id='word_1_8' title='bbox 1336 115 1418 157; x_wconf 81' lang='lat'>351</span> 
     </span>
    </p>
   </div>
   <div class='ocr_carea' id='block_1_2' title="bbox 87 209 1424 386">
    <p class='ocr_par' dir='ltr' id='par_1_2' title="bbox 87 209 1424 386">
     <span class='ocr_line' id='line_1_2' title="bbox 87 209 1424 265; baseline -0.004 -9"><span class='ocrx_word' id='word_1_9' title='bbox 87 213 267 256; x_wconf 89' lang='lat' dir='ltr'>beatius.</span> <span class='ocrx_word' id='word_1_10' title='bbox 317 212 398 255; x_wconf 88' lang='lat' dir='ltr'>Sed</span> <span class='ocrx_word' id='word_1_11' title='bbox 435 214 579 253; x_wconf 88' lang='lat' dir='ltr'>tamen</span> <span class='ocrx_word' id='word_1_12' title='bbox 617 210 685 252; x_wconf 86' lang='lat' dir='ltr'>vel</span> <span class='ocrx_word' id='word_1_13' title='bbox 718 224 897 265; x_wconf 82' lang='lat' dir='ltr'>regnum</span> <span class='ocrx_word' id='word_1_14' title='bbox 932 209 1047 251; x_wconf 87' lang='lat' dir='ltr'>malo</span> <span class='ocrx_word' id='word_1_15' title='bbox 1080 223 1209 263; x_wconf 91' lang='lat' dir='ltr'>quam</span> <span class='ocrx_word' id='word_1_16' title='bbox 1241 210 1424 251; x_wconf 83' lang='lat' dir='ltr'>liberum</span> 
     </span>
     <span class='ocr_line' id='line_1_3' title="bbox 87 267 1424 328; baseline -0.004 -14"><span class='ocrx_word' id='word_1_17' title='bbox 87 272 311 328; x_wconf 85' lang='lat' dir='ltr'>populum3</span> <span class='ocrx_word' id='word_1_18' title='bbox 348 272 392 313; x_wconf 90' lang='lat' dir='ltr'>id</span> <span class='ocrx_word' id='word_1_19' title='bbox 424 271 536 313; x_wconf 88' lang='lat' dir='ltr'>enim</span> <span class='ocrx_word' id='word_1_20' title='bbox 567 269 648 311; x_wconf 89' lang='lat' dir='ltr'>tibi</span> <span class='ocrx_word' id='word_1_21' title='bbox 679 271 816 310; x_wconf 88' lang='lat' dir='ltr'>restat</span> <span class='ocrx_word' id='word_1_22' title='bbox 849 282 983 324; x_wconf 83' lang='lat' dir='ltr'>genus</span> <span class='ocrx_word' id='word_1_23' title='bbox 1014 267 1333 309; x_wconf 75' lang='lat' dir='ltr'>vitiosissumae</span> <span class='ocrx_word' id='word_1_24' title='bbox 1364 269 1424 309; x_wconf 90' lang='lat' dir='ltr'>rei</span> 
     </span>
     <span class='ocr_line' id='line_1_4' title="bbox 87 330 544 386; baseline -0.007 -14"><span class='ocrx_word' id='word_1_25' title='bbox 87 331 283 386; x_wconf 81' lang='lat' dir='ltr'>publicae</span> <span class='ocrx_word' id='word_1_26' title='bbox 315 330 502 371; x_wconf 88' lang='lat' dir='ltr'>tertium.</span> <span class='ocrx_word' id='word_1_27' title='bbox 534 331 544 342; x_wconf 87' lang='lat'>&#39;</span> 
     </span>
    </p>
   </div>
   <div class='ocr_carea' id='block_1_3' title="bbox 175 370 1497 452">
    <p class='ocr_par' dir='ltr' id='par_1_3' title="bbox 175 370 1497 452">
     <span class='ocr_line' id='line_1_5' title="bbox 175 370 1497 452; baseline -0.005 -21"><span class='ocrx_word' id='word_1_28' title='bbox 175 389 258 431; x_wconf 84' lang='lat' dir='ltr'>Hic</span> <span class='ocrx_word' id='word_1_29' title='bbox 284 387 442 443; x_wconf 82' lang='lat' dir='ltr'>Scipio:</span> <span class='ocrx_word' id='word_1_30' title='bbox 475 386 718 442; x_wconf 83' lang='lat' dir='ltr'>Adgnoseo,</span> <span class='ocrx_word' id='word_1_31' title='bbox 749 385 904 440; x_wconf 87' lang='lat' dir='ltr'>inquit,</span> <span class='ocrx_word' id='word_1_32' title='bbox 934 387 1058 426; x_wconf 91' lang='lat' dir='ltr'>tuum</span> <span class='ocrx_word' id='word_1_33' title='bbox 1089 399 1253 426; x_wconf 91' lang='lat' dir='ltr'>morem</span> <span class='ocrx_word' id='word_1_34' title='bbox 1281 384 1425 439; x_wconf 91' lang='lat' dir='ltr'>istum,</span> <span class='ocrx_word' id='word_1_35' title='bbox 1441 370 1497 452; x_wconf 50' lang='grc' dir='ltr'>ἒξ</span> 
     </span>
    </p>
   </div>
   <div class='ocr_carea' id='block_1_4' title="bbox 37 444 1431 1621">
    <p class='ocr_par' dir='ltr' id='par_1_4' title="bbox 52 444 1428 738">
     <span class='ocr_line' id='line_1_6' title="bbox 52 444 1425 503; baseline -0.004 -13"><span class='ocrx_word' id='word_1_36' title='bbox 52 458 69 485; x_wconf 76' lang='grc' dir='ltr'>ὃ</span> <span class='ocrx_word' id='word_1_37' title='bbox 88 446 226 503; x_wconf 85' lang='lat' dir='ltr'>Spuri,</span> <span class='ocrx_word' id='word_1_38' title='bbox 252 452 463 502; x_wconf 54' lang='lat' dir='ltr'>avergsum</span> <span class='ocrx_word' id='word_1_39' title='bbox 488 461 514 488; x_wconf 89' lang='lat' dir='ltr'>a</span> <span class='ocrx_word' id='word_1_40' title='bbox 538 446 705 487; x_wconf 89' lang='lat' dir='ltr'>ratione</span> <span class='ocrx_word' id='word_1_41' title='bbox 731 444 899 500; x_wconf 69' lang='lat' dir='ltr'>populi,</span> <span class='ocrx_word' id='word_1_42' title='bbox 932 446 974 485; x_wconf 89' lang='lat' dir='ltr'>et</span> <span class='ocrx_word' id='word_1_43' title='bbox 1001 458 1261 498; x_wconf 89' lang='lat' dir='ltr'>quamquam</span> <span class='ocrx_word' id='word_1_44' title='bbox 1288 444 1342 496; x_wconf 88' lang='lat' dir='ltr'>[p.</span> <span class='ocrx_word' id='word_1_45' title='bbox 1357 454 1425 485; x_wconf 76' lang='lat'>298</span> 
     </span>
     <span class='ocr_line' id='line_1_7' title="bbox 88 502 1427 562; baseline -0.004 -14"><span class='ocrx_word' id='word_1_46' title='bbox 88 509 234 562; x_wconf 88' lang='lat' dir='ltr'>potest</span> <span class='ocrx_word' id='word_1_47' title='bbox 264 506 308 547; x_wconf 87' lang='lat' dir='ltr'>id</span> <span class='ocrx_word' id='word_1_48' title='bbox 338 506 475 547; x_wconf 91' lang='lat' dir='ltr'>lenius</span> <span class='ocrx_word' id='word_1_49' title='bbox 506 504 622 559; x_wconf 86' lang='lat' dir='ltr'>ferri,</span> <span class='ocrx_word' id='word_1_50' title='bbox 654 519 782 558; x_wconf 90' lang='lat' dir='ltr'>quam</span> <span class='ocrx_word' id='word_1_51' title='bbox 814 506 863 545; x_wconf 88' lang='lat' dir='ltr'>tu</span> <span class='ocrx_word' id='word_1_52' title='bbox 894 503 1006 544; x_wconf 90' lang='lat' dir='ltr'>soles</span> <span class='ocrx_word' id='word_1_53' title='bbox 1031 502 1154 556; x_wconf 86' lang='lat' dir='ltr'>ferre,</span> <span class='ocrx_word' id='word_1_54' title='bbox 1185 504 1331 543; x_wconf 89' lang='lat' dir='ltr'>tamen</span> <span class='ocrx_word' id='word_1_55' title='bbox 1358 502 1427 543; x_wconf 90' lang='lat' dir='ltr'>ad-</span> 
     </span>
     <span class='ocr_line' id='line_1_8' title="bbox 89 560 1428 617; baseline -0.004 -10"><span class='ocrx_word' id='word_1_56' title='bbox 89 566 252 607; x_wconf 90' lang='lat' dir='ltr'>sentior</span> <span class='ocrx_word' id='word_1_57' title='bbox 282 564 449 606; x_wconf 94' lang='lat' dir='ltr'>nullum</span> <span class='ocrx_word' id='word_1_58' title='bbox 482 578 573 605; x_wconf 90' lang='lat' dir='ltr'>esse</span> <span class='ocrx_word' id='word_1_59' title='bbox 606 563 656 604; x_wconf 89' lang='lat' dir='ltr'>de</span> <span class='ocrx_word' id='word_1_60' title='bbox 688 563 827 603; x_wconf 88' lang='lat' dir='ltr'>tribus</span> <span class='ocrx_word' id='word_1_61' title='bbox 859 561 927 603; x_wconf 89' lang='lat' dir='ltr'>his</span> <span class='ocrx_word' id='word_1_62' title='bbox 960 561 1199 617; x_wconf 85' lang='lat' dir='ltr'>generibus,</span> <span class='ocrx_word' id='word_1_63' title='bbox 1232 560 1345 615; x_wconf 88' lang='lat' dir='ltr'>quod</span> <span class='ocrx_word' id='word_1_64' title='bbox 1372 561 1428 602; x_wconf 85' lang='lat' dir='ltr'>sit</span> 
     </span>
     <span class='ocr_line' id='line_1_9' title="bbox 87 619 1427 680; baseline -0.004 -14"><span class='ocrx_word' id='word_1_65' title='bbox 87 623 357 680; x_wconf 89' lang='lat' dir='ltr'>probandum</span> <span class='ocrx_word' id='word_1_66' title='bbox 401 622 553 664; x_wconf 90' lang='lat' dir='ltr'>minus.</span> <span class='ocrx_word' id='word_1_67' title='bbox 613 621 729 663; x_wconf 84' lang='lat' dir='ltr'>Illud</span> <span class='ocrx_word' id='word_1_68' title='bbox 771 624 918 662; x_wconf 88' lang='lat' dir='ltr'>tamen</span> <span class='ocrx_word' id='word_1_69' title='bbox 954 635 1040 662; x_wconf 90' lang='lat' dir='ltr'>non</span> <span class='ocrx_word' id='word_1_70' title='bbox 1078 620 1296 661; x_wconf 87' lang='lat' dir='ltr'>adsentior</span> <span class='ocrx_word' id='word_1_71' title='bbox 1333 619 1427 673; x_wconf 88' lang='lat' dir='ltr'>tibi,</span> 
     </span>
     <span class='ocr_line' id='line_1_10' title="bbox 87 679 1427 738; baseline -0.004 -14"><span class='ocrx_word' id='word_1_72' title='bbox 87 685 308 738; x_wconf 89' lang='lat' dir='ltr'>praestare</span> <span class='ocrx_word' id='word_1_73' title='bbox 340 682 433 738; x_wconf 83' lang='lat' dir='ltr'>regi</span> <span class='ocrx_word' id='word_1_74' title='bbox 465 681 716 736; x_wconf 80' lang='lat' dir='ltr'>optimates3</span> <span class='ocrx_word' id='word_1_75' title='bbox 755 681 789 721; x_wconf 86' lang='lat' dir='ltr'>si</span> <span class='ocrx_word' id='word_1_76' title='bbox 822 680 934 721; x_wconf 89' lang='lat' dir='ltr'>enim</span> <span class='ocrx_word' id='word_1_77' title='bbox 967 679 1178 734; x_wconf 75' lang='lat' dir='ltr'>sapientia</span> <span class='ocrx_word' id='word_1_78' title='bbox 1210 681 1287 732; x_wconf 90' lang='lat' dir='ltr'>est,</span> <span class='ocrx_word' id='word_1_79' title='bbox 1319 692 1427 733; x_wconf 91' lang='lat' dir='ltr'>quae</span> 
     </span>
    </p>

    <p class='ocr_par' dir='ltr' id='par_1_5' title="bbox 37 737 1430 1032">
     <span class='ocr_line' id='line_1_11' title="bbox 37 737 1428 798; baseline -0.004 -14"><span class='ocrx_word' id='word_1_80' title='bbox 37 753 70 779; x_wconf 92' lang='lat'>10</span> <span class='ocrx_word' id='word_1_81' title='bbox 89 742 298 798; x_wconf 74' lang='lat' dir='ltr'><strong>gubernet</strong></span> <span class='ocrx_word' id='word_1_82' title='bbox 329 755 420 783; x_wconf 91' lang='lat' dir='ltr'>rem</span> <span class='ocrx_word' id='word_1_83' title='bbox 445 740 675 796; x_wconf 80' lang='lat' dir='ltr'>publicam,</span> <span class='ocrx_word' id='word_1_84' title='bbox 707 739 808 793; x_wconf 86' lang='lat' dir='ltr'>quid</span> <span class='ocrx_word' id='word_1_85' title='bbox 833 738 1006 780; x_wconf 89' lang='lat' dir='ltr'>tandem</span> <span class='ocrx_word' id='word_1_86' title='bbox 1031 738 1221 791; x_wconf 89' lang='lat' dir='ltr'>interest,</span> <span class='ocrx_word' id='word_1_87' title='bbox 1252 737 1357 779; x_wconf 86' lang='lat' dir='ltr'>haee</span> <span class='ocrx_word' id='word_1_88' title='bbox 1383 737 1428 778; x_wconf 88' lang='lat' dir='ltr'>in</span> 
     </span>
     <span class='ocr_line' id='line_1_12' title="bbox 87 795 1428 854; baseline -0.004 -12"><span class='ocrx_word' id='word_1_89' title='bbox 87 815 227 842; x_wconf 91' lang='lat' dir='ltr'>unone</span> <span class='ocrx_word' id='word_1_90' title='bbox 265 800 322 842; x_wconf 88' lang='lat' dir='ltr'>sit</span> <span class='ocrx_word' id='word_1_91' title='bbox 361 814 416 842; x_wconf 88' lang='lat' dir='ltr'>an</span> <span class='ocrx_word' id='word_1_92' title='bbox 452 800 497 840; x_wconf 90' lang='lat' dir='ltr'>in</span> <span class='ocrx_word' id='word_1_93' title='bbox 533 798 759 854; x_wconf 74' lang='lat' dir='ltr'>pluribus?</span> <span class='ocrx_word' id='word_1_94' title='bbox 811 795 893 839; x_wconf 87' lang='lat' dir='ltr'>Sed</span> <span class='ocrx_word' id='word_1_95' title='bbox 925 811 1067 838; x_wconf 89' lang='lat' dir='ltr'>errore</span> <span class='ocrx_word' id='word_1_96' title='bbox 1100 796 1285 851; x_wconf 82' lang='lat' dir='ltr'>quodam</span> <span class='ocrx_word' id='word_1_97' title='bbox 1315 795 1428 837; x_wconf 85' lang='lat' dir='ltr'>falli-</span> 
     </span>
     <span class='ocr_line' id='line_1_13' title="bbox 80 855 1428 914; baseline -0.004 -13"><span class='ocrx_word' id='word_1_98' title='bbox 80 871 184 901; x_wconf 80' lang='lat' dir='ltr'>&#39;mur</span> <span class='ocrx_word' id='word_1_99' title='bbox 207 859 271 901; x_wconf 89' lang='lat' dir='ltr'>ita</span> <span class='ocrx_word' id='word_1_100' title='bbox 297 857 574 914; x_wconf 81' lang='lat' dir='ltr'>disputand03</span> <span class='ocrx_word' id='word_1_101' title='bbox 606 873 701 900; x_wconf 83' lang='lat' dir='ltr'>eum</span> <span class='ocrx_word' id='word_1_102' title='bbox 728 856 841 898; x_wconf 87' lang='lat' dir='ltr'>enim</span> <span class='ocrx_word' id='word_1_103' title='bbox 868 858 1113 911; x_wconf 90' lang='lat' dir='ltr'>optumates</span> <span class='ocrx_word' id='word_1_104' title='bbox 1141 855 1428 910; x_wconf 71' lang='lat' dir='ltr'>appellantur,</span> 
     </span>
     <span class='ocr_line' id='line_1_14' title="bbox 87 915 1429 974; baseline -0.004 -14"><span class='ocrx_word' id='word_1_105' title='bbox 87 918 197 960; x_wconf 90' lang='lat' dir='ltr'>nihil</span> <span class='ocrx_word' id='word_1_106' title='bbox 241 920 387 974; x_wconf 86' lang='lat' dir='ltr'>potest</span> <span class='ocrx_word' id='word_1_107' title='bbox 429 916 576 973; x_wconf 54' lang='lat' dir='ltr'>vissderi</span> <span class='ocrx_word' id='word_1_108' title='bbox 618 915 943 971; x_wconf 81' lang='lat' dir='ltr'>praestabilius3</span> <span class='ocrx_word' id='word_1_109' title='bbox 988 915 1089 969; x_wconf 86' lang='lat' dir='ltr'>quid</span> <span class='ocrx_word' id='word_1_110' title='bbox 1127 915 1240 956; x_wconf 84' lang='lat' dir='ltr'>enim</span> <span class='ocrx_word' id='word_1_111' title='bbox 1278 915 1333 967; x_wconf 90' lang='lat' dir='ltr'>[p.</span> <span class='ocrx_word' id='word_1_112' title='bbox 1362 924 1429 955; x_wconf 89' lang='lat'>115</span> 
     </span>
     <span class='ocr_line' id='line_1_15' title="bbox 89 973 1430 1032; baseline -0.004 -14"><span class='ocrx_word' id='word_1_113' title='bbox 89 980 267 1032; x_wconf 90' lang='lat' dir='ltr'>optumo</span> <span class='ocrx_word' id='word_1_114' title='bbox 300 977 453 1018; x_wconf 90' lang='lat' dir='ltr'>melius</span> <span class='ocrx_word' id='word_1_115' title='bbox 486 976 669 1031; x_wconf 82' lang='lat' dir='ltr'>cogitari</span> <span class='ocrx_word' id='word_1_116' title='bbox 698 974 871 1030; x_wconf 84' lang='lat' dir='ltr'>potest?</span> <span class='ocrx_word' id='word_1_117' title='bbox 916 988 1012 1016; x_wconf 85' lang='lat' dir='ltr'>cum</span> <span class='ocrx_word' id='word_1_118' title='bbox 1045 976 1189 1015; x_wconf 89' lang='lat' dir='ltr'>autem</span> <span class='ocrx_word' id='word_1_119' title='bbox 1221 973 1336 1028; x_wconf 80' lang='lat' dir='ltr'>regis</span> <span class='ocrx_word' id='word_1_120' title='bbox 1364 975 1430 1014; x_wconf 91' lang='lat' dir='ltr'>est</span> 
     </span>
    </p>

    <p class='ocr_par' dir='ltr' id='par_1_6' title="bbox 54 1030 1430 1324">
     <span class='ocr_line' id='line_1_16' title="bbox 54 1030 1428 1090; baseline -0.004 -13"><span class='ocrx_word' id='word_1_121' title='bbox 54 1047 70 1072; x_wconf 81' lang='lat'>5</span> <span class='ocrx_word' id='word_1_122' title='bbox 88 1035 205 1077; x_wconf 85' lang='lat' dir='ltr'>faeta</span> <span class='ocrx_word' id='word_1_123' title='bbox 235 1036 409 1090; x_wconf 88' lang='lat' dir='ltr'>mentio,</span> <span class='ocrx_word' id='word_1_124' title='bbox 441 1035 625 1077; x_wconf 82' lang='lat' dir='ltr'>occurrit</span> <span class='ocrx_word' id='word_1_125' title='bbox 657 1034 810 1075; x_wconf 89' lang='lat' dir='ltr'>animis</span> <span class='ocrx_word' id='word_1_126' title='bbox 842 1047 915 1074; x_wconf 86' lang='lat' dir='ltr'>rex</span> <span class='ocrx_word' id='word_1_127' title='bbox 942 1032 1072 1074; x_wconf 88' lang='lat' dir='ltr'>etiam</span> <span class='ocrx_word' id='word_1_128' title='bbox 1097 1032 1293 1073; x_wconf 77' lang='lat' dir='ltr'>iniustus.</span> <span class='ocrx_word' id='word_1_129' title='bbox 1336 1030 1428 1073; x_wconf 90' lang='lat' dir='ltr'>Nos</span> 
     </span>
     <span class='ocr_line' id='line_1_17' title="bbox 90 1090 1430 1149; baseline -0.003 -13"><span class='ocrx_word' id='word_1_130' title='bbox 90 1097 234 1136; x_wconf 88' lang='lat' dir='ltr'>autem</span> <span class='ocrx_word' id='word_1_131' title='bbox 272 1095 323 1136; x_wconf 88' lang='lat' dir='ltr'>de</span> <span class='ocrx_word' id='word_1_132' title='bbox 360 1094 520 1136; x_wconf 89' lang='lat' dir='ltr'>iniusto</span> <span class='ocrx_word' id='word_1_133' title='bbox 558 1107 660 1149; x_wconf 84' lang='lat' dir='ltr'>rege</span> <span class='ocrx_word' id='word_1_134' title='bbox 696 1092 805 1134; x_wconf 87' lang='lat' dir='ltr'>nihil</span> <span class='ocrx_word' id='word_1_135' title='bbox 837 1091 1054 1146; x_wconf 90' lang='lat' dir='ltr'>loquimur</span> <span class='ocrx_word' id='word_1_136' title='bbox 1085 1105 1214 1144; x_wconf 86' lang='lat' dir='ltr'>nune,</span> <span class='ocrx_word' id='word_1_137' title='bbox 1251 1105 1347 1132; x_wconf 84' lang='lat' dir='ltr'>oum</span> <span class='ocrx_word' id='word_1_138' title='bbox 1380 1090 1430 1132; x_wconf 90' lang='lat' dir='ltr'>de</span> 
     </span>
     <span class='ocr_line' id='line_1_18' title="bbox 88 1148 1430 1210; baseline -0.004 -15"><span class='ocrx_word' id='word_1_139' title='bbox 88 1153 183 1208; x_wconf 87' lang='lat' dir='ltr'>ipsa</span> <span class='ocrx_word' id='word_1_140' title='bbox 214 1153 351 1210; x_wconf 83' lang='lat' dir='ltr'>regali</span> <span class='ocrx_word' id='word_1_141' title='bbox 382 1168 427 1194; x_wconf 88' lang='lat' dir='ltr'>re</span> <span class='ocrx_word' id='word_1_142' title='bbox 459 1152 632 1207; x_wconf 86' lang='lat' dir='ltr'>publica</span> <span class='ocrx_word' id='word_1_143' title='bbox 657 1152 913 1206; x_wconf 82' lang='lat' dir='ltr'>quaerimus.</span> <span class='ocrx_word' id='word_1_144' title='bbox 964 1149 1104 1198; x_wconf 83' lang='lat' dir='ltr'>Quare</span> <span class='ocrx_word' id='word_1_145' title='bbox 1130 1150 1321 1204; x_wconf 79' lang='lat' dir='ltr'>cogitato</span> <span class='ocrx_word' id='word_1_146' title='bbox 1347 1148 1430 1191; x_wconf 87' lang='lat' dir='ltr'>Ro-</span> 
     </span>
     <span class='ocr_line' id='line_1_19' title="bbox 89 1208 1430 1266; baseline -0.003 -13"><span class='ocrx_word' id='word_1_147' title='bbox 89 1212 253 1253; x_wconf 90' lang='lat' dir='ltr'>mulum</span> <span class='ocrx_word' id='word_1_148' title='bbox 292 1214 367 1253; x_wconf 89' lang='lat' dir='ltr'>aut</span> <span class='ocrx_word' id='word_1_149' title='bbox 402 1210 663 1266; x_wconf 85' lang='lat' dir='ltr'>Pompilium</span> <span class='ocrx_word' id='word_1_150' title='bbox 704 1212 778 1251; x_wconf 90' lang='lat' dir='ltr'>aut</span> <span class='ocrx_word' id='word_1_151' title='bbox 816 1208 1006 1250; x_wconf 90' lang='lat' dir='ltr'>Tullium</span> <span class='ocrx_word' id='word_1_152' title='bbox 1043 1223 1208 1263; x_wconf 83' lang='lat' dir='ltr'>regem,</span> <span class='ocrx_word' id='word_1_153' title='bbox 1244 1208 1430 1250; x_wconf 87' lang='lat' dir='ltr'>fortasse</span> 
     </span>
     <span class='ocr_line' id='line_1_20' title="bbox 88 1266 1428 1324; baseline -0.004 -12"><span class='ocrx_word' id='word_1_154' title='bbox 88 1285 176 1313; x_wconf 92' lang='lat' dir='ltr'>non</span> <span class='ocrx_word' id='word_1_155' title='bbox 212 1274 303 1312; x_wconf 89' lang='lat' dir='ltr'>tam</span> <span class='ocrx_word' id='word_1_156' title='bbox 339 1271 457 1312; x_wconf 91' lang='lat' dir='ltr'>illius</span> <span class='ocrx_word' id='word_1_157' title='bbox 496 1273 539 1311; x_wconf 89' lang='lat' dir='ltr'>te</span> <span class='ocrx_word' id='word_1_158' title='bbox 570 1270 632 1311; x_wconf 89' lang='lat' dir='ltr'>rei</span> <span class='ocrx_word' id='word_1_159' title='bbox 663 1269 860 1324; x_wconf 81' lang='lat' dir='ltr'>publicae</span> <span class='ocrx_word' id='word_1_160' title='bbox 892 1268 1140 1323; x_wconf 82' lang='lat' dir='ltr'>paenitebit.</span> <span class='ocrx_word' id='word_1_161' title='bbox 1195 1267 1258 1309; x_wconf 85' lang='lat' dir='ltr'>M.</span> <span class='ocrx_word' id='word_1_162' title='bbox 1291 1266 1428 1316; x_wconf 83' lang='lat' dir='ltr'>Quam</span> 
     </span>
    </p>

    <p class='ocr_par' dir='ltr' id='par_1_7' title="bbox 38 1325 1431 1621">
     <span class='ocr_line' id='line_1_21' title="bbox 38 1325 1430 1385; baseline -0.003 -14"><span class='ocrx_word' id='word_1_163' title='bbox 38 1339 71 1365; x_wconf 82' lang='lat'>20</span> <span class='ocrx_word' id='word_1_164' title='bbox 89 1330 225 1385; x_wconf 83' lang='lat' dir='ltr'>igitur</span> <span class='ocrx_word' id='word_1_165' title='bbox 250 1329 456 1384; x_wconf 78' lang='lat' dir='ltr'>relinquis</span> <span class='ocrx_word' id='word_1_166' title='bbox 483 1329 682 1384; x_wconf 88' lang='lat' dir='ltr'>populari</span> <span class='ocrx_word' id='word_1_167' title='bbox 709 1327 771 1369; x_wconf 84' lang='lat' dir='ltr'>rei</span> <span class='ocrx_word' id='word_1_168' title='bbox 796 1327 993 1382; x_wconf 75' lang='lat' dir='ltr'>publicae</span> <span class='ocrx_word' id='word_1_169' title='bbox 1017 1326 1217 1368; x_wconf 81' lang='lat' dir='ltr'>laudem?</span> <span class='ocrx_word' id='word_1_170' title='bbox 1251 1325 1294 1368; x_wconf 80' lang='lat' dir='ltr'>S.</span> <span class='ocrx_word' id='word_1_171' title='bbox 1320 1325 1430 1367; x_wconf 89' lang='lat' dir='ltr'>Tum</span> 
     </span>
     <span class='ocr_line' id='line_1_22' title="bbox 91 1385 1430 1441; baseline -0.003 -11"><span class='ocrx_word' id='word_1_172' title='bbox 91 1389 182 1430; x_wconf 88' lang='lat' dir='ltr'>ille:</span> <span class='ocrx_word' id='word_1_173' title='bbox 216 1387 355 1438; x_wconf 78' lang='lat' dir='ltr'>Quid?</span> <span class='ocrx_word' id='word_1_174' title='bbox 387 1388 470 1429; x_wconf 87' lang='lat' dir='ltr'>tibi</span> <span class='ocrx_word' id='word_1_175' title='bbox 495 1388 687 1441; x_wconf 81' lang='lat' dir='ltr'>tandem,</span> <span class='ocrx_word' id='word_1_176' title='bbox 713 1385 851 1441; x_wconf 80' lang='lat' dir='ltr'>Spuri,</span> <span class='ocrx_word' id='word_1_177' title='bbox 878 1385 1157 1440; x_wconf 83' lang='lat' dir='ltr'>Rhodiorum,</span> <span class='ocrx_word' id='word_1_178' title='bbox 1184 1385 1296 1440; x_wconf 81' lang='lat' dir='ltr'>apud</span> <span class='ocrx_word' id='word_1_179' title='bbox 1323 1399 1430 1440; x_wconf 90' lang='lat' dir='ltr'>quos</span> 
     </span>
     <span class='ocr_line' id='line_1_23' title="bbox 89 1445 1429 1504; baseline -0.003 -15"><span class='ocrx_word' id='word_1_180' title='bbox 89 1461 226 1502; x_wconf 87' lang='lat' dir='ltr'>nuper</span> <span class='ocrx_word' id='word_1_181' title='bbox 263 1446 435 1504; x_wconf 60' lang='lat' dir='ltr'>fuilmus</span> <span class='ocrx_word' id='word_1_182' title='bbox 473 1461 576 1501; x_wconf 83' lang='lat' dir='ltr'>una,</span> <span class='ocrx_word' id='word_1_183' title='bbox 625 1445 800 1487; x_wconf 88' lang='lat' dir='ltr'>nullane</span> <span class='ocrx_word' id='word_1_184' title='bbox 837 1445 1007 1486; x_wconf 87' lang='lat' dir='ltr'>videtur</span> <span class='ocrx_word' id='word_1_185' title='bbox 1045 1459 1137 1486; x_wconf 90' lang='lat' dir='ltr'>esse</span> <span class='ocrx_word' id='word_1_186' title='bbox 1174 1458 1241 1486; x_wconf 91' lang='lat' dir='ltr'>res</span> <span class='ocrx_word' id='word_1_187' title='bbox 1281 1445 1334 1497; x_wconf 85' lang='lat' dir='ltr'>[p.</span> <span class='ocrx_word' id='word_1_188' title='bbox 1364 1455 1429 1485; x_wconf 85' lang='lat'>116</span> 
     </span>
     <span class='ocr_line' id='line_1_24' title="bbox 90 1503 1431 1562; baseline -0.004 -14"><span class='ocrx_word' id='word_1_189' title='bbox 90 1506 291 1562; x_wconf 78' lang='lat' dir='ltr'>publiea?</span> <span class='ocrx_word' id='word_1_190' title='bbox 341 1507 404 1548; x_wconf 86' lang='lat' dir='ltr'>M.</span> <span class='ocrx_word' id='word_1_191' title='bbox 441 1505 550 1547; x_wconf 87' lang='lat' dir='ltr'>Mihi</span> <span class='ocrx_word' id='word_1_192' title='bbox 592 1519 694 1547; x_wconf 81' lang='lat' dir='ltr'>vero</span> <span class='ocrx_word' id='word_1_193' title='bbox 735 1504 922 1559; x_wconf 83' lang='lat' dir='ltr'>videtur,</span> <span class='ocrx_word' id='word_1_194' title='bbox 965 1506 1008 1546; x_wconf 92' lang='lat' dir='ltr'>et</span> <span class='ocrx_word' id='word_1_195' title='bbox 1046 1503 1222 1545; x_wconf 89' lang='lat' dir='ltr'>minime</span> <span class='ocrx_word' id='word_1_196' title='bbox 1260 1503 1431 1557; x_wconf 89' lang='lat' dir='ltr'>quidem</span> 
     </span>
     <span class='ocr_line' id='line_1_25' title="bbox 90 1562 1430 1621; baseline -0.004 -14"><span class='ocrx_word' id='word_1_197' title='bbox 90 1565 384 1621; x_wconf 88' lang='lat' dir='ltr'>vituperanda.</span> <span class='ocrx_word' id='word_1_198' title='bbox 433 1565 476 1607; x_wconf 82' lang='lat' dir='ltr'>S.</span> <span class='ocrx_word' id='word_1_199' title='bbox 502 1564 633 1606; x_wconf 80' lang='lat' dir='ltr'>Recte</span> <span class='ocrx_word' id='word_1_200' title='bbox 666 1563 791 1617; x_wconf 80' lang='lat' dir='ltr'>dieis3</span> <span class='ocrx_word' id='word_1_201' title='bbox 824 1563 909 1617; x_wconf 86' lang='lat' dir='ltr'>sed,</span> <span class='ocrx_word' id='word_1_202' title='bbox 942 1563 978 1604; x_wconf 90' lang='lat' dir='ltr'>si</span> <span class='ocrx_word' id='word_1_203' title='bbox 1004 1562 1251 1615; x_wconf 70' lang='lat' dir='ltr'>meministi,</span> <span class='ocrx_word' id='word_1_204' title='bbox 1284 1576 1430 1603; x_wconf 90' lang='lat' dir='ltr'>omnes</span> 
     </span>
    </p>
   </div>
   <div class='ocr_carea' id='block_1_5' title="bbox 40 1621 1434 1739">
    <p class='ocr_par' dir='ltr' id='par_1_8' title="bbox 40 1621 1434 1739">
     <span class='ocr_line' id='line_1_26' title="bbox 40 1621 1434 1678; baseline -0.003 -12"><span class='ocrx_word' id='word_1_205' title='bbox 40 1634 74 1661; x_wconf 82' lang='lat'>25</span> <span class='ocrx_word' id='word_1_206' title='bbox 92 1627 216 1666; x_wconf 86' lang='lat' dir='ltr'>erant</span> <span class='ocrx_word' id='word_1_207' title='bbox 240 1625 370 1666; x_wconf 87' lang='lat' dir='ltr'>iiclem</span> <span class='ocrx_word' id='word_1_208' title='bbox 395 1626 488 1665; x_wconf 91' lang='lat' dir='ltr'>tum</span> <span class='ocrx_word' id='word_1_209' title='bbox 515 1623 565 1665; x_wconf 89' lang='lat' dir='ltr'>de</span> <span class='ocrx_word' id='word_1_210' title='bbox 585 1622 723 1678; x_wconf 86' lang='lat' dir='ltr'>plebe,</span> <span class='ocrx_word' id='word_1_211' title='bbox 747 1624 840 1663; x_wconf 90' lang='lat' dir='ltr'>tum</span> <span class='ocrx_word' id='word_1_212' title='bbox 861 1624 1080 1664; x_wconf 75' lang='lat' dir='ltr'>senatores</span> <span class='ocrx_word' id='word_1_213' title='bbox 1100 1621 1434 1663; x_wconf 77' lang='lat' dir='ltr'>vicissitudines·</span> 
     </span>
     <span class='ocr_line' id='line_1_27' title="bbox 94 1679 1433 1739; baseline -0.004 -14"><span class='ocrx_word' id='word_1_214' title='bbox 94 1697 174 1739; x_wconf 90' lang='lat' dir='ltr'>que</span> <span class='ocrx_word' id='word_1_215' title='bbox 206 1683 436 1736; x_wconf 86' lang='lat' dir='ltr'>habebant,</span> <span class='ocrx_word' id='word_1_216' title='bbox 470 1682 623 1737; x_wconf 89' lang='lat' dir='ltr'>quibus</span> <span class='ocrx_word' id='word_1_217' title='bbox 655 1681 873 1723; x_wconf 88' lang='lat' dir='ltr'>mensibus</span> <span class='ocrx_word' id='word_1_218' title='bbox 906 1681 1106 1736; x_wconf 90' lang='lat' dir='ltr'>populari</span> <span class='ocrx_word' id='word_1_219' title='bbox 1138 1694 1310 1721; x_wconf 85' lang='lat' dir='ltr'>munere</span> <span class='ocrx_word' id='word_1_220' title='bbox 1340 1679 1433 1721; x_wconf 84' lang='lat' dir='ltr'>fun-</span> 
     </span>
    </p>
   </div>
   <div class='ocr_carea' id='block_1_6' title="bbox 94 1740 1433 1855">
    <p class='ocr_par' dir='ltr' id='par_1_9' title="bbox 94 1740 1433 1855">
     <span class='ocr_line' id='line_1_28' title="bbox 95 1740 1433 1797; baseline -0.004 -13"><span class='ocrx_word' id='word_1_221' title='bbox 95 1745 314 1797; x_wconf 84' lang='lat' dir='ltr'>gerentur,</span> <span class='ocrx_word' id='word_1_222' title='bbox 352 1742 505 1796; x_wconf 86' lang='lat' dir='ltr'>quibus</span> <span class='ocrx_word' id='word_1_223' title='bbox 545 1740 779 1794; x_wconf 83' lang='lat' dir='ltr'>senatori03</span> <span class='ocrx_word' id='word_1_224' title='bbox 816 1740 1045 1794; x_wconf 88' lang='lat' dir='ltr'>utrobique</span> <span class='ocrx_word' id='word_1_225' title='bbox 1078 1741 1221 1781; x_wconf 88' lang='lat' dir='ltr'>autem</span> <span class='ocrx_word' id='word_1_226' title='bbox 1253 1753 1433 1795; x_wconf 65' lang='lat' dir='ltr'>eonven-</span> 
     </span>
     <span class='ocr_line' id='line_1_29' title="bbox 94 1789 1433 1855; baseline -0.004 -12"><span class='ocrx_word' id='word_1_227' title='bbox 94 1801 242 1846; x_wconf 80' lang='lat' dir='ltr'>ticium</span> <span class='ocrx_word' id='word_1_228' title='bbox 275 1801 554 1855; x_wconf 83' lang='lat' dir='ltr'>accipiebant,</span> <span class='ocrx_word' id='word_1_229' title='bbox 583 1802 626 1841; x_wconf 90' lang='lat' dir='ltr'>et</span> <span class='ocrx_word' id='word_1_230' title='bbox 655 1799 700 1840; x_wconf 93' lang='lat' dir='ltr'>in</span> <span class='ocrx_word' id='word_1_231' title='bbox 731 1799 902 1840; x_wconf 90' lang='lat' dir='ltr'>theatro</span> <span class='ocrx_word' id='word_1_232' title='bbox 936 1801 979 1840; x_wconf 87' lang='lat' dir='ltr'>et</span> <span class='ocrx_word' id='word_1_233' title='bbox 1010 1799 1054 1840; x_wconf 89' lang='lat' dir='ltr'>in</span> <span class='ocrx_word' id='word_1_234' title='bbox 1086 1798 1203 1840; x_wconf 85' lang='lat' dir='ltr'>curia</span> <span class='ocrx_word' id='word_1_235' title='bbox 1228 1812 1295 1839; x_wconf 90' lang='lat' dir='ltr'>res</span> <span class='ocrx_word' id='word_1_236' title='bbox 1322 1789 1433 1853; x_wconf 50' lang='lat' dir='ltr'>oapi-</span> 
     </span>
    </p>
   </div>
   <div class='ocr_carea' id='block_1_7' title="bbox 94 1858 1434 1914">
    <p class='ocr_par' dir='ltr' id='par_1_10' title="bbox 94 1858 1434 1914">
     <span class='ocr_line' id='line_1_30' title="bbox 94 1858 1434 1914; baseline -0.004 -12"><span class='ocrx_word' id='word_1_237' title='bbox 94 1861 196 1902; x_wconf 87' lang='lat' dir='ltr'>talis</span> <span class='ocrx_word' id='word_1_238' title='bbox 232 1862 275 1902; x_wconf 90' lang='lat' dir='ltr'>et</span> <span class='ocrx_word' id='word_1_239' title='bbox 305 1860 493 1914; x_wconf 87' lang='lat' dir='ltr'>reliquas</span> <span class='ocrx_word' id='word_1_240' title='bbox 526 1858 664 1900; x_wconf 75' lang='lat' dir='ltr'>omnis</span> <span class='ocrx_word' id='word_1_241' title='bbox 696 1858 944 1900; x_wconf 84' lang='lat' dir='ltr'>iudicabant</span> <span class='ocrx_word' id='word_1_242' title='bbox 974 1858 1122 1912; x_wconf 68' lang='lat' dir='ltr'>iidem,</span> <span class='ocrx_word' id='word_1_243' title='bbox 1158 1859 1329 1898; x_wconf 89' lang='lat' dir='ltr'>tantum</span> <span class='ocrx_word' id='word_1_244' title='bbox 1359 1871 1434 1913; x_wconf 83' lang='lat' dir='ltr'>po·</span> 
     </span>
    </p>
   </div>
   <div class='ocr_carea' id='block_1_8' title="bbox 41 1917 1341 2054">
    <p class='ocr_par' dir='ltr' id='par_1_11' title="bbox 41 1917 1341 2054">
     <span class='ocr_line' id='line_1_31' title="bbox 41 1917 1341 1973; baseline -0.003 -12"><span class='ocrx_word' id='word_1_245' title='bbox 41 1930 75 1956; x_wconf 77' lang='lat'>³0</span> <span class='ocrx_word' id='word_1_246' title='bbox 94 1921 209 1961; x_wconf 86' lang='lat' dir='ltr'>terat</span> <span class='ocrx_word' id='word_1_247' title='bbox 240 1919 438 1973; x_wconf 89' lang='lat' dir='ltr'>tantique</span> <span class='ocrx_word' id='word_1_248' title='bbox 472 1920 576 1971; x_wconf 84' lang='lat' dir='ltr'>erat,</span> <span class='ocrx_word' id='word_1_249' title='bbox 609 1917 759 1971; x_wconf 84' lang='lat' dir='ltr'>quanti</span> <span class='ocrx_word' id='word_1_250' title='bbox 790 1917 1038 1971; x_wconf 83' lang='lat' dir='ltr'>multitudo,</span> <span class='ocrx_word' id='word_1_251' title='bbox 1067 1920 1310 1959; x_wconf 73' lang='lat' dir='ltr'>senatus...</span> <span class='ocrx_word' id='word_1_252' title='bbox 1332 1947 1341 1957; x_wconf 83' lang='lat'><strong>‚</strong></span> 
     </span>
     <span class='ocr_line' id='line_1_32' title="bbox 513 2000 1015 2054; baseline -0.004 -12"><span class='ocrx_word' id='word_1_253' title='bbox 513 2000 674 2054; x_wconf 76' lang='lat' dir='ltr'>[Multa</span> <span class='ocrx_word' id='word_1_254' title='bbox 704 2000 1015 2052; x_wconf 64' lang='lat' dir='ltr'>desiderantur]</span> 
     </span>
    </p>
   </div>
   <div class='ocr_carea' id='block_1_9' title="bbox 1455 1278 1501 1310">
    <p class='ocr_par' dir='ltr' id='par_1_12' title="bbox 1455 1278 1501 1310">
     <span class='ocr_line' id='line_1_33' title="bbox 1455 1278 1501 1310; baseline 0 0"><span class='ocrx_word' id='word_1_255' title='bbox 1455 1278 1501 1310; x_wconf 82' lang='lat'>48</span> 
     </span>
    </p>
   </div>
  </div>
 </body>
</html>
