1685 2568
449 97 538 134 LIB.
565 98 628 134 111.
656 98 756 135 GAP.
784 103 931 135 ιιι-17.
956 104 976 142 g
1002 105 1152 137 32—38.
1403 102 1491 143 445

156 194 296 251 prima
333 194 383 237 de
414 194 743 250 magistratibus
775 194 1040 236 mandandis.
1100 194 1167 237 Ea
1197 198 1263 237 est
1295 195 1490 250 Gabinia,

155 254 248 296 lata
291 254 344 295 ab
388 253 560 296 homine
602 253 752 309 ignoto
796 255 839 294 et
877 253 1059 295 sordido.
1128 252 1281 295 Secuta
1318 254 1489 296 biennio

155 315 256 368 post
292 311 442 354 Cassia
482 314 548 354 est
585 312 635 354 de
677 312 827 367 populi
861 311 1028 353 iudiciis
1072 326 1098 353 a
1138 312 1274 353 nobili
1316 312 1490 354 homine

157 372 260 426 lata,
292 371 338 413 L.
370 370 532 425 Cassio,
563 370 649 425 sed,
679 385 784 426 pace
814 370 1005 412 familiae
1037 369 1227 424 dixerim,
1259 370 1490 412 dissidente

121 443 138 469 5
157 445 183 472 a
207 430 332 472 bonis
358 432 485 484 atque
512 429 650 471 omnis
676 429 944 471 rumusculos
964 429 1163 484 populari
1182 428 1348 471 ratione
1369 444 1491 471 aucu-

155 491 296 544 pante.
346 487 554 530 Carbonis
587 490 652 530 est
682 488 812 529 tertia
843 488 893 529 de
923 487 1118 529 iubendis
1150 487 1318 543 legibus
1351 502 1399 529 ac
1424 502 1491 530 ve-

155 547 316 601 tandis,
360 547 552 588 seditiosi
595 549 724 601 atque
759 546 931 602 inprobi
968 546 1092 600 civis,
1136 546 1203 588 cui
1239 561 1292 588 ne
1329 546 1491 588 reditus

157 605 327 660 quidem
352 605 406 647 ad
431 605 566 647 bonos
593 605 777 647 salutem
804 620 829 646 a
853 605 978 647 bonis
1003 605 1145 660 potuit
1171 605 1348 646 adferre.
1391 604 1489 647 Uno

155 664 200 706 in
238 678 392 720 genere
429 663 614 718 relinqui
650 664 875 705 videbatur
912 664 1028 705 vocis
1071 664 1340 719 suffragium,
1379 664 1493 718 quod

105 736 138 761 10
156 723 248 778 ipse
275 722 448 765 Cassius
481 725 716 778 exceperat,
747 722 1064 777 perduellionis
1112 722 1243 764 Dedit
1267 722 1366 764 huic
1392 737 1493 777 quo-

158 796 239 837 que
264 781 419 823 iudicio
446 780 491 823 O.
518 780 686 823 Coelius
711 781 920 822 tabellam
945 781 1178 836 doluitque,
1207 781 1346 847 quoad
1372 781 1493 835 vixit,

158 855 220 895 se,
251 842 300 882 ut
331 840 591 896 opprimeret
623 839 667 881 G
698 839 932 895 Popilium,
963 840 1158 881 nocuisse
1189 840 1252 881 rei
1282 840 1492 895 publicae.

156 899 215 941 Et
252 913 356 941 avus
394 899 563 953 quidem
600 901 748 940 noster
785 898 995 954 singulari
1028 899 1185 940 virtute
1217 899 1262 940 in
1293 899 1374 941 hoc
1404 913 1493 941 mu-

156 958 328 1013 nicipio,
360 958 499 1012 quoad
530 957 647 1011 vixit,
679 957 841 999 restitit
865 957 921 999 M.
948 955 1156 1011 Gratidio,
1188 958 1306 999 cuius
1337 959 1382 999 in
1406 972 1493 1000 ma-

108 1030 140 1054 15
159 1017 361 1058 trimonio
376 1031 579 1070 sororem,
594 1016 735 1058 aviam
748 1019 955 1070 nostram,
969 1016 1170 1070 habebat,
1183 1016 1339 1058 ferenti
1351 1017 1493 1072 legem

157 1075 448 1129 tabellariam3
480 1075 696 1117 excitabat
726 1075 838 1116 enim
869 1075 1024 1116 fluctus
1056 1076 1101 1116 in
1133 1075 1330 1130 simpulo,
1361 1078 1410 1117 ut
1435 1076 1494 1117 di-

157 1135 279 1189 citur,
306 1133 537 1189 Gratidius,
563 1148 670 1189 quos
695 1136 795 1189 post
820 1134 934 1175 filius
961 1134 1050 1175 eius
1069 1133 1232 1175 Marius
1255 1134 1300 1175 in
1318 1134 1492 1190 Aegaeo

158 1193 361 1235 excitavit
403 1193 523 1234 mari.
591 1192 654 1235 Ac
696 1195 846 1235 nostro
889 1193 1058 1247 quidem
1098 1193 1216 1247 †qui
1256 1207 1385 1248 quom
1425 1207 1493 1235 res

158 1255 271 1294 esset
302 1252 356 1293 ad
387 1266 432 1293 se
464 1251 617 1306 delata,
647 1250 704 1293 M.
731 1249 913 1293 Scaurus
940 1251 1105 1294 consul:
1139 1251 1402 1307 ³Utinam',
1433 1252 1494 1293 in-

105 1323 139 1348 20
159 1311 270 1366 quit,
315 1310 390 1352 εΜ.
430 1309 622 1363 Cicero,
665 1310 767 1352 isto
813 1310 978 1352 animo
1019 1313 1172 1365 atque
1209 1311 1404 1352 virtute
1442 1311 1492 1352 in

159 1384 350 1411 summa
386 1383 437 1411 re
476 1369 684 1424 publica
722 1369 986 1411 nobiscum
1024 1369 1223 1411 versari
1260 1383 1405 1424 quam
1443 1369 1495 1411 in

159 1427 459 1483 municipali
495 1427 810 1470 maluissesl'
873 1427 1010 1477 Quam
1048 1429 1103 1470 ob
1141 1443 1250 1482 rem,
1292 1429 1494 1483 quoniam

157 1502 245 1529 non
274 1487 616 1542 recognoscimus
641 1502 753 1529 nunc
778 1487 895 1543 leges
919 1487 1068 1542 populi
1093 1487 1289 1541 Romani,
1321 1488 1394 1529 sed
1421 1490 1496 1529 aut

159 1546 392 1602 repetimus
424 1548 593 1601 ereptas
625 1548 699 1588 aut
729 1561 864 1588 novas
896 1546 1133 1600 scribimus,
1164 1561 1252 1588 non
1283 1546 1383 1601 quid
1414 1546 1496 1588 hoc

107 1616 141 1641 25
160 1605 319 1661 populo
363 1604 549 1647 obtineri
591 1605 746 1660 possit,
791 1605 864 1646 sed
904 1604 1006 1659 quid
1046 1605 1256 1660 optimum
1295 1605 1370 1659 sit,
1412 1605 1496 1646 tibi

161 1664 383 1706 dicendum
426 1666 542 1718 puto.
610 1663 723 1705 Nam
767 1662 941 1705 Cassiae
985 1664 1094 1720 legis
1139 1664 1309 1719 culpam
1353 1663 1494 1719 Scipio

160 1725 259 1764 tuus
300 1722 500 1777 sustinet,
542 1737 624 1777 quo
663 1725 836 1765 auctore
873 1723 965 1764 lata
1002 1737 1095 1764 esse
1133 1722 1299 1764 dicitur.
1360 1722 1424 1764 Tu
1459 1722 1496 1764 si

160 1781 431 1824 tabellariam
474 1781 645 1836 tuleris,
687 1782 779 1836 ipsc
821 1781 1082 1837 praestabis3
1124 1796 1201 1823 nec
1239 1782 1353 1823 enim
1389 1781 1496 1822 mihi

160 1841 303 1895 placet
339 1855 415 1882 nec
454 1840 600 1882 Attico
637 1843 804 1894 nostro,
842 1842 1050 1895 quantum
1088 1854 1111 1882 e
1146 1840 1271 1882 vultu
1308 1840 1397 1882 eius
1435 1841 1495 1881 in-

1517 613 1560 646 30

1519 1436 1562 1468 37

108 1912 142 1936 30
161 1899 332 1955 tellego.
393 1900 493 1941 Am
524 1899 633 1940 Mihi
663 1914 763 1941 vero
795 1899 905 1940 nihil
936 1914 1140 1954 umquam
1171 1899 1380 1954 populare
1405 1899 1493 1954 pla·
1513 1899 1563 1940 17

162 1958 260 2012 cuit,
292 1972 470 2013 eamque
503 1958 712 2013 optimam
744 1972 835 2000 rem
865 1958 1083 2013 publicam
1109 1972 1201 2000 esse
1227 1958 1333 2012 dico,
1366 1973 1493 2012 quam

159 2016 230 2058 hic
261 2017 408 2058 consul
441 2017 740 2070 constituerat,
772 2032 880 2072 quae
912 2017 969 2058 sit
999 2017 1045 2058 in
1071 2019 1289 2072 potestate
1316 2017 1496 2072 optimo-

160 2090 266 2116 rum.
302 2076 365 2117 M.
384 2075 474 2117 Vos
502 2075 684 2130 quidem,
713 2078 762 2117 ut
786 2076 921 2129 video,
947 2076 1088 2132 legem
1116 2076 1374 2130 antiquastis
1404 2075 1494 2116 sine

160 2134 334 2175 tabella.
385 2132 466 2176 Sed
498 2148 590 2190 ego,
623 2134 703 2176 etsi
736 2134 842 2176 satis
874 2135 981 2176 dixit
1011 2150 1090 2190 pro
1117 2149 1162 2176 se
1187 2135 1233 2176 in
1258 2135 1345 2175 illis
1371 2134 1494 2175 libris

109 2204 142 2230 ⁵5
162 2191 316 2248 Scipio,
348 2194 494 2234 tamen
519 2193 582 2234 ita
607 2193 854 2235 libertatem
886 2193 1018 2235 istam
1049 2193 1214 2249 largior
1244 2193 1416 2248 populo,
1447 2194 1495 2233 ut

161 2251 419 2293 auctoritate
446 2254 489 2293 et
514 2252 688 2294 valeant
713 2254 756 2293 et
784 2255 962 2294 utantur
986 2252 1101 2294 boni.
1145 2251 1214 2293 Sic
1240 2252 1352 2292 enim
1378 2266 1403 2292 a
1428 2265 1495 2291 me

160 2310 342 2352 recitata
384 2310 453 2352 lex
497 2313 563 2352 est
601 2311 651 2353 de
689 2311 923 2367 suffragiis:
968 2310 1318 2366 Optimatibus
1358 2312 1496 2362 nota,

1519 2082 1563 2113 38
