<?xml version="1.0" encoding="UTF-8"?>
<!DOCTYPE html PUBLIC "-//W3C//DTD XHTML 1.0 Transitional//EN"
    "http://www.w3.org/TR/xhtml1/DTD/xhtml1-transitional.dtd">
<html xmlns="http://www.w3.org/1999/xhtml" xml:lang="en" lang="en">
 <head>
  <title>
</title>
<meta http-equiv="Content-Type" content="text/html;charset=utf-8" />
  <meta name='ocr-system' content='tesseract 3.04.00' />
  <meta name='ocr-capabilities' content='ocr_page ocr_carea ocr_par ocr_line ocrx_word'/>
</head>
<body>
  <div class='ocr_page' id='page_1' title='image "./p2scriptaquaemanse04ciceuoft_0210.png"; bbox 0 0 1685 2568; ppageno 0'>
   <div class='ocr_carea' id='block_1_1' title="bbox 171 794 225 877">
    <p class='ocr_par' dir='ltr' id='par_1_1' title="bbox 171 794 225 877">
     <span class='ocr_line' id='line_1_1' title="bbox 173 794 225 835; baseline 0.019 -1"><span class='ocrx_word' id='word_1_1' title='bbox 173 794 225 835; x_wconf 82' lang='grc'>18</span> 
     </span>
     <span class='ocr_line' id='line_1_2' title="bbox 171 846 216 877; baseline -0.022 0"><span class='ocrx_word' id='word_1_2' title='bbox 171 846 216 877; x_wconf 79' lang='lat'>34</span> 
     </span>
    </p>
   </div>
   <div class='ocr_carea' id='block_1_2' title="bbox 169 1883 212 1914">
    <p class='ocr_par' dir='ltr' id='par_1_2' title="bbox 169 1883 212 1914">
     <span class='ocr_line' id='line_1_3' title="bbox 169 1883 212 1914; baseline 0 0"><span class='ocrx_word' id='word_1_3' title='bbox 169 1883 212 1914; x_wconf 84' lang='lat'>35</span> 
     </span>
    </p>
   </div>
   <div class='ocr_carea' id='block_1_3' title="bbox 243 75 1121 119">
    <p class='ocr_par' dir='ltr' id='par_1_3' title="bbox 243 75 1121 119">
     <span class='ocr_line' id='line_1_4' title="bbox 243 75 1121 119; baseline -0.002 -7"><span class='ocrx_word' id='word_1_4' title='bbox 243 78 325 119; x_wconf 83' lang='lat'>158</span> <span class='ocrx_word' id='word_1_5' title='bbox 709 76 774 112; x_wconf 90' lang='lat' dir='ltr'>DE</span> <span class='ocrx_word' id='word_1_6' title='bbox 798 75 1121 111; x_wconf 84' lang='lat' dir='ltr'><strong>DIVINATIONE</strong></span> 
     </span>
    </p>
   </div>
   <div class='ocr_carea' id='block_1_4' title="bbox 239 171 1671 2341">
    <p class='ocr_par' dir='ltr' id='par_1_4' title="bbox 240 171 1671 816">
     <span class='ocr_line' id='line_1_5' title="bbox 242 171 1579 229; baseline -0.003 -13"><span class='ocrx_word' id='word_1_7' title='bbox 242 189 371 229; x_wconf 89' lang='lat' dir='ltr'>quam</span> <span class='ocrx_word' id='word_1_8' title='bbox 404 174 505 216; x_wconf 90' lang='lat' dir='ltr'>deos</span> <span class='ocrx_word' id='word_1_9' title='bbox 536 188 604 215; x_wconf 90' lang='lat' dir='ltr'>res</span> <span class='ocrx_word' id='word_1_10' title='bbox 629 174 843 215; x_wconf 88' lang='lat' dir='ltr'>humanas</span> <span class='ocrx_word' id='word_1_11' title='bbox 868 187 1016 214; x_wconf 89' lang='lat' dir='ltr'>curare</span> <span class='ocrx_word' id='word_1_12' title='bbox 1040 171 1272 226; x_wconf 81' lang='lat' dir='ltr'>fateamur3</span> <span class='ocrx_word' id='word_1_13' title='bbox 1304 172 1433 227; x_wconf 79' lang='lat' dir='ltr'>quid?</span> <span class='ocrx_word' id='word_1_14' title='bbox 1466 171 1579 226; x_wconf 86' lang='lat' dir='ltr'>quod</span> 
     </span>
     <span class='ocr_line' id='line_1_6' title="bbox 242 230 1579 288; baseline -0.003 -13"><span class='ocrx_word' id='word_1_15' title='bbox 242 233 450 288; x_wconf 88' lang='lat' dir='ltr'>scriptum</span> <span class='ocrx_word' id='word_1_16' title='bbox 482 232 595 287; x_wconf 91' lang='lat' dir='ltr'>apud</span> <span class='ocrx_word' id='word_1_17' title='bbox 625 235 669 273; x_wconf 86' lang='lat' dir='ltr'>te</span> <span class='ocrx_word' id='word_1_18' title='bbox 701 234 767 273; x_wconf 84' lang='lat' dir='ltr'>est</span> <span class='ocrx_word' id='word_1_19' title='bbox 799 231 848 273; x_wconf 88' lang='lat' dir='ltr'>de</span> <span class='ocrx_word' id='word_1_20' title='bbox 877 231 940 272; x_wconf 89' lang='lat' dir='ltr'>Ti.</span> <span class='ocrx_word' id='word_1_21' title='bbox 967 230 1171 284; x_wconf 81' lang='lat' dir='ltr'>Graccho,</span> <span class='ocrx_word' id='word_1_22' title='bbox 1201 245 1342 272; x_wconf 85' lang='lat' dir='ltr'>norme</span> <span class='ocrx_word' id='word_1_23' title='bbox 1374 232 1417 272; x_wconf 90' lang='lat' dir='ltr'>et</span> <span class='ocrx_word' id='word_1_24' title='bbox 1449 244 1579 286; x_wconf 89' lang='lat' dir='ltr'>augu-</span> 
     </span>
     <span class='ocr_line' id='line_1_7' title="bbox 240 289 1578 345; baseline -0.003 -12"><span class='ocrx_word' id='word_1_25' title='bbox 240 307 337 333; x_wconf 87' lang='lat' dir='ltr'>rum</span> <span class='ocrx_word' id='word_1_26' title='bbox 375 294 417 333; x_wconf 90' lang='lat' dir='ltr'>et</span> <span class='ocrx_word' id='word_1_27' title='bbox 453 291 731 345; x_wconf 82' lang='lat' dir='ltr'>haruspicum</span> <span class='ocrx_word' id='word_1_28' title='bbox 769 290 1007 344; x_wconf 88' lang='lat' dir='ltr'>conprobat</span> <span class='ocrx_word' id='word_1_29' title='bbox 1039 289 1340 344; x_wconf 83' lang='lat' dir='ltr'>disciplinam?</span> <span class='ocrx_word' id='word_1_30' title='bbox 1379 289 1452 343; x_wconf 91' lang='lat' dir='ltr'>qui</span> <span class='ocrx_word' id='word_1_31' title='bbox 1482 303 1578 330; x_wconf 91' lang='lat' dir='ltr'>cum</span> 
     </span>
     <span class='ocr_line' id='line_1_8' title="bbox 240 347 1671 403; baseline -0.003 -12"><span class='ocrx_word' id='word_1_32' title='bbox 240 350 568 392; x_wconf 88' lang='lat' dir='ltr'>tabernaculum</span> <span class='ocrx_word' id='word_1_33' title='bbox 586 348 693 390; x_wconf 90' lang='lat' dir='ltr'>vitio</span> <span class='ocrx_word' id='word_1_34' title='bbox 714 348 897 403; x_wconf 85' lang='lat' dir='ltr'>cepisset</span> <span class='ocrx_word' id='word_1_35' title='bbox 914 348 1159 403; x_wconf 78' lang='lat' dir='ltr'>inprudens,</span> <span class='ocrx_word' id='word_1_36' title='bbox 1180 347 1293 402; x_wconf 90' lang='lat' dir='ltr'>quod</span> <span class='ocrx_word' id='word_1_37' title='bbox 1310 347 1578 402; x_wconf 84' lang='lat' dir='ltr'>inauspicato</span> <span class='ocrx_word' id='word_1_38' title='bbox 1670 389 1671 398; x_wconf 12' lang='grc' dir='ltr'>ἵ</span> 
     </span>
     <span class='ocr_line' id='line_1_9' title="bbox 240 406 1671 464; baseline -0.004 -14"><span class='ocrx_word' id='word_1_39' title='bbox 240 409 479 464; x_wconf 89' lang='lat' dir='ltr'>pomerium</span> <span class='ocrx_word' id='word_1_40' title='bbox 515 410 814 463; x_wconf 86' lang='lat' dir='ltr'>transgressus</span> <span class='ocrx_word' id='word_1_41' title='bbox 852 409 982 460; x_wconf 89' lang='lat' dir='ltr'>esset,</span> <span class='ocrx_word' id='word_1_42' title='bbox 1019 406 1194 449; x_wconf 86' lang='lat' dir='ltr'>comitia</span> <span class='ocrx_word' id='word_1_43' title='bbox 1231 406 1478 448; x_wconf 89' lang='lat' dir='ltr'>consulibus</span> <span class='ocrx_word' id='word_1_44' title='bbox 1515 420 1579 447; x_wconf 88' lang='lat' dir='ltr'>ro·</span> <span class='ocrx_word' id='word_1_45' title='bbox 1616 417 1633 443; x_wconf 85' lang='lat'><strong>5</strong></span> <span class='ocrx_word' id='word_1_46' title='bbox 1668 419 1671 431; x_wconf 72' lang='lat'><strong>⁴</strong></span> 
     </span>
     <span class='ocr_line' id='line_1_10' title="bbox 242 464 1581 523; baseline -0.002 -15"><span class='ocrx_word' id='word_1_47' title='bbox 242 467 394 523; x_wconf 79' lang='lat' dir='ltr'>gaudis</span> <span class='ocrx_word' id='word_1_48' title='bbox 434 466 599 508; x_wconf 90' lang='lat' dir='ltr'>habuit.</span> <span class='ocrx_word' id='word_1_49' title='bbox 660 464 779 508; x_wconf 91' lang='lat' dir='ltr'>Nota</span> <span class='ocrx_word' id='word_1_50' title='bbox 817 479 885 506; x_wconf 88' lang='lat' dir='ltr'>res</span> <span class='ocrx_word' id='word_1_51' title='bbox 926 467 992 506; x_wconf 87' lang='lat' dir='ltr'>est</span> <span class='ocrx_word' id='word_1_52' title='bbox 1032 468 1075 506; x_wconf 85' lang='lat' dir='ltr'>et</span> <span class='ocrx_word' id='word_1_53' title='bbox 1114 480 1140 506; x_wconf 90' lang='lat' dir='ltr'>a</span> <span class='ocrx_word' id='word_1_54' title='bbox 1176 467 1220 505; x_wconf 87' lang='lat' dir='ltr'>te</span> <span class='ocrx_word' id='word_1_55' title='bbox 1250 465 1345 519; x_wconf 90' lang='lat' dir='ltr'>ipso</span> <span class='ocrx_word' id='word_1_56' title='bbox 1377 464 1581 506; x_wconf 90' lang='lat' dir='ltr'>mandata</span> 
     </span>
     <span class='ocr_line' id='line_1_11' title="bbox 241 522 1581 579; baseline -0.001 -13"><span class='ocrx_word' id='word_1_57' title='bbox 241 525 543 566; x_wconf 75' lang='lat' dir='ltr'>monumentis.</span> <span class='ocrx_word' id='word_1_58' title='bbox 605 522 688 566; x_wconf 85' lang='lat' dir='ltr'>Sed</span> <span class='ocrx_word' id='word_1_59' title='bbox 725 527 768 565; x_wconf 90' lang='lat' dir='ltr'>et</span> <span class='ocrx_word' id='word_1_60' title='bbox 805 524 898 579; x_wconf 88' lang='lat' dir='ltr'>ipse</span> <span class='ocrx_word' id='word_1_61' title='bbox 930 537 1067 579; x_wconf 90' lang='lat' dir='ltr'>augur</span> <span class='ocrx_word' id='word_1_62' title='bbox 1098 522 1160 564; x_wconf 86' lang='lat' dir='ltr'>Ti.</span> <span class='ocrx_word' id='word_1_63' title='bbox 1193 522 1410 565; x_wconf 84' lang='lat' dir='ltr'>Gracchus</span> <span class='ocrx_word' id='word_1_64' title='bbox 1443 523 1581 577; x_wconf 90' lang='lat' dir='ltr'>auspi-</span> 
     </span>
     <span class='ocr_line' id='line_1_12' title="bbox 241 582 1581 637; baseline -0.002 -11"><span class='ocrx_word' id='word_1_65' title='bbox 241 584 403 626; x_wconf 88' lang='lat' dir='ltr'>ciorum</span> <span class='ocrx_word' id='word_1_66' title='bbox 442 583 745 626; x_wconf 87' lang='lat' dir='ltr'>auctoritatem</span> <span class='ocrx_word' id='word_1_67' title='bbox 782 582 1048 624; x_wconf 83' lang='lat' dir='ltr'>confessione</span> <span class='ocrx_word' id='word_1_68' title='bbox 1087 582 1219 624; x_wconf 89' lang='lat' dir='ltr'>errati</span> <span class='ocrx_word' id='word_1_69' title='bbox 1250 582 1316 623; x_wconf 81' lang='lat' dir='ltr'>sm·</span> <span class='ocrx_word' id='word_1_70' title='bbox 1347 582 1581 637; x_wconf 88' lang='lat' dir='ltr'>conproba-</span> 
     </span>
     <span class='ocr_line' id='line_1_13' title="bbox 241 640 1671 697; baseline -0.002 -13"><span class='ocrx_word' id='word_1_71' title='bbox 241 643 315 697; x_wconf 92' lang='lat' dir='ltr'>vit,</span> <span class='ocrx_word' id='word_1_72' title='bbox 348 645 391 684; x_wconf 92' lang='lat' dir='ltr'>et</span> <span class='ocrx_word' id='word_1_73' title='bbox 421 642 699 697; x_wconf 86' lang='lat' dir='ltr'>haruspicum</span> <span class='ocrx_word' id='word_1_74' title='bbox 731 641 980 696; x_wconf 87' lang='lat' dir='ltr'>disciplinae</span> <span class='ocrx_word' id='word_1_75' title='bbox 1012 655 1171 697; x_wconf 87' lang='lat' dir='ltr'>magna</span> <span class='ocrx_word' id='word_1_76' title='bbox 1197 640 1377 682; x_wconf 88' lang='lat' dir='ltr'>accessit</span> <span class='ocrx_word' id='word_1_77' title='bbox 1401 640 1582 682; x_wconf 87' lang='lat' dir='ltr'>auctori·</span> <span class='ocrx_word' id='word_1_78' title='bbox 1669 683 1671 686; x_wconf 73' lang='grc'><em>,</em></span> 
     </span>
     <span class='ocr_line' id='line_1_14' title="bbox 241 698 1635 755; baseline -0.002 -13"><span class='ocrx_word' id='word_1_79' title='bbox 241 704 327 755; x_wconf 87' lang='lat' dir='ltr'>tas,</span> <span class='ocrx_word' id='word_1_80' title='bbox 378 701 450 755; x_wconf 91' lang='lat' dir='ltr'>qui</span> <span class='ocrx_word' id='word_1_81' title='bbox 499 700 742 742; x_wconf 71' lang='lat' dir='ltr'>recentibus</span> <span class='ocrx_word' id='word_1_82' title='bbox 789 699 974 742; x_wconf 89' lang='lat' dir='ltr'>comitiis</span> <span class='ocrx_word' id='word_1_83' title='bbox 1018 700 1064 740; x_wconf 90' lang='lat' dir='ltr'>in</span> <span class='ocrx_word' id='word_1_84' title='bbox 1107 702 1303 741; x_wconf 89' lang='lat' dir='ltr'>senatum</span> <span class='ocrx_word' id='word_1_85' title='bbox 1347 698 1635 741; x_wconf 69' lang='lat' dir='ltr'>introductivo</span> 
     </span>
     <span class='ocr_line' id='line_1_15' title="bbox 240 758 1457 816; baseline -0.002 -15"><span class='ocrx_word' id='word_1_86' title='bbox 240 762 510 816; x_wconf 82' lang='lat' dir='ltr'>negaverunt</span> <span class='ocrx_word' id='word_1_87' title='bbox 539 759 703 800; x_wconf 89' lang='lat' dir='ltr'>iustum</span> <span class='ocrx_word' id='word_1_88' title='bbox 734 758 1006 800; x_wconf 89' lang='lat' dir='ltr'>comitiorum</span> <span class='ocrx_word' id='word_1_89' title='bbox 1037 761 1283 813; x_wconf 81' lang='lat' dir='ltr'>rogatorem</span> <span class='ocrx_word' id='word_1_90' title='bbox 1313 758 1457 799; x_wconf 85' lang='lat' dir='ltr'>fuisse.</span> 
     </span>
    </p>

    <p class='ocr_par' dir='ltr' id='par_1_5' title="bbox 239 816 1668 2341">
     <span class='ocr_line' id='line_1_16' title="bbox 314 816 1581 873; baseline -0.003 -12"><span class='ocrx_word' id='word_1_91' title='bbox 314 818 388 863; x_wconf 78' lang='lat' dir='ltr'>,Iis</span> <span class='ocrx_word' id='word_1_92' title='bbox 419 818 555 873; x_wconf 86' lang='lat' dir='ltr'>igitur</span> <span class='ocrx_word' id='word_1_93' title='bbox 587 817 822 871; x_wconf 86' lang='lat' dir='ltr'>adsentior,</span> <span class='ocrx_word' id='word_1_94' title='bbox 861 817 933 871; x_wconf 89' lang='lat' dir='ltr'>qui</span> <span class='ocrx_word' id='word_1_95' title='bbox 965 816 1047 858; x_wconf 89' lang='lat' dir='ltr'>duo</span> <span class='ocrx_word' id='word_1_96' title='bbox 1080 831 1238 872; x_wconf 88' lang='lat' dir='ltr'>genera</span> <span class='ocrx_word' id='word_1_97' title='bbox 1270 817 1581 858; x_wconf 85' lang='lat' dir='ltr'>divinationum</span> 
     </span>
     <span class='ocr_line' id='line_1_17' title="bbox 242 875 1581 931; baseline -0.001 -13"><span class='ocrx_word' id='word_1_98' title='bbox 242 892 334 919; x_wconf 76' lang='lat' dir='ltr'>esse</span> <span class='ocrx_word' id='word_1_99' title='bbox 367 877 581 931; x_wconf 80' lang='lat' dir='ltr'>dixerunt,</span> <span class='ocrx_word' id='word_1_100' title='bbox 615 891 759 930; x_wconf 85' lang='lat' dir='ltr'>unum,</span> <span class='ocrx_word' id='word_1_101' title='bbox 792 876 904 930; x_wconf 90' lang='lat' dir='ltr'>quod</span> <span class='ocrx_word' id='word_1_102' title='bbox 934 875 1150 930; x_wconf 87' lang='lat' dir='ltr'>particeps</span> <span class='ocrx_word' id='word_1_103' title='bbox 1183 878 1296 916; x_wconf 90' lang='lat' dir='ltr'>esset</span> <span class='ocrx_word' id='word_1_104' title='bbox 1328 876 1446 930; x_wconf 88' lang='lat' dir='ltr'>artis,</span> <span class='ocrx_word' id='word_1_105' title='bbox 1478 875 1581 917; x_wconf 91' lang='lat' dir='ltr'>alte-</span> 
     </span>
     <span class='ocr_line' id='line_1_18' title="bbox 241 933 1581 990; baseline -0.001 -13"><span class='ocrx_word' id='word_1_106' title='bbox 241 951 348 990; x_wconf 89' lang='lat' dir='ltr'>rum,</span> <span class='ocrx_word' id='word_1_107' title='bbox 381 935 494 990; x_wconf 86' lang='lat' dir='ltr'>quod</span> <span class='ocrx_word' id='word_1_108' title='bbox 526 937 618 976; x_wconf 89' lang='lat' dir='ltr'>arte</span> <span class='ocrx_word' id='word_1_109' title='bbox 651 937 827 977; x_wconf 86' lang='lat' dir='ltr'>careret.</span> <span class='ocrx_word' id='word_1_110' title='bbox 882 933 963 975; x_wconf 87' lang='lat' dir='ltr'>Est</span> <span class='ocrx_word' id='word_1_111' title='bbox 995 934 1106 974; x_wconf 90' lang='lat' dir='ltr'>enim</span> <span class='ocrx_word' id='word_1_112' title='bbox 1139 948 1208 975; x_wconf 88' lang='lat' dir='ltr'>ars</span> <span class='ocrx_word' id='word_1_113' title='bbox 1240 934 1285 975; x_wconf 88' lang='lat' dir='ltr'>in</span> <span class='ocrx_word' id='word_1_114' title='bbox 1314 934 1380 989; x_wconf 84' lang='lat' dir='ltr'>iis,</span> <span class='ocrx_word' id='word_1_115' title='bbox 1412 934 1485 988; x_wconf 90' lang='lat' dir='ltr'>qui</span> <span class='ocrx_word' id='word_1_116' title='bbox 1508 949 1581 976; x_wconf 87' lang='lat' dir='ltr'>no-</span> 
     </span>
     <span class='ocr_line' id='line_1_19' title="bbox 240 993 1633 1048; baseline -0.001 -12"><span class='ocrx_word' id='word_1_117' title='bbox 240 1009 317 1036; x_wconf 89' lang='lat' dir='ltr'>vas</span> <span class='ocrx_word' id='word_1_118' title='bbox 348 1009 417 1035; x_wconf 89' lang='lat' dir='ltr'>res</span> <span class='ocrx_word' id='word_1_119' title='bbox 450 994 694 1036; x_wconf 90' lang='lat' dir='ltr'>coniectura</span> <span class='ocrx_word' id='word_1_120' title='bbox 724 995 1050 1048; x_wconf 81' lang='lat' dir='ltr'>persequuntur,</span> <span class='ocrx_word' id='word_1_121' title='bbox 1081 995 1247 1034; x_wconf 85' lang='lat' dir='ltr'>veteres</span> <span class='ocrx_word' id='word_1_122' title='bbox 1280 993 1579 1035; x_wconf 88' lang='lat' dir='ltr'>observatione</span> <span class='ocrx_word' id='word_1_123' title='bbox 1600 1005 1633 1030; x_wconf 86' lang='lat'>15</span> 
     </span>
     <span class='ocr_line' id='line_1_20' title="bbox 242 1051 1582 1106; baseline -0.001 -12"><span class='ocrx_word' id='word_1_124' title='bbox 242 1053 491 1095; x_wconf 88' lang='lat' dir='ltr'>didicerunt.</span> <span class='ocrx_word' id='word_1_125' title='bbox 542 1051 701 1094; x_wconf 86' lang='lat' dir='ltr'>Carent</span> <span class='ocrx_word' id='word_1_126' title='bbox 733 1054 877 1093; x_wconf 89' lang='lat' dir='ltr'>autem</span> <span class='ocrx_word' id='word_1_127' title='bbox 908 1054 1000 1093; x_wconf 88' lang='lat' dir='ltr'>arte</span> <span class='ocrx_word' id='word_1_128' title='bbox 1031 1052 1074 1106; x_wconf 89' lang='lat' dir='ltr'>ii,</span> <span class='ocrx_word' id='word_1_129' title='bbox 1107 1052 1180 1106; x_wconf 91' lang='lat' dir='ltr'>qui</span> <span class='ocrx_word' id='word_1_130' title='bbox 1203 1067 1291 1093; x_wconf 91' lang='lat' dir='ltr'>non</span> <span class='ocrx_word' id='word_1_131' title='bbox 1314 1051 1480 1093; x_wconf 89' lang='lat' dir='ltr'>ratione</span> <span class='ocrx_word' id='word_1_132' title='bbox 1507 1054 1582 1093; x_wconf 88' lang='lat' dir='ltr'>aut</span> 
     </span>
     <span class='ocr_line' id='line_1_21' title="bbox 242 1110 1580 1166; baseline -0.001 -13"><span class='ocrx_word' id='word_1_133' title='bbox 242 1112 487 1154; x_wconf 88' lang='lat' dir='ltr'>coniectura</span> <span class='ocrx_word' id='word_1_134' title='bbox 513 1111 751 1153; x_wconf 87' lang='lat' dir='ltr'>observatis</span> <span class='ocrx_word' id='word_1_135' title='bbox 778 1126 827 1152; x_wconf 87' lang='lat' dir='ltr'>ac</span> <span class='ocrx_word' id='word_1_136' title='bbox 845 1110 1008 1152; x_wconf 87' lang='lat' dir='ltr'>notatis</span> <span class='ocrx_word' id='word_1_137' title='bbox 1029 1110 1177 1166; x_wconf 88' lang='lat' dir='ltr'>signis,</span> <span class='ocrx_word' id='word_1_138' title='bbox 1203 1110 1277 1152; x_wconf 90' lang='lat' dir='ltr'>sed</span> <span class='ocrx_word' id='word_1_139' title='bbox 1297 1110 1580 1152; x_wconf 88' lang='lat' dir='ltr'>concitatione</span> 
     </span>
     <span class='ocr_line' id='line_1_22' title="bbox 242 1168 1581 1225; baseline -0.001 -13"><span class='ocrx_word' id='word_1_140' title='bbox 242 1171 427 1225; x_wconf 89' lang='lat' dir='ltr'>quadam</span> <span class='ocrx_word' id='word_1_141' title='bbox 460 1170 592 1212; x_wconf 85' lang='lat' dir='ltr'>animi</span> <span class='ocrx_word' id='word_1_142' title='bbox 624 1172 700 1212; x_wconf 88' lang='lat' dir='ltr'>aut</span> <span class='ocrx_word' id='word_1_143' title='bbox 732 1170 874 1211; x_wconf 90' lang='lat' dir='ltr'>soluto</span> <span class='ocrx_word' id='word_1_144' title='bbox 901 1170 1121 1224; x_wconf 87' lang='lat' dir='ltr'>liberoque</span> <span class='ocrx_word' id='word_1_145' title='bbox 1147 1172 1267 1211; x_wconf 90' lang='lat' dir='ltr'>motu</span> <span class='ocrx_word' id='word_1_146' title='bbox 1292 1168 1438 1211; x_wconf 89' lang='lat' dir='ltr'>futura</span> <span class='ocrx_word' id='word_1_147' title='bbox 1462 1184 1581 1224; x_wconf 87' lang='lat' dir='ltr'>prae-</span> 
     </span>
     <span class='ocr_line' id='line_1_23' title="bbox 241 1228 1582 1284; baseline -0.001 -14"><span class='ocrx_word' id='word_1_148' title='bbox 241 1229 445 1284; x_wconf 90' lang='lat' dir='ltr'>sentiunt,</span> <span class='ocrx_word' id='word_1_149' title='bbox 478 1228 592 1284; x_wconf 87' lang='lat' dir='ltr'>quod</span> <span class='ocrx_word' id='word_1_150' title='bbox 624 1231 667 1270; x_wconf 91' lang='lat' dir='ltr'>et</span> <span class='ocrx_word' id='word_1_151' title='bbox 692 1228 1007 1270; x_wconf 84' lang='lat' dir='ltr'>somniantibus</span> <span class='ocrx_word' id='word_1_152' title='bbox 1035 1243 1161 1283; x_wconf 88' lang='lat' dir='ltr'>saepe</span> <span class='ocrx_word' id='word_1_153' title='bbox 1187 1228 1401 1283; x_wconf 87' lang='lat' dir='ltr'>contingit</span> <span class='ocrx_word' id='word_1_154' title='bbox 1427 1230 1470 1269; x_wconf 88' lang='lat' dir='ltr'>et</span> <span class='ocrx_word' id='word_1_155' title='bbox 1494 1243 1582 1269; x_wconf 91' lang='lat' dir='ltr'>non</span> 
     </span>
     <span class='ocr_line' id='line_1_24' title="bbox 239 1285 1668 1342; baseline -0.001 -13"><span class='ocrx_word' id='word_1_156' title='bbox 239 1303 475 1342; x_wconf 88' lang='lat' dir='ltr'>numquam</span> <span class='ocrx_word' id='word_1_157' title='bbox 506 1287 841 1329; x_wconf 87' lang='lat' dir='ltr'>vaticinantibus</span> <span class='ocrx_word' id='word_1_158' title='bbox 872 1301 947 1342; x_wconf 89' lang='lat' dir='ltr'>per</span> <span class='ocrx_word' id='word_1_159' title='bbox 977 1287 1179 1340; x_wconf 82' lang='lat' dir='ltr'>furorem,</span> <span class='ocrx_word' id='word_1_160' title='bbox 1210 1289 1258 1328; x_wconf 90' lang='lat' dir='ltr'>ut</span> <span class='ocrx_word' id='word_1_161' title='bbox 1289 1285 1414 1328; x_wconf 87' lang='lat' dir='ltr'>Bacis</span> <span class='ocrx_word' id='word_1_162' title='bbox 1446 1285 1580 1328; x_wconf 90' lang='lat' dir='ltr'>Boeo·</span> <span class='ocrx_word' id='word_1_163' title='bbox 1599 1299 1634 1323; x_wconf 74' lang='lat'>20</span> <span class='ocrx_word' id='word_1_164' title='bbox 1667 1290 1668 1298; x_wconf 62' lang='lat'>¹</span> 
     </span>
     <span class='ocr_line' id='line_1_25' title="bbox 240 1343 1668 1401; baseline -0.001 -13"><span class='ocrx_word' id='word_1_165' title='bbox 240 1348 338 1401; x_wconf 83' lang='lat' dir='ltr'>tius,</span> <span class='ocrx_word' id='word_1_166' title='bbox 369 1349 418 1388; x_wconf 91' lang='lat' dir='ltr'>ut</span> <span class='ocrx_word' id='word_1_167' title='bbox 442 1346 720 1401; x_wconf 79' lang='lat' dir='ltr'>Epimenides</span> <span class='ocrx_word' id='word_1_168' title='bbox 746 1345 862 1399; x_wconf 83' lang='lat' dir='ltr'>Cres,</span> <span class='ocrx_word' id='word_1_169' title='bbox 893 1348 941 1386; x_wconf 90' lang='lat' dir='ltr'>ut</span> <span class='ocrx_word' id='word_1_170' title='bbox 965 1343 1132 1400; x_wconf 82' lang='lat' dir='ltr'>Sibylla</span> <span class='ocrx_word' id='word_1_171' title='bbox 1149 1345 1405 1399; x_wconf 85' lang='lat' dir='ltr'>Erythraea.</span> <span class='ocrx_word' id='word_1_172' title='bbox 1450 1344 1580 1386; x_wconf 84' lang='lat' dir='ltr'>Cuius</span> <span class='ocrx_word' id='word_1_173' title='bbox 1667 1355 1668 1360; x_wconf 77' lang='grc'>’</span> 
     </span>
     <span class='ocr_line' id='line_1_26' title="bbox 241 1404 1580 1462; baseline -0.001 -15"><span class='ocrx_word' id='word_1_174' title='bbox 241 1406 411 1462; x_wconf 88' lang='lat' dir='ltr'>generis</span> <span class='ocrx_word' id='word_1_175' title='bbox 456 1405 602 1447; x_wconf 89' lang='lat' dir='ltr'>oracla</span> <span class='ocrx_word' id='word_1_176' title='bbox 647 1404 777 1446; x_wconf 86' lang='lat' dir='ltr'>etiam</span> <span class='ocrx_word' id='word_1_177' title='bbox 819 1404 1016 1445; x_wconf 88' lang='lat' dir='ltr'>habenda</span> <span class='ocrx_word' id='word_1_178' title='bbox 1060 1406 1178 1459; x_wconf 86' lang='lat' dir='ltr'>sunt,</span> <span class='ocrx_word' id='word_1_179' title='bbox 1225 1419 1312 1445; x_wconf 89' lang='lat' dir='ltr'>non</span> <span class='ocrx_word' id='word_1_180' title='bbox 1356 1419 1422 1458; x_wconf 92' lang='lat' dir='ltr'>ea,</span> <span class='ocrx_word' id='word_1_181' title='bbox 1473 1419 1580 1458; x_wconf 89' lang='lat' dir='ltr'>quae</span> 
     </span>
     <span class='ocr_line' id='line_1_27' title="bbox 241 1463 1581 1518; baseline -0.001 -12"><span class='ocrx_word' id='word_1_182' title='bbox 241 1464 436 1518; x_wconf 88' lang='lat' dir='ltr'>aequatis</span> <span class='ocrx_word' id='word_1_183' title='bbox 478 1464 667 1505; x_wconf 86' lang='lat' dir='ltr'>sortibus</span> <span class='ocrx_word' id='word_1_184' title='bbox 709 1464 938 1517; x_wconf 89' lang='lat' dir='ltr'>ducuntur,</span> <span class='ocrx_word' id='word_1_185' title='bbox 983 1463 1055 1504; x_wconf 90' lang='lat' dir='ltr'>sed</span> <span class='ocrx_word' id='word_1_186' title='bbox 1090 1463 1184 1517; x_wconf 93' lang='lat' dir='ltr'>illa,</span> <span class='ocrx_word' id='word_1_187' title='bbox 1229 1477 1336 1518; x_wconf 86' lang='lat' dir='ltr'>quae</span> <span class='ocrx_word' id='word_1_188' title='bbox 1372 1463 1581 1505; x_wconf 88' lang='lat' dir='ltr'>instinctu</span> 
     </span>
     <span class='ocr_line' id='line_1_28' title="bbox 241 1521 1580 1577; baseline -0.001 -13"><span class='ocrx_word' id='word_1_189' title='bbox 241 1524 384 1564; x_wconf 83' lang='lat' dir='ltr'>divino</span> <span class='ocrx_word' id='word_1_190' title='bbox 430 1522 674 1577; x_wconf 87' lang='lat' dir='ltr'>adflatuque</span> <span class='ocrx_word' id='word_1_191' title='bbox 715 1521 969 1576; x_wconf 79' lang='lat' dir='ltr'>funduntur3</span> <span class='ocrx_word' id='word_1_192' title='bbox 1013 1522 1094 1563; x_wconf 89' lang='lat' dir='ltr'>etsi</span> <span class='ocrx_word' id='word_1_193' title='bbox 1130 1522 1225 1577; x_wconf 87' lang='lat' dir='ltr'>ipsa</span> <span class='ocrx_word' id='word_1_194' title='bbox 1262 1536 1354 1563; x_wconf 88' lang='lat' dir='ltr'>sors</span> <span class='ocrx_word' id='word_1_195' title='bbox 1396 1524 1580 1564; x_wconf 89' lang='lat' dir='ltr'>contem-</span> 
     </span>
     <span class='ocr_line' id='line_1_29' title="bbox 239 1580 1667 1636; baseline -0.002 -12"><span class='ocrx_word' id='word_1_196' title='bbox 239 1582 379 1624; x_wconf 88' lang='lat' dir='ltr'>nenda</span> <span class='ocrx_word' id='word_1_197' title='bbox 414 1596 502 1624; x_wconf 90' lang='lat' dir='ltr'>non</span> <span class='ocrx_word' id='word_1_198' title='bbox 539 1584 622 1636; x_wconf 89' lang='lat' dir='ltr'>est,</span> <span class='ocrx_word' id='word_1_199' title='bbox 661 1581 698 1622; x_wconf 88' lang='lat' dir='ltr'>si</span> <span class='ocrx_word' id='word_1_200' title='bbox 731 1582 808 1634; x_wconf 90' lang='lat' dir='ltr'>[et]</span> <span class='ocrx_word' id='word_1_201' title='bbox 842 1581 1144 1622; x_wconf 88' lang='lat' dir='ltr'>auctoritatem</span> <span class='ocrx_word' id='word_1_202' title='bbox 1174 1580 1307 1622; x_wconf 90' lang='lat' dir='ltr'>habet</span> <span class='ocrx_word' id='word_1_203' title='bbox 1338 1581 1579 1635; x_wconf 81' lang='lat' dir='ltr'>vetustatis,</span> <span class='ocrx_word' id='word_1_204' title='bbox 1599 1592 1633 1618; x_wconf 79' lang='lat'>25</span> <span class='ocrx_word' id='word_1_205' title='bbox 1665 1610 1667 1630; x_wconf 27' lang='lat' dir='ltr'>l</span> 
     </span>
     <span class='ocr_line' id='line_1_30' title="bbox 239 1639 1580 1694; baseline -0.001 -12"><span class='ocrx_word' id='word_1_206' title='bbox 239 1643 288 1683; x_wconf 92' lang='lat' dir='ltr'>ut</span> <span class='ocrx_word' id='word_1_207' title='bbox 333 1655 406 1682; x_wconf 89' lang='lat' dir='ltr'>eae</span> <span class='ocrx_word' id='word_1_208' title='bbox 451 1642 551 1681; x_wconf 89' lang='lat' dir='ltr'>sunt</span> <span class='ocrx_word' id='word_1_209' title='bbox 591 1642 748 1694; x_wconf 85' lang='lat' dir='ltr'>sortes,</span> <span class='ocrx_word' id='word_1_210' title='bbox 793 1654 898 1694; x_wconf 86' lang='lat' dir='ltr'>quas</span> <span class='ocrx_word' id='word_1_211' title='bbox 937 1654 958 1680; x_wconf 91' lang='lat' dir='ltr'>e</span> <span class='ocrx_word' id='word_1_212' title='bbox 995 1641 1111 1681; x_wconf 89' lang='lat' dir='ltr'>terra</span> <span class='ocrx_word' id='word_1_213' title='bbox 1149 1639 1284 1681; x_wconf 90' lang='lat' dir='ltr'>editas</span> <span class='ocrx_word' id='word_1_214' title='bbox 1323 1640 1580 1694; x_wconf 83' lang='lat' dir='ltr'>accepimus3</span> 
     </span>
     <span class='ocr_line' id='line_1_31' title="bbox 242 1698 1578 1754; baseline -0.001 -13"><span class='ocrx_word' id='word_1_215' title='bbox 242 1714 349 1754; x_wconf 89' lang='lat' dir='ltr'>quae</span> <span class='ocrx_word' id='word_1_216' title='bbox 381 1702 528 1740; x_wconf 89' lang='lat' dir='ltr'>tamen</span> <span class='ocrx_word' id='word_1_217' title='bbox 560 1698 712 1741; x_wconf 84' lang='lat' dir='ltr'>ductae</span> <span class='ocrx_word' id='word_1_218' title='bbox 743 1700 792 1739; x_wconf 93' lang='lat' dir='ltr'>ut</span> <span class='ocrx_word' id='word_1_219' title='bbox 822 1698 867 1739; x_wconf 90' lang='lat' dir='ltr'>in</span> <span class='ocrx_word' id='word_1_220' title='bbox 897 1712 989 1739; x_wconf 90' lang='lat' dir='ltr'>rem</span> <span class='ocrx_word' id='word_1_221' title='bbox 1015 1700 1114 1753; x_wconf 89' lang='lat' dir='ltr'>apte</span> <span class='ocrx_word' id='word_1_222' title='bbox 1140 1698 1305 1753; x_wconf 89' lang='lat' dir='ltr'>cadant,</span> <span class='ocrx_word' id='word_1_223' title='bbox 1336 1698 1429 1739; x_wconf 89' lang='lat' dir='ltr'>fieri</span> <span class='ocrx_word' id='word_1_224' title='bbox 1455 1698 1578 1740; x_wconf 91' lang='lat' dir='ltr'>credo</span> 
     </span>
     <span class='ocr_line' id='line_1_32' title="bbox 239 1756 1580 1813; baseline -0.001 -14"><span class='ocrx_word' id='word_1_225' title='bbox 239 1772 366 1813; x_wconf 88' lang='lat' dir='ltr'>posse</span> <span class='ocrx_word' id='word_1_226' title='bbox 393 1757 609 1799; x_wconf 85' lang='lat' dir='ltr'>divinitus.</span> <span class='ocrx_word' id='word_1_227' title='bbox 657 1756 847 1806; x_wconf 81' lang='lat' dir='ltr'>Quorum</span> <span class='ocrx_word' id='word_1_228' title='bbox 869 1757 1058 1798; x_wconf 86' lang='lat' dir='ltr'>omnium</span> <span class='ocrx_word' id='word_1_229' title='bbox 1078 1757 1347 1812; x_wconf 87' lang='lat' dir='ltr'>interpretes,</span> <span class='ocrx_word' id='word_1_230' title='bbox 1372 1759 1420 1798; x_wconf 88' lang='lat' dir='ltr'>ut</span> <span class='ocrx_word' id='word_1_231' title='bbox 1441 1771 1580 1812; x_wconf 89' lang='lat' dir='ltr'>gram-</span> 
     </span>
     <span class='ocr_line' id='line_1_33' title="bbox 239 1815 1577 1871; baseline -0.001 -13"><span class='ocrx_word' id='word_1_232' title='bbox 239 1817 386 1858; x_wconf 88' lang='lat' dir='ltr'>matici</span> <span class='ocrx_word' id='word_1_233' title='bbox 422 1819 667 1871; x_wconf 74' lang='lat' dir='ltr'>poetarum,</span> <span class='ocrx_word' id='word_1_234' title='bbox 705 1816 898 1871; x_wconf 86' lang='lat' dir='ltr'>proxime</span> <span class='ocrx_word' id='word_1_235' title='bbox 937 1816 990 1857; x_wconf 91' lang='lat' dir='ltr'>ad</span> <span class='ocrx_word' id='word_1_236' title='bbox 1028 1827 1191 1870; x_wconf 88' lang='lat' dir='ltr'>eorum,</span> <span class='ocrx_word' id='word_1_237' title='bbox 1234 1829 1339 1870; x_wconf 88' lang='lat' dir='ltr'>quos</span> <span class='ocrx_word' id='word_1_238' title='bbox 1371 1815 1577 1871; x_wconf 87' lang='lat' dir='ltr'>interpre-</span> 
     </span>
     <span class='ocr_line' id='line_1_34' title="bbox 239 1872 1664 1930; baseline 0 -14"><span class='ocrx_word' id='word_1_239' title='bbox 239 1878 400 1929; x_wconf 78' lang='lat' dir='ltr'>tantur,</span> <span class='ocrx_word' id='word_1_240' title='bbox 433 1875 741 1916; x_wconf 87' lang='lat' dir='ltr'>divinationem</span> <span class='ocrx_word' id='word_1_241' title='bbox 772 1874 970 1916; x_wconf 87' lang='lat' dir='ltr'>videntur</span> <span class='ocrx_word' id='word_1_242' title='bbox 1002 1874 1207 1916; x_wconf 87' lang='lat' dir='ltr'>accedere.</span> <span class='ocrx_word' id='word_1_243' title='bbox 1258 1873 1374 1923; x_wconf 78' lang='lat' dir='ltr'>Quae</span> <span class='ocrx_word' id='word_1_244' title='bbox 1406 1876 1472 1915; x_wconf 88' lang='lat' dir='ltr'>est</span> <span class='ocrx_word' id='word_1_245' title='bbox 1501 1875 1579 1930; x_wconf 90' lang='lat' dir='ltr'>igi·</span> <span class='ocrx_word' id='word_1_246' title='bbox 1598 1886 1632 1911; x_wconf 86' lang='lat'>30</span> <span class='ocrx_word' id='word_1_247' title='bbox 1663 1872 1664 1875; x_wconf 32' lang='lat'>¹</span> 
     </span>
     <span class='ocr_line' id='line_1_35' title="bbox 240 1930 1663 1975; baseline -0.001 0"><span class='ocrx_word' id='word_1_248' title='bbox 240 1937 311 1975; x_wconf 91' lang='lat' dir='ltr'>tur</span> <span class='ocrx_word' id='word_1_249' title='bbox 342 1934 428 1975; x_wconf 88' lang='lat' dir='ltr'>ista</span> <span class='ocrx_word' id='word_1_250' title='bbox 460 1934 675 1975; x_wconf 89' lang='lat' dir='ltr'>calliditas</span> <span class='ocrx_word' id='word_1_251' title='bbox 706 1948 775 1974; x_wconf 86' lang='lat' dir='ltr'>res</span> <span class='ocrx_word' id='word_1_252' title='bbox 806 1935 1022 1975; x_wconf 85' lang='lat' dir='ltr'>vetustate</span> <span class='ocrx_word' id='word_1_253' title='bbox 1053 1933 1253 1974; x_wconf 89' lang='lat' dir='ltr'>robustas</span> <span class='ocrx_word' id='word_1_254' title='bbox 1280 1933 1578 1975; x_wconf 89' lang='lat' dir='ltr'>calumniando</span> <span class='ocrx_word' id='word_1_255' title='bbox 1662 1930 1663 1936; x_wconf 41' lang='lat'>¹</span> 
     </span>
     <span class='ocr_line' id='line_1_36' title="bbox 240 1990 1579 2047; baseline -0.001 -12"><span class='ocrx_word' id='word_1_256' title='bbox 240 1993 351 2035; x_wconf 84' lang='lat' dir='ltr'>velle</span> <span class='ocrx_word' id='word_1_257' title='bbox 377 1993 650 2047; x_wconf 78' lang='lat' dir='ltr'>pervertere?</span> <span class='ocrx_word' id='word_1_258' title='bbox 693 1991 794 2033; x_wconf 89' lang='lat' dir='ltr'>Non</span> <span class='ocrx_word' id='word_1_259' title='bbox 819 1992 984 2047; x_wconf 87' lang='lat' dir='ltr'>reperio</span> <span class='ocrx_word' id='word_1_260' title='bbox 1010 2006 1193 2033; x_wconf 88' lang='lat' dir='ltr'>causam.</span> <span class='ocrx_word' id='word_1_261' title='bbox 1242 1990 1370 2033; x_wconf 86' lang='lat' dir='ltr'>Latet</span> <span class='ocrx_word' id='word_1_262' title='bbox 1394 1991 1579 2034; x_wconf 85' lang='lat' dir='ltr'>fortasse</span> 
     </span>
     <span class='ocr_line' id='line_1_37' title="bbox 241 2050 1579 2105; baseline -0.001 -13"><span class='ocrx_word' id='word_1_263' title='bbox 241 2051 504 2093; x_wconf 88' lang='lat' dir='ltr'>obscuritate</span> <span class='ocrx_word' id='word_1_264' title='bbox 539 2051 737 2092; x_wconf 87' lang='lat' dir='ltr'>involuta</span> <span class='ocrx_word' id='word_1_265' title='bbox 772 2053 969 2105; x_wconf 83' lang='lat' dir='ltr'>naturae3</span> <span class='ocrx_word' id='word_1_266' title='bbox 1000 2065 1086 2092; x_wconf 89' lang='lat' dir='ltr'>non</span> <span class='ocrx_word' id='word_1_267' title='bbox 1118 2050 1230 2091; x_wconf 88' lang='lat' dir='ltr'>enim</span> <span class='ocrx_word' id='word_1_268' title='bbox 1261 2065 1328 2092; x_wconf 88' lang='lat' dir='ltr'>me</span> <span class='ocrx_word' id='word_1_269' title='bbox 1362 2050 1461 2092; x_wconf 87' lang='lat' dir='ltr'>deus</span> <span class='ocrx_word' id='word_1_270' title='bbox 1494 2051 1579 2092; x_wconf 85' lang='lat' dir='ltr'>ista</span> 
     </span>
     <span class='ocr_line' id='line_1_38' title="bbox 241 2108 1579 2164; baseline -0.001 -13"><span class='ocrx_word' id='word_1_271' title='bbox 241 2110 365 2164; x_wconf 84' lang='lat' dir='ltr'>scire,</span> <span class='ocrx_word' id='word_1_272' title='bbox 404 2110 477 2150; x_wconf 89' lang='lat' dir='ltr'>sed</span> <span class='ocrx_word' id='word_1_273' title='bbox 513 2109 581 2150; x_wconf 90' lang='lat' dir='ltr'>his</span> <span class='ocrx_word' id='word_1_274' title='bbox 620 2112 791 2150; x_wconf 84' lang='lat' dir='ltr'>tantum</span> <span class='ocrx_word' id='word_1_275' title='bbox 829 2109 954 2150; x_wconf 91' lang='lat' dir='ltr'>modo</span> <span class='ocrx_word' id='word_1_276' title='bbox 992 2109 1056 2149; x_wconf 88' lang='lat' dir='ltr'>uti</span> <span class='ocrx_word' id='word_1_277' title='bbox 1093 2109 1242 2151; x_wconf 84' lang='lat' dir='ltr'>voluit.</span> <span class='ocrx_word' id='word_1_278' title='bbox 1303 2108 1415 2151; x_wconf 85' lang='lat' dir='ltr'>Utar</span> <span class='ocrx_word' id='word_1_279' title='bbox 1444 2109 1579 2164; x_wconf 88' lang='lat' dir='ltr'>igitur</span> 
     </span>
     <span class='ocr_line' id='line_1_39' title="bbox 239 2167 1662 2210; baseline -0.001 -1"><span class='ocrx_word' id='word_1_280' title='bbox 239 2183 317 2210; x_wconf 88' lang='lat' dir='ltr'>nec</span> <span class='ocrx_word' id='word_1_281' title='bbox 349 2168 533 2209; x_wconf 88' lang='lat' dir='ltr'>adducar</span> <span class='ocrx_word' id='word_1_282' title='bbox 565 2170 638 2209; x_wconf 89' lang='lat' dir='ltr'>aut</span> <span class='ocrx_word' id='word_1_283' title='bbox 669 2168 715 2209; x_wconf 87' lang='lat' dir='ltr'>in</span> <span class='ocrx_word' id='word_1_284' title='bbox 747 2167 854 2209; x_wconf 84' lang='lat' dir='ltr'>extis</span> <span class='ocrx_word' id='word_1_285' title='bbox 887 2170 1025 2208; x_wconf 91' lang='lat' dir='ltr'>totam</span> <span class='ocrx_word' id='word_1_286' title='bbox 1049 2167 1270 2209; x_wconf 87' lang='lat' dir='ltr'>Etruriam</span> <span class='ocrx_word' id='word_1_287' title='bbox 1298 2168 1478 2209; x_wconf 88' lang='lat' dir='ltr'>delirare</span> <span class='ocrx_word' id='word_1_288' title='bbox 1504 2170 1578 2209; x_wconf 87' lang='lat' dir='ltr'>aut</span> <span class='ocrx_word' id='word_1_289' title='bbox 1598 2178 1631 2204; x_wconf 81' lang='lat'>35</span> <span class='ocrx_word' id='word_1_290' title='bbox 1661 2194 1662 2197; x_wconf 62' lang='lat'><em>=</em></span> 
     </span>
     <span class='ocr_line' id='line_1_40' title="bbox 242 2226 1578 2282; baseline -0.001 -14"><span class='ocrx_word' id='word_1_291' title='bbox 242 2227 418 2268; x_wconf 88' lang='lat' dir='ltr'>eandem</span> <span class='ocrx_word' id='word_1_292' title='bbox 446 2228 617 2281; x_wconf 83' lang='lat' dir='ltr'>gentem</span> <span class='ocrx_word' id='word_1_293' title='bbox 642 2227 687 2267; x_wconf 89' lang='lat' dir='ltr'>in</span> <span class='ocrx_word' id='word_1_294' title='bbox 712 2226 953 2282; x_wconf 82' lang='lat' dir='ltr'>fulgoribus</span> <span class='ocrx_word' id='word_1_295' title='bbox 981 2241 1122 2267; x_wconf 88' lang='lat' dir='ltr'>errare</span> <span class='ocrx_word' id='word_1_296' title='bbox 1148 2228 1223 2268; x_wconf 86' lang='lat' dir='ltr'>aut</span> <span class='ocrx_word' id='word_1_297' title='bbox 1250 2226 1464 2268; x_wconf 87' lang='lat' dir='ltr'>fallaciter</span> <span class='ocrx_word' id='word_1_298' title='bbox 1482 2241 1578 2281; x_wconf 92' lang='lat' dir='ltr'>por-</span> 
     </span>
     <span class='ocr_line' id='line_1_41' title="bbox 240 2284 1577 2341; baseline -0.001 -14"><span class='ocrx_word' id='word_1_299' title='bbox 240 2288 362 2328; x_wconf 83' lang='lat' dir='ltr'>tenta</span> <span class='ocrx_word' id='word_1_300' title='bbox 397 2284 692 2340; x_wconf 88' lang='lat' dir='ltr'>interpretari,</span> <span class='ocrx_word' id='word_1_301' title='bbox 733 2300 828 2326; x_wconf 91' lang='lat' dir='ltr'>cum</span> <span class='ocrx_word' id='word_1_302' title='bbox 865 2287 1005 2326; x_wconf 89' lang='lat' dir='ltr'>terrae</span> <span class='ocrx_word' id='word_1_303' title='bbox 1038 2299 1164 2341; x_wconf 86' lang='lat' dir='ltr'>saepe</span> <span class='ocrx_word' id='word_1_304' title='bbox 1194 2284 1409 2340; x_wconf 85' lang='lat' dir='ltr'>fremitus,</span> <span class='ocrx_word' id='word_1_305' title='bbox 1451 2299 1577 2340; x_wconf 88' lang='lat' dir='ltr'>saepe</span> 
     </span>
    </p>
   </div>
   <div class='ocr_carea' id='block_1_5' title="bbox 1650 0 1685 2568">
    <p class='ocr_par' dir='ltr' id='par_1_6' title="bbox 1650 0 1685 2568">
     <span class='ocr_line' id='line_1_42' title="bbox 1650 0 1685 2568; baseline 0 0"><span class='ocrx_word' id='word_1_306' title='bbox 1650 0 1685 2568; x_wconf 95' lang='lat' dir='ltr'> </span> 
     </span>
    </p>
   </div>
  </div>
 </body>
</html>
