1685 2568
60 724 93 749 10

60 1017 92 1042 15

60 1311 95 1336 20

62 1603 95 1630 25

62 1897 96 1923 30

61 2189 95 2216 35

436 87 524 123 LIB.
551 87 614 122 111.
651 87 751 122 CAP.
779 91 926 122 13—15.
952 91 972 129 ἓ
997 91 1146 122 32-38.
1366 90 1448 131 119

112 199 219 241 pora
243 184 468 238 intereant,
498 198 584 225 non
609 183 822 224 intereant
842 195 988 224 umore
1009 185 1084 223 aut
1104 183 1257 237 spiritu
1279 185 1449 237 amisso,

112 243 367 299 praesertim
399 257 495 284 cum
526 242 739 283 intereant
770 241 898 282 etiam
930 241 1062 282 nimio
1096 241 1247 282 calore.
1311 241 1447 290 Quam
1474 254 1517 285 36

113 303 168 344 ob
200 317 289 343 rem
321 302 362 344 id
396 301 566 356 quidem
598 314 820 342 commune
854 302 919 340 est
951 299 1001 340 de
1027 299 1184 353 calido,
1215 314 1361 341 verum
1389 305 1448 342 ta—

113 375 208 402 men
240 361 459 401 videamus
492 359 663 400 exitum.
723 357 792 399 Ita
822 358 970 412 voltis,
1009 358 1179 412 opinor,
1216 359 1323 399 nihil
1357 373 1449 400 6886

113 419 272 461 animal
322 418 578 460 intrinsecus
620 417 665 458 in
707 419 863 458 natura
906 419 1034 471 atque
1078 417 1235 458 mundo
1279 420 1450 472 praeter

112 478 268 533 ignem.
333 476 413 525 Qui
444 475 583 531 magis
617 490 745 530 quam
776 478 946 530 praeter
978 475 1182 529 animam,
1220 476 1330 517 unde
1363 477 1450 517 ani-

112 537 323 578 mantium
356 549 522 590 quoque
555 536 723 576 constet
755 534 935 588 animus,
967 548 1016 575 ex
1049 548 1132 588 quo
1166 535 1326 576 animal
1352 534 1450 576 dici-

112 596 211 637 tur?
262 594 353 643 Quo
380 594 505 635 modo
534 595 677 634 autem
702 592 795 646 hoc,
827 593 948 647 quasi
974 592 1241 647 concedatur,
1268 593 1450 647 sumitis,

111 654 219 695 nihil
252 667 344 695 esse
377 652 566 694 animum
591 651 674 692 nisi
700 651 873 706 ignem?
905 651 1172 707 probabilius
1200 652 1312 693 enim
1338 652 1450 694 vide-

112 715 182 754 tur
220 712 307 754 tale
341 711 542 766 quiddam
574 724 666 752 esse
699 710 907 764 animum,
948 712 996 751 ut
1027 710 1085 752 sit
1117 725 1166 752 ex
1198 711 1288 766 igni
1321 714 1449 765 atque

113 771 256 812 anima
286 772 585 825 temperatum.
635 768 794 817 Quodsi
826 769 939 825 ignis
972 783 1022 811 ex
1055 783 1146 810 sese
1171 768 1263 824 ipse
1289 771 1449 812 animal

112 832 177 872 est
207 829 329 871 nulla
360 843 404 870 86
438 828 523 869 alia
555 828 814 869 admiscente
844 830 1012 882 natura,
1045 828 1247 882 quoniam
1278 828 1328 882 is,
1354 843 1449 870 cum

111 889 224 930 inest
254 888 299 929 in
330 888 581 942 corporibus
612 886 791 941 nostris,
824 886 972 940 efficit,
1003 889 1052 928 ut
1084 887 1332 941 sentiamus,
1364 902 1451 929 non

111 949 256 1002 potest
293 947 385 1001 ipse
420 960 512 987 esse
544 946 634 987 sine
667 960 804 987 sensu.
865 945 1030 986 Rursus
1063 946 1211 987 eadem
1243 946 1324 987 dici
1357 961 1450 1001 pos-

114 1008 229 1047 sunt:
280 1004 493 1060 Quidquid
537 1007 602 1046 est
646 1004 777 1058 enim,
822 1004 935 1058 quod
979 1019 1150 1045 sensum
1187 1004 1364 1059 habeat,
1407 1005 1450 1046 id

111 1079 283 1106 necesse
311 1066 376 1106 est
402 1064 560 1105 sentiat
586 1065 628 1104 et
653 1063 922 1117 voluptatem
949 1065 991 1104 et
1011 1063 1220 1117 dolorem3
1250 1064 1303 1104 ad
1323 1078 1450 1118 quem

113 1126 258 1164 autem
284 1123 406 1164 dolor
430 1122 587 1176 veniat,
614 1122 668 1163 ad
693 1121 872 1162 eundem
897 1121 1028 1162 etiam
1050 1122 1274 1162 interitum
1294 1123 1450 1164 venire.

111 1182 181 1223 Ita
211 1182 272 1236 fit,
303 1184 352 1222 ut
380 1195 434 1222 116
460 1181 605 1236 ignem
630 1180 800 1234 quidem
827 1179 993 1221 efficere
1018 1180 1196 1234 possitis
1217 1183 1449 1223 aeternum.

113 1239 222 1289 Quid
260 1240 402 1281 enim?
444 1253 532 1281 non
569 1239 727 1280 eisdem
764 1238 886 1280 vobis
924 1239 1067 1293 placet
1104 1253 1274 1280 omnem
1305 1240 1450 1295 ignem
1476 1248 1520 1279 37

114 1302 263 1354 pastus
294 1298 486 1354 indigere
517 1312 594 1339 nec
625 1312 874 1352 permanere
905 1298 995 1339 ullo
1029 1298 1154 1339 modo
1187 1312 1330 1352 posse,
1367 1298 1452 1340 nisi

114 1357 283 1399 alatur?
317 1357 375 1398 ali
408 1359 551 1398 autem
584 1357 738 1410 solem,
769 1356 934 1410 lunam,
965 1357 1132 1411 reliqua
1164 1359 1284 1398 astra
1315 1357 1451 1411 aquis,

113 1417 199 1460 alia
230 1416 443 1470 dulcibus,
485 1416 572 1457 alia
603 1415 810 1456 malinis?
870 1414 1064 1470 Eamque
1097 1430 1269 1457 causam
1302 1415 1451 1457 Clean-

112 1476 208 1517 thes
242 1474 393 1528 adfert,
425 1489 498 1516 cur
530 1489 574 1516 86
607 1474 671 1515 801
704 1473 863 1515 referat
893 1488 971 1516 nec
1001 1474 1174 1530 longius
1205 1475 1451 1530 progredia-

112 1537 183 1576 tur
215 1533 438 1575 solstitiali
470 1533 563 1575 orbi
594 1533 782 1587 itemque
814 1533 1014 1587 brumali,
1045 1548 1097 1574 ne
1123 1533 1295 1589 longius
1323 1533 1452 1575 disce·

116 1593 190 1637 dat
222 1608 247 1634 a
278 1593 384 1634 cibo.
445 1591 539 1634 Hoc
570 1594 712 1634 totum
745 1592 871 1646 quale
904 1592 978 1645 sit,
1010 1606 1127 1646 mox·
1163 1607 1276 1634 nunc
1307 1594 1451 1634 autem

113 1651 391 1694 concludatur
428 1650 552 1692 illud:
595 1651 708 1705 quod
744 1650 919 1692 interire
956 1651 1111 1705 possit,
1149 1650 1192 1692 id
1231 1653 1451 1692 aeternum

112 1726 198 1753 non
230 1725 321 1752 6886
352 1712 525 1764 natura3
562 1710 706 1765 ignem
739 1712 884 1751 autem
914 1709 1189 1751 interiturum
1221 1724 1330 1763 esse,
1367 1709 1452 1751 nisi

114 1770 273 1823 alatur3
303 1783 391 1811 non
422 1783 514 1810 esse
544 1768 681 1824 igitur
711 1771 868 1809 natura
898 1768 1044 1824 ignem
1076 1768 1397 1823 sempiternum.

202 1827 381 1877 Qualem
431 1830 576 1869 autem
626 1827 751 1868 deum
799 1827 1051 1883 intellegere
1094 1842 1173 1869 nos
1223 1842 1450 1882 possumus
1468 1808 1522 1891 132

113 1887 234 1928 nulla
252 1887 411 1928 virtute
431 1886 703 1942 praeditum?
735 1885 845 1934 Quid
865 1886 1006 1927 enim?
1026 1886 1353 1941 prudentiamne
1374 1886 1451 1928 deo

114 1945 363 2000 tribuemus,
396 1960 503 2000 quae
529 1947 700 1987 constat
725 1959 775 1986 ex
801 1945 980 1986 scientia
1004 1959 1148 1986 rerum
1173 1946 1384 1987 bonarum
1411 1947 1453 1987 et

115 2004 327 2045 malarum
346 2006 389 2045 et
412 2019 490 2046 nec
515 2005 727 2046 bonarum
751 2018 828 2045 nec
848 2004 1089 2045 malarum?
1122 2003 1201 2046 Cui
1220 2004 1325 2046 mali
1343 2004 1453 2045 nihil

116 2065 181 2104 est
212 2077 288 2104 nec
320 2077 411 2104 esse
442 2065 598 2118 potest,
631 2063 732 2117 quid
763 2062 862 2104 huic
894 2077 1000 2118 opus
1034 2065 1100 2104 est
1131 2063 1289 2105 dilectu
1321 2063 1452 2105 bono-

114 2136 209 2162 rum
248 2123 291 2162 et
328 2121 566 2163 malorum?
606 2121 707 2176 quid
745 2124 889 2163 autem
920 2121 1117 2163 ratione?
1156 2122 1258 2176 quid
1288 2121 1454 2163 intelle-

116 2179 290 2236 gentia?
336 2179 489 2234 quibus
526 2180 688 2222 utimur
727 2180 780 2221 ad
818 2195 911 2222 eam
949 2195 1058 2235 rem,
1094 2182 1144 2221 ut
1182 2180 1343 2236 apertis
1383 2180 1454 2222 ob-

115 2253 238 2280 scura
270 2238 571 2293 adsequamur3
602 2241 648 2281 at
679 2239 907 2281 obscurum
940 2239 1017 2282 deo
1042 2239 1151 2280 nihil
1177 2242 1323 2294 potest
1350 2252 1453 2280 esse.

113 2295 228 2339 Nam
259 2297 444 2349 iustitia,
480 2312 587 2351 quae
620 2311 743 2338 suum
775 2298 926 2352 cuique
959 2297 1197 2353 distribuit,
1231 2297 1332 2351 quid
1361 2310 1454 2352 per-
