1685 2568
148 1046 152 1057 ’
169 1054 194 1136 ἓ

228 97 313 138 334
694 96 759 130 DE
784 96 848 131 RE
872 95 1078 131 PUBLICA

224 195 316 237 bus.
364 192 506 234 Pluris
538 207 639 234 vero
672 192 776 234 haec
807 192 910 234 tulit
940 207 1026 234 una
1056 193 1227 246 civitas,
1259 193 1295 234 si
1325 193 1465 234 minus
1497 207 1562 235 sa·

223 252 399 309 pientis,
438 251 640 306 quoniam
676 251 720 292 id
756 266 911 292 nomen
947 251 1014 291 illi
1051 254 1142 292 tam
1173 251 1370 292 restricte
1401 253 1561 305 tenent,

224 315 270 354 at
313 314 426 353 certe
471 325 638 351 summa
678 310 803 351 laude
845 310 1016 364 dignos,
1061 310 1262 364 quoniam
1304 309 1561 364 sapientium

223 372 453 426 praecepta
494 372 537 410 et
576 369 751 409 inventa
789 368 1023 409 coluerunt.
1084 368 1229 422 Atque
1268 368 1416 422 etiam,
1456 371 1562 422 quot

222 448 258 481 p
274 430 336 481 24]
365 431 407 469 et
440 430 539 468 sunt
569 426 807 468 laudandae
839 426 1035 467 civitates
1062 429 1104 468 et
1129 426 1313 479 fuerunt,
1346 425 1560 482 quolniam
1597 439 1614 464 5

222 488 266 529 id
297 489 363 529 est
393 486 439 527 in
469 500 611 527 rerum
642 487 798 526 natuia
829 485 957 540 longe
989 485 1165 526 maximi
1197 460 1376 539 consilii,
1408 486 1563 527 consti-

222 549 342 588 tuere
380 559 474 586 eam
512 559 603 585 rem
640 543 877 598 publicam,
916 558 1023 598 quae
1055 544 1195 598 possit
1227 558 1318 585 esse
1351 544 1562 599 diuturna,

223 605 259 647 si
291 603 485 660 singulos
517 616 788 643 numeremus
821 602 866 643 in
898 603 1102 658 singulas,
1136 605 1297 657 quanta
1327 602 1415 644 iam
1446 617 1563 657 repe-

221 664 359 705 riatur
402 662 594 703 virorum
638 661 938 702 excellentium
982 661 1233 703 multitudo!
1284 660 1445 710 Quodsi
1488 663 1563 703 aut

220 722 374 764 Italiae
417 720 591 761 Latium
641 721 716 760 aut
760 719 947 761 eiusdem
992 718 1196 761 Sabinam
1241 722 1316 761 aut
1357 719 1562 762 Volscam
1582 733 1616 757 10

222 784 412 856 gentem,
451 779 487 820 si
519 777 758 832 Samnium,
798 778 834 818 si
864 778 1104 832 Etruriam,
1137 779 1174 819 81
1205 793 1410 834 magnam
1442 779 1562 820 illam

221 839 446 881 Graeciam
478 837 744 879 conlustrare
771 836 913 878 animo
940 812 1215 892 voluerimus,
1247 837 1284 878 si
1279 814 1458 879 odeinde
1485 838 1562 880 As-

221 899 371 953 syrios⁷
402 897 440 938 si
469 895 636 950 Persas,
668 895 704 936 si
734 895 914 950 Poenos,
948 897 984 937 si
1014 896 1139 939 haec.

493 990 812 1043 [Desiderantur
835 990 1018 1043 paffl‘nae
1047 991 1285 1043 duodecim]

219 1094 253 1127 p
276 1075 339 1126 21]
439 1105 449 1114 .
529 1071 646 1114 .6611.
706 1071 766 1112 Ε1
802 1071 970 1113 Philus:
1014 1071 1288 1114 Praeclaram
1329 1087 1429 1115 vero
1468 1088 1562 1115 cau-

219 1149 311 1175 sam
344 1132 398 1174 ad
428 1146 496 1173 me
522 1131 710 1185 defertiS,
742 1145 837 1172 cum
863 1145 931 1172 me
956 1131 1250 1186 improbitatis
1276 1132 1562 1186 patrocinium
1582 1144 1614 1168 15

219 1192 434 1246 suscipere
465 1190 608 1232 voltis.
659 1164 795 1243 Atqui
826 1189 869 1230 id
901 1189 999 1244 tibi,
1030 1190 1171 1244 inquit
1202 1190 1386 1245 Laelius,
1417 1205 1561 1232 veren-

219 1252 319 1292 dum
352 1252 434 1304 est,
467 1249 504 1290 si
535 1264 585 1290 ea
617 1248 785 1302 dixeris,
818 1263 925 1302 quae
958 1251 1107 1290 contra
1138 1249 1351 1290 iustitiam
1384 1249 1465 1292 dici
1497 1264 1561 1292 so-

218 1311 328 1363 lent,
370 1323 423 1350 ne
469 1308 529 1350 816
567 1307 698 1348 6116111
737 1307 895 1348 86111116
933 1308 1121 1362 videare,
1159 1323 1254 1349 cum
1293 1311 1335 1349 et
1371 1308 1462 1363 ipse
1501 1309 1559 1350 sis

219 1368 343 1424 quasi
378 1367 552 1409 unicum
591 1366 833 1420 exemplum
871 1366 1073 1421 antiquae
1112 1367 1344 1422 probitatis
1383 1370 1425 1408 et
1461 1368 1561 1409 fidei

217 1441 354 1482 neque
393 1426 450 1467 sit
487 1426 639 1481 ignota
677 1425 938 1467 consuetudo
970 1429 1045 1467 tua
1076 1426 1314 1467 contrarias
1346 1425 1392 1467 in
1421 1427 1559 1481 partis
1579 1438 1613 1463 20

219 1485 470 1538 disserendi,
515 1484 628 1538 quod
664 1483 727 1525 ita
762 1483 980 1525 facillume
1017 1499 1166 1526 verum
1203 1484 1385 1526 inveniri
1424 1488 1560 1539 putes.

167 1573 169 1575 -
218 1565 254 1597 p.
281 1546 343 1597 22]
382 1544 441 1584 Et
471 1543 640 1584 Philus:
681 1542 792 1584 Heia
828 1557 948 1597 vero,
987 1543 1146 1597 inquit,
1188 1558 1335 1609 geram
1365 1543 1369 1596 Ι
1397 1558 1560 1585 morem

173 2199 195 2230 9

217 1604 342 1646 vobis
369 1606 411 1644 et
437 1617 504 1643 me
531 1602 721 1643 oblinam
748 1601 902 1655 sciens3
934 1602 1047 1656 quod
1073 1603 1287 1656 quoniam,
1315 1602 1386 1656 qui
1410 1618 1560 1644 aurum

220 1664 442 1718 quaerunt,
472 1676 560 1702 non
583 1663 739 1715 putant
766 1660 848 1701 sibi
873 1661 1165 1715 recusandum,
1198 1675 1288 1715 1108,
1321 1676 1416 1702 611111
1441 1661 1560 1703 111811-

218 1723 325 1763 tiam
359 1734 626 1775 quaeramus,
657 1733 747 1760 rem
780 1719 916 1760 multo
944 1719 1060 1761 omni
1087 1734 1190 1761 auro
1217 1720 1436 1774 6611016111,
1467 1721 1559 1762 11111-
1579 1730 1613 1756 25

218 1782 307 1822 lam
345 1779 538 1834 profecto
577 1778 821 1819 molestiam
858 1777 1007 1833 fugere
1040 1779 1254 1819 debemus.
1304 1778 1448 1833 Atque
1479 1780 1559 1820 uti-

217 1855 336 1892 nam,
378 1853 504 1892 quem
546 1837 599 1878 ad
635 1836 809 1878 modum
847 1837 1041 1878 oratione
1080 1852 1174 1878 sum
1212 1852 1365 1879 usurus
1407 1838 1558 1892 aliena,

219 1899 279 1940 sic
311 1897 417 1938 mihi
450 1911 522 1937 ore
553 1895 618 1937 uti
649 1895 795 1936 liceret
827 1895 984 1936 alieno!
1029 1895 1154 1937 Nunc
1184 1911 1233 1937 ea
1259 1896 1434 1938 dicenda
1460 1900 1559 1938 sunt

218 1957 264 1999 L.
304 1955 434 1997 Furio
476 1955 620 2008 Philo,
666 1969 773 2008 quae
815 1953 1073 2009 Carneades,
1118 1954 1304 1996 Graecus
1347 1955 1475 1997 homo
1516 1959 1559 1997 et

219 2017 458 2066 consuetus,
492 2013 604 2068 quod
636 2013 905 2054 commodum
938 2016 1061 2067 68861,
1093 2014 1284 2055 verbis..
1305 2046 1314 2054 .
1335 2047 1344 2055 .
1578 2025 1612 2050 30

427 2107 685 2159 [Desiderari
715 2107 901 2148 videntur
923 2108 1105 2161 payz'nae
1135 2109 1354 2160 quattuor]

310 2191 372 2232 M.
402 2190 565 2231 Tullius
596 2190 643 2231 de
672 2203 717 2230 re
738 2190 852 2242 publ.
885 2189 948 2230 lib.
969 2189 1045 2229 H:
1077 2190 1126 2230 ut
1153 2188 1361 2230 Carneadi
1387 2204 1558 2244 respon—

220 2250 370 2303 deatis,
403 2248 475 2302 qui
507 2262 634 2302 saepe
667 2248 852 2302 optimas
885 2262 1035 2289 causas
1066 2248 1227 2303 ingenii
1261 2248 1474 2290 calumnia
1498 2249 1558 2290 lu-

221 2308 384 2349 dificari
416 2307 537 2348 solet.
586 2307 772 2359 (Nonius
795 2321 839 2359 1).
870 2309 966 2349 263.
998 2307 1083 2357 14.)
