1685 2568
530 97 630 134 CAP.
659 102 760 134 1—3.
793 102 812 139 ,s
840 102 941 134 1—5.
1328 99 1413 141 253

74 193 264 236 tionibus
309 194 641 235 consumebatur
682 193 839 246 oratio,
884 193 1011 247 idque
1055 195 1098 234 et
1142 208 1268 248 saepe
1306 195 1413 237 alias

75 255 118 295 et
155 252 338 306 quodam
377 252 593 305 liberiore,
634 266 763 306 quam
801 251 986 305 solebat,
1028 253 1071 292 et
1108 253 1248 308 magis
1280 268 1414 295 vacuo

75 311 129 353 ab
154 310 520 352 interventoribus
548 311 625 365 die,
654 325 749 352 cum
776 310 828 351 ad
855 324 922 351 me
948 310 1022 351 ille
1048 311 1250 364 venisset,
1276 312 1414 365 primo

75 384 141 424 ea,
181 383 289 424 quae
322 372 445 411 erant
477 369 692 411 cotidiana
723 371 767 410 et
800 369 923 423 quasi
954 368 1152 423 legitima
1181 370 1327 424 nobis,
1365 369 1416 411 de

40 441 178 484 5pace
211 430 253 469 et
286 427 335 469 de
368 428 468 469 otio.

162 485 325 535 Quibus
357 487 466 528 actis
499 485 609 534 Quid
641 486 773 540 ergo?
804 486 945 540 inquit
976 486 1061 541 ille,
1093 487 1297 541 quoniam
1325 501 1415 528 ora·
1442 472 1467 555 ξ

73 545 207 588 torias
229 545 553 586 exercitationes
573 559 660 586 non
679 548 728 586 tu
749 545 932 599 quidem,
957 547 1005 586 ut
1025 560 1162 600 spero,
1188 545 1416 601 reliquisti,

75 604 148 646 sed
191 606 306 645 certe
345 603 667 658 philosophiam
709 604 795 644 illis
838 604 1140 659 anteposuisti,
1183 619 1415 659 possumne

74 663 236 717 aliquid
268 662 442 704 audire?
492 662 557 703 Tu
588 676 708 716 vero,
745 662 939 717 inquam,
977 663 1045 704 vel
1079 662 1223 704 audire
1254 663 1324 705 vel
1357 663 1416 704 di-

25 734 55 760 1ο
74 736 185 775 cere3
221 736 299 763 nec
332 721 456 775 enim,
486 721 530 762 id
563 721 676 775 quod
707 724 821 762 recte
854 721 1086 775 existimas,
1118 722 1308 763 oratoria
1338 722 1417 763 illa

75 780 216 822 studia
257 780 440 834 deserui,
483 780 636 835 quibus
678 780 810 821 etiam
848 782 891 822 te
928 781 1112 835 incendi,
1154 795 1416 836 quamquam

73 839 469 894 flagrantissumum
501 853 760 894 acceperam,
791 854 868 881 nec
900 853 960 894 ea,
993 854 1100 894 quae
1125 854 1238 882 nunc
1262 842 1416 895 tracto,

74 899 288 952 minuunt,
327 898 401 939 sed
438 900 598 953 augent
636 897 778 952 potius
815 898 939 939 illam
975 898 1239 940 facultatem.
1300 898 1415 940 Nam

74 972 170 1000 cum
194 957 277 999 hoc
302 971 456 1011 genere
484 957 797 1012 philosophiae,
824 957 937 1012 quod
961 972 1040 999 nos
1068 957 1297 1013 sequimur,
1329 973 1416 1000 ma-

22 1028 55 1055 15
75 1031 205 1073 gnam
242 1015 376 1057 habet
408 1019 555 1057 orator
587 1017 855 1070 societatem,
895 1016 1184 1058 subtilitatem
1217 1017 1330 1058 enim
1362 1017 1416 1059 ab

73 1075 308 1117 Academia
347 1077 570 1116 mutuatur
613 1077 655 1115 et
695 1075 733 1115 ei
771 1074 961 1116 vicissim
998 1075 1137 1116 reddit
1174 1076 1418 1117 ubertatem

75 1134 282 1176 orationis
327 1136 370 1175 et
408 1135 660 1175 ornamenta
698 1133 875 1175 dicendi.
936 1132 1075 1182 Quam
1113 1134 1168 1175 ob
1206 1149 1313 1189 rem,
1356 1135 1418 1176 in-

75 1208 221 1248 quam,
254 1192 457 1247 quoniam
489 1192 712 1246 utriusque
744 1192 875 1233 studii
906 1195 1059 1234 nostra
1089 1194 1305 1247 possessio
1339 1195 1417 1248 est,

73 1252 217 1305 hodie,
248 1254 348 1292 utro
385 1250 472 1292 frui
510 1251 656 1305 malis,
697 1251 816 1306 optio
850 1251 907 1292 sit
938 1253 1026 1293 tua.
1087 1251 1198 1293 Tum
1229 1251 1417 1293 Hirtius:

22 1321 56 1348 20
75 1310 406 1364 Gratissumum,
438 1310 589 1364 inquit,
621 1312 665 1351 et
695 1312 867 1352 tuorum
900 1311 1090 1352 omnium
1117 1310 1275 1366 simile,
1305 1311 1417 1352 nihil

75 1369 187 1412 enim
224 1384 429 1424 umquam
467 1369 618 1410 abnuit
648 1383 743 1410 meo
775 1369 918 1411 studio
949 1369 1151 1411 voluntas
1183 1372 1271 1411 tua.
1334 1368 1417 1411 Sed
1442 1376 1464 1408 4

75 1428 278 1483 quoniam
309 1427 524 1470 rhetorica
555 1427 661 1468 mihi
691 1430 838 1469 vestra
869 1430 969 1469 sunt
1000 1430 1105 1470 nota
1135 1430 1263 1483 teque
1291 1428 1338 1470 in
1361 1429 1416 1471 iis

75 1490 118 1529 et
150 1487 390 1529 audivimus
422 1501 548 1541 saepe
580 1488 624 1527 et
656 1487 875 1528 audiemus
909 1489 1038 1542 atque
1063 1487 1175 1529 hanc
1194 1487 1418 1529 Academi-

74 1561 222 1588 corum
266 1548 417 1588 contra
458 1545 730 1601 propositum
774 1546 1022 1601 disputandi
1066 1546 1417 1589 consuetudinem

40 1615 56 1642 ⁵
74 1605 266 1647 indicant
290 1608 333 1646 te
360 1605 597 1660 suscepisse
617 1604 882 1646 Tusculanae
909 1605 1234 1660 disputationes,
1259 1620 1417 1661 ponere

76 1664 257 1719 aliquid,
295 1663 349 1705 ad
387 1664 499 1718 quod
537 1664 726 1719 audiam,
764 1664 802 1705 si
838 1664 920 1705 tibi
957 1679 1043 1705 non
1075 1667 1140 1705 est
1172 1665 1416 1720 molestum,

74 1723 185 1765 volo.
245 1722 315 1764 An
346 1722 470 1776 mihi,
502 1723 694 1778 inquam,
725 1725 870 1778 potest
903 1723 1131 1778 quicquam
1163 1738 1255 1765 esse
1287 1724 1417 1766 mole-

76 1785 202 1836 stum,
235 1782 348 1836 quod
378 1782 461 1823 tibi
493 1784 664 1837 gratum
694 1781 889 1823 futurum
920 1782 1006 1823 sit?
1051 1780 1133 1823 Sed
1163 1782 1228 1824 ita
1258 1783 1417 1838 audies,

75 1844 124 1882 ut
145 1841 389 1882 Romanum
414 1841 645 1895 hominem,
670 1843 719 1882 ut
743 1841 893 1882 timide
918 1840 1231 1895 ingredientem
1257 1842 1311 1883 ad
1336 1842 1417 1884 hoc

77 1914 210 1956 genus
243 1900 506 1955 disputandi,
538 1902 587 1940 ut
618 1900 748 1955 longo
781 1900 1012 1942 intervallo
1044 1900 1150 1942 haec
1181 1900 1325 1942 studia
1355 1915 1417 1942 re-

76 1961 303 2014 petentem.
357 1958 444 2012 Ita,
479 1959 636 2013 inquit,
668 1958 838 2000 audiam
870 1961 913 2000 te
946 1959 1256 2014 disputantem,
1288 1962 1336 2000 ut
1367 1974 1418 2001 ea

76 2018 187 2074 lego,
219 2032 327 2073 quae
354 2018 576 2073 scripsisti.
619 2017 803 2059 Proinde
830 2017 980 2059 ordire.
1026 2016 1309 2060 Considamus
1336 2018 1416 2060 hic.

173 2110 182 2118 .
203 2110 212 2118 .
233 2110 242 2118 .
266 2091 445 2131 quorum
478 2077 524 2117 in
556 2076 664 2130 aliis,
695 2079 745 2118 ut
775 2076 819 2117 in
850 2076 1086 2131 Antipatro
1118 2080 1259 2131 poeta,
1290 2080 1339 2118 ut
1372 2077 1417 2118 in

75 2135 262 2177 brumali
293 2136 359 2177 die
385 2136 512 2190 natis,
544 2138 592 2176 ut
616 2136 661 2176 in
687 2135 815 2177 simul
842 2136 1168 2191 aegrotantibus
1195 2136 1417 2189 fratribus,

31 2196 124 2236 ³5ut
153 2195 199 2236 in
228 2195 364 2249 urina,
396 2198 444 2236 ut
474 2195 520 2236 in
549 2194 778 2250 unguibus,
810 2197 859 2236 ut
888 2195 933 2236 in
965 2195 1142 2249 reliquis
1172 2195 1262 2236 eius
1289 2194 1417 2247 modi,

75 2257 255 2295 naturae
292 2253 494 2309 contagio
531 2253 666 2307 valet,
704 2268 832 2307 quam
864 2267 943 2308 ego
975 2268 1063 2295 non
1093 2253 1222 2307 tollo,
1253 2253 1317 2294 vis
1350 2255 1416 2294 est

75 2312 196 2354 nulla
237 2311 404 2365 fatalis3
448 2312 493 2354 in
530 2312 628 2354 aliis
666 2315 811 2354 autem
850 2311 1032 2354 fortuita
1073 2312 1282 2367 quaedam
1323 2325 1416 2353 esse

1444 2108 1463 2138 θ’
1444 2056 1469 2095 ω
