1685 2568
379 151 467 186 LIB.
493 151 538 187 Π.
571 150 672 185 ΟΑΡ.
698 155 848 186 36-39.
880 154 900 192 ἓ
927 155 1075 186 76-81.
1312 151 1397 193 225

60 249 176 290 vetat
208 249 402 302 spectare
432 246 669 300 fortunam,
705 245 805 287 dum
836 248 1080 301 praestetur
1109 246 1226 287 fides.
1281 247 1396 288 Aves

57 319 158 347 vero
207 308 244 348 si
286 319 515 360 prosperos
562 307 738 346 eventus
785 305 1080 357 ostenderunt,
1124 306 1237 345 certe
1278 304 1398 346 fefel-

58 365 212 405 lerunt.
257 363 388 419 Fugit
419 378 441 405 e
472 364 636 418 proelio
669 378 764 406 cum
789 362 1013 418 Pompeio,
1046 377 1177 418 grave
1208 365 1396 418 tempus!

58 422 267 464 Discessit
302 423 355 463 ab
388 436 456 476 eo3
493 422 690 464 luctuosa
719 423 806 463 res!
853 420 1081 463 Caesarem
1113 421 1262 463 eodem
1293 424 1398 463 tem-

23 495 159 536 ⁶pore
202 481 372 523 hostem
417 483 460 522 et
503 480 718 536 hospitem
761 480 885 534 vidit3
930 480 1031 535 quid
1073 480 1155 522 hoc
1197 480 1396 522 tristius?

56 539 98 581 Is
141 554 237 581 cum
282 539 319 581 ei
357 539 636 581 Trocmorum
678 539 944 581 tetrarchian
982 539 1210 593 eripuisset
1248 541 1291 580 et
1328 539 1397 580 ad-

57 598 224 640 seculae
262 612 339 639 suo
371 597 638 653 Pergameno
674 598 816 639 nescio
854 598 921 640 eui
959 597 1146 639 dedisset
1177 597 1396 653 eidemque

57 656 312 698 detraxisset
355 655 605 697 Armeniam
649 672 674 698 a
718 659 868 698 senatu
914 656 1077 711 datam,
1124 671 1303 711 cumque
1342 656 1396 698 ab

58 730 106 757 eo
143 715 584 771 magnificentissumo
617 715 807 770 hospitio
840 718 1039 770 acceptus
1073 718 1203 769 esset,
1242 715 1398 770 spolia·

7 777 149 816 mtum
185 774 361 828 reliquit
400 776 443 815 et
479 774 697 829 hospitem
735 776 778 815 et
815 789 973 829 regem.
1034 772 1117 815 Sed
1153 774 1277 815 labor
1305 774 1398 824 lon-

57 833 172 889 gius,
212 833 265 874 ad
303 833 574 888 propositum
612 835 814 874 revertar.
871 832 915 874 Si
953 835 1107 875 eventa
1142 833 1397 887 quaerimus,

58 887 165 946 quae
204 892 485 946 exquiruntur
517 892 686 945 avibus,
722 892 842 933 nullo
876 891 1002 934 modo
1034 906 1242 947 prospera
1273 891 1398 934 Deio-

57 953 170 1004 taro3
204 950 271 991 sin
303 950 455 1003 officia,
488 966 512 991 a
544 951 704 992 virtute
730 951 878 1005 ipsius,
909 965 994 992 non
1022 951 1075 992 ab
1102 951 1303 1006 auspiciis
1328 966 1398 1006 pe-

56 1009 139 1050 tita
183 1011 294 1050 sunt.
363 1009 524 1050 Omitte
567 1009 702 1065 igitur
745 1010 900 1050 lituum
944 1009 1140 1064 Romuli,
1185 1024 1310 1064 quem
1353 1025 1398 1052 1n
1412 997 1467 1039 38

5 1081 37 1108 15
56 1068 242 1110 maximo
286 1068 481 1110 incendio
519 1083 652 1124 negas
690 1068 882 1123 potuisse
919 1069 1131 1123 comburi3
1175 1071 1398 1111 contemne

57 1129 194 1169 cotem
233 1127 330 1168 Atti
368 1126 508 1168 Navii.
569 1126 691 1168 Nihil
735 1127 861 1168 debet
904 1141 996 1168 esse
1040 1127 1085 1168 in
1122 1127 1399 1183 philosophia

56 1186 365 1227 commenticiis
391 1185 563 1227 fabellis
590 1185 691 1240 loci3
716 1185 825 1226 illud
851 1188 943 1227 erat
967 1185 1216 1241 philosophi
1241 1187 1399 1240 potius,

56 1245 191 1286 totius
229 1244 398 1300 augurii
429 1244 616 1299 primum
647 1246 847 1285 naturam
879 1244 1019 1299 ipsam
1051 1245 1210 1299 videre,
1249 1245 1398 1287 deinde

60 1303 363 1357 inventionem,
396 1303 545 1344 deinde
578 1303 879 1345 constantiam.
929 1302 1045 1352 Quae
1078 1306 1144 1344 est
1168 1303 1303 1359 igitur
1328 1319 1400 1346 na-

9 1376 39 1402 20
56 1365 172 1416 tura,
205 1377 313 1417 quae
344 1362 531 1403 volucris
563 1362 646 1404 huc
678 1365 721 1403 et
751 1362 855 1404 illuc
885 1363 1048 1417 passim
1079 1363 1280 1418 vagantis
1313 1363 1400 1404 effi-

58 1422 142 1463 ciat
178 1423 227 1462 ut
265 1421 508 1476 significent
546 1421 708 1476 aliquid
747 1424 790 1462 et
820 1423 914 1462 tum
944 1424 1092 1462 vetent
1124 1435 1269 1477 agere,
1306 1424 1399 1464 tum

56 1480 233 1522 iubeant
259 1483 333 1521 aut
359 1482 487 1522 cantu
514 1482 588 1521 aut
613 1480 791 1522 volatu?
823 1495 896 1522 cur
922 1483 1066 1521 autem
1093 1481 1189 1522 aliis
1217 1495 1242 1522 a
1264 1481 1400 1534 laeva,

58 1539 154 1580 aliis
193 1553 219 1580 a
257 1539 407 1580 dextra
446 1539 594 1580 datum
627 1542 692 1580 est
724 1539 874 1580 avibus
907 1542 955 1580 ut
986 1542 1130 1580 ratum
1163 1540 1400 1595 auspicium

55 1597 195 1639 facere
238 1598 434 1652 possint?
490 1597 580 1647 Quo
621 1598 747 1639 modo
793 1600 936 1639 autem
973 1598 1079 1640 haec
1117 1601 1192 1639 aut
1230 1599 1398 1653 quando

16 1669 39 1694 ,5
59 1659 132 1698 aut
164 1672 189 1697 a
221 1657 374 1711 quibus
403 1656 579 1698 inventa
610 1657 826 1699 dicemus?
870 1656 1043 1699 Etrusci
1067 1659 1214 1698 tamen
1238 1658 1400 1699 habent

59 1718 279 1757 exaratum
300 1730 480 1770 puerum
500 1718 718 1758 auctorem
740 1716 990 1771 disciplinae
1011 1730 1130 1770 suae3
1148 1730 1227 1757 nos
1244 1717 1399 1770 quem?

58 1774 266 1816 Attumne
292 1774 510 1816 Navium?
555 1774 615 1815 At
647 1775 812 1829 aliquot
845 1775 967 1816 annis
1001 1775 1219 1829 antiquior
1244 1774 1400 1817 Romu-

56 1834 121 1874 lus
154 1835 196 1874 et
221 1834 393 1887 Remus,
429 1834 556 1875 ambo
589 1848 784 1889 augures,
815 1836 864 1875 ut
896 1834 1148 1888 accepimus.
1199 1833 1271 1875 An
1295 1833 1400 1876 Pisi-

58 1892 207 1934 darum
249 1895 323 1934 aut
361 1891 544 1934 Cilicum
585 1896 660 1934 aut
695 1892 918 1948 Phrygum
955 1893 1042 1934 ista
1080 1893 1256 1934 inventa
1294 1893 1400 1935 dice-

25 1951 180 1993 omus?
229 1950 377 1993 Placet
408 1951 542 2006 igitur
573 1951 856 1993 humanitatis
889 1951 1076 2007 expertis
1107 1951 1266 1993 habere
1299 1952 1401 1994 divi-

58 2010 208 2051 nitatis
241 2011 464 2052 auctores?

147 2069 208 2110 At
234 2083 380 2110 omnes
406 2083 541 2125 reges,
572 2069 733 2124 populi,
757 2070 954 2111 nationes
980 2072 1161 2111 utuntur
1187 2070 1399 2125 auspiciis.

61 2126 191 2176 Quasi
221 2142 323 2169 vero
357 2128 583 2182 quicquam
612 2129 668 2169 sit
693 2131 784 2169 tam
810 2128 934 2170 valde
961 2143 1090 2182 quam
1114 2128 1223 2170 nihil
1251 2143 1399 2183 sapere

60 2187 251 2242 vulgare,
284 2189 358 2227 aut
391 2187 513 2241 quasi
543 2187 625 2228 tibi
657 2187 740 2242 ipsi
771 2187 816 2228 in
846 2187 1071 2229 iudicando
1097 2188 1268 2242 placeat
1293 2187 1399 2228 mul-

28 2245 217 2287 5titudo!
256 2244 421 2293 Quotus
448 2246 626 2300 quisque
654 2248 729 2300 est,
759 2245 832 2300 qui
856 2246 1126 2301 voluptatem
1151 2248 1282 2301 neget
1307 2260 1398 2287 esse

58 2303 247 2346 bonum?
279 2304 473 2358 plerique
500 2305 630 2345 etiam
656 2319 870 2346 summum
895 2305 1056 2346 bonum
1084 2305 1241 2346 dicunt.
1283 2303 1398 2345 Num

59 2362 193 2418 igitur
231 2377 378 2404 eorum
414 2362 656 2417 frequentia
687 2362 821 2405 Stoici
858 2363 908 2404 de
941 2364 1155 2405 sententia
1188 2363 1398 2404 deterren-

130 2437 201 2464 οπο.
221 2437 275 2463 1v.
295 2439 319 2464 2.
1069 2434 1109 2465 15

1424 1048 1469 1080 80

1426 2074 1466 2127 8‘1
