1685 2568
382 125 470 161 LIB.
498 126 542 160 ΙΙ.
577 125 676 160 ΟΑΡ.
705 130 778 160 14-
800 129 853 161 17.
885 128 904 167 ξ
931 128 1082 160 33-38.
1319 126 1403 167 209

61 222 216 277 capitis
256 222 556 264 autaccessio
595 221 795 262 subitone
826 220 920 261 fieri
950 223 1113 275 potest,
1150 225 1199 261 ut
1231 235 1275 262 se
1307 224 1405 275 exta

63 281 116 323 ad
153 280 442 322 immolatoris
479 280 699 321 fortunam
737 278 1089 321 accommodent?
1126 293 1213 320 non
1243 280 1404 334 perspi—

62 339 159 382 citis
192 339 332 380 aleam
365 339 579 394 quandam
611 352 703 380 esse
734 338 780 379 in
810 337 966 379 hostiis
1000 337 1256 392 deligendis,
1286 352 1405 392 prae-

63 398 210 440 sertim
241 413 337 440 cum
369 412 436 438 res
467 398 564 452 ipsa
595 396 774 439 doceat?
821 395 929 438 Cum
963 396 1075 437 enim
1104 396 1404 448 [tristissuma]

28 466 45 493 ⁵
65 460 163 499 exta
194 456 285 497 sine
316 456 457 511 capite
487 456 672 509 fuerunt,
706 455 860 510 quibus
891 454 1002 496 nihil
1032 455 1203 496 videtur
1229 469 1321 496 esse
1348 455 1406 495 di-

63 516 169 568 rius,
207 529 418 570 proxuma
447 515 592 556 hostia
615 515 776 570 litatur
808 528 934 568 saepe
965 513 1263 569 pulcherrime.
1319 512 1406 555 Ubi

63 574 198 629 igitur
228 573 330 614 illae
357 573 497 614 minae
523 569 793 628 superiorum
821 573 1045 614 extorum?
1079 575 1154 614 aut
1180 587 1289 626 quae
1315 575 1404 614 tam

63 632 207 674 subito
238 632 355 673 facta
386 634 452 673 est
484 632 659 673 deorum
691 634 816 673 tanta
847 631 1064 686 placatio?

152 689 234 732 Sed
266 690 408 732 adfers
434 690 479 731 in
504 691 619 732 tauri
646 691 780 745 opimi
806 690 914 732 extis
939 690 1194 732 immolante
1221 689 1404 732 Caesare
1423 690 1475 731 16

10 760 44 787 ιο
62 764 135 792 cor
177 764 262 791 non
305 750 457 803 fuisse3
505 750 549 790 id
593 750 693 803 quia
735 764 822 791 non
867 749 1058 804 potuerit
1101 749 1309 803 accidere,
1358 752 1407 790 ut

63 809 153 850 sine
185 808 310 850 corde
341 809 532 850 victuma
562 809 640 849 illa
671 808 851 862 viveret,
883 808 1154 849 iudicandum
1188 822 1281 849 esse
1312 811 1405 849 tum

61 867 260 909 interisse
299 882 389 920 cor,
427 882 523 909 cum
555 867 865 909 immolaretur.
922 866 1003 915 Qui
1034 867 1102 921 fit,
1140 869 1189 908 ut
1221 868 1406 908 alterum
1433 876 1475 906 37

61 926 304 981 intellegas,
337 926 427 967 sine
454 926 579 968 corde
603 941 691 967 non
716 926 909 980 potuisse
934 926 1090 967 bovem
1115 926 1271 980 vivere,
1303 926 1407 967 alte-

61 1000 158 1026 rum
194 999 282 1026 non
318 985 481 1038 videas,
519 999 592 1027 cor
629 985 773 1026 subito
804 999 891 1026 non
922 985 1114 1039 potuisse
1145 985 1289 1027 nescio
1323 1000 1406 1039 quo

65 1044 267 1086 avolare?
316 1043 412 1098 Ego
446 1043 559 1084 enim
590 1058 768 1099 possum
799 1043 867 1085 vel
898 1044 1080 1098 nescire,
1113 1058 1221 1098 quae
1252 1043 1318 1085 vis
1350 1044 1407 1085 sit

63 1103 203 1144 cordis
243 1102 296 1144 ad
332 1102 580 1155 vivendum,
617 1103 686 1144 vel
719 1102 929 1156 suspicari
960 1105 1228 1144 contractum
1261 1103 1406 1157 aliquo

62 1161 214 1203 morbo
246 1161 368 1202 bovis
402 1161 511 1202 exile
544 1164 586 1202 et
619 1161 820 1215 exiguum
852 1163 894 1202 et
925 1161 1090 1202 vietum
1118 1175 1191 1202 cor
1217 1164 1260 1202 et
1287 1162 1407 1202 dissi-

63 1220 164 1261 mile
201 1219 341 1262 cordis
378 1218 530 1273 fuisse3
568 1222 617 1260 tu
647 1234 748 1261 vero
783 1219 883 1274 quid
914 1219 1066 1273 habes,
1105 1234 1236 1274 quare
1268 1223 1407 1275 putes,

64 1279 100 1320 si
131 1278 260 1333 paulo
294 1281 393 1319 ante
426 1293 498 1320 cor
528 1277 660 1319 fuerit
689 1278 735 1319 in
765 1281 890 1319 tauro
924 1278 1080 1333 opimo,
1113 1278 1256 1320 subito
1289 1279 1332 1320 id
1362 1279 1408 1320 in

63 1337 158 1392 ipsa
194 1337 491 1378 immolatione
528 1337 758 1379 interisse?
803 1352 858 1378 an
896 1337 1009 1391 quod
1042 1337 1209 1392 aspexit
1247 1338 1406 1380 vestitu

61 1410 276 1451 purpureo
303 1396 527 1438 excordem
547 1395 788 1450 Caesarem,
819 1396 911 1451 ipse
937 1396 1062 1438 corde
1088 1397 1285 1452 privatus
1312 1398 1406 1438 est?

61 1454 225 1497 Urbem
250 1454 565 1510 philosophiae,
591 1455 697 1496 mihi
724 1455 857 1509 crede,
882 1455 1080 1510 proditis,
1106 1455 1207 1497 dum
1227 1456 1407 1498 castella

63 1514 308 1568 defenditis,
340 1529 453 1568 nam,
485 1514 586 1555 dum
617 1514 938 1568 haruspicinam
970 1529 1117 1555 veram
1143 1529 1235 1556 esse
1261 1515 1407 1568 vultis,

63 1573 385 1628 physiologiam
416 1575 557 1614 totam
588 1573 848 1628 pervertitis.
911 1572 1052 1628 Caput
1084 1576 1150 1614 est
1180 1574 1226 1614 in
1256 1574 1406 1628 iecore,

64 1646 136 1674 cor
166 1632 212 1673 in
243 1632 372 1686 extis;
404 1633 491 1673 iam
523 1631 734 1686 abscedet,
767 1632 895 1673 simul
929 1647 977 1673 ac
1003 1632 1160 1673 molam
1191 1636 1234 1674 et
1259 1633 1407 1675 vinum

62 1691 336 1746 insperseris3
377 1691 478 1732 deus
516 1690 560 1731 id
599 1691 769 1746 eripiet,
810 1691 874 1732 vis
917 1691 1063 1745 aliqua
1100 1691 1295 1734 conficiet
1332 1695 1407 1734 aut

63 1749 224 1791 exedet.
273 1748 373 1791 Non
405 1764 507 1804 ergo
541 1750 731 1791 omnium
760 1752 884 1791 ortus
917 1752 1045 1804 atque
1077 1750 1221 1792 obitus
1250 1754 1407 1793 natura

63 1808 275 1862 conficiet,
309 1811 351 1849 et
389 1808 471 1849 erit
509 1808 689 1863 aliquid,
727 1809 840 1863 quod
879 1811 954 1850 aut
992 1824 1042 1849 ex
1072 1809 1210 1851 nihilo
1243 1811 1407 1852 oriatur

65 1871 139 1909 aut
180 1867 226 1908 in
267 1867 452 1908 nihilum
496 1867 640 1909 subito
692 1867 869 1909 occidat.
932 1866 1036 1916 Quis
1082 1868 1164 1910 hoc
1203 1868 1406 1924 physicus

65 1926 172 1967 dixit
213 1927 448 1981 umquam?
491 1925 742 1981 haruspices
787 1927 950 1981 dicunt3
991 1926 1059 1967 his
1104 1927 1240 1982 igitur
1278 1944 1406 1983 quam

63 1984 252 2040 physicis
279 1985 533 2027 credendum
558 1985 703 2040 potius
731 1984 992 2027 existumas?
1022 1984 1161 2034 Quid?
1193 2001 1289 2028 cum
1315 1988 1407 2042 plu-
1424 1975 1476 2055 138

0 2050 1 2055 ’
44 2043 183 2085 -.ribus
222 2043 311 2085 deis
348 2044 617 2098 immolatur,
656 2044 728 2099 qui
764 2044 940 2086 tandem
977 2045 1137 2098 evenit,
1177 2048 1226 2087 ut
1258 2046 1440 2088 litetur'

66 2102 174 2156 aliis,
198 2102 294 2144 aliis
314 2117 402 2144 non
421 2103 600 2144 litetur?
627 2117 735 2157 quae
756 2106 901 2144 autem
919 2103 1211 2146 inconstantia
1231 2105 1406 2146 deorum

0 2160 4 2170 ¹
66 2164 143 2215 est,
174 2164 223 2202 ut
254 2161 405 2216 primis
437 2162 653 2203 minentur
686 2162 807 2216 extis,
838 2162 947 2204 bene
977 2163 1238 2217 promittant
1263 2178 1406 2205 secun-

62 2219 161 2262 dis?
198 2223 273 2261 aut
303 2222 429 2261 tanta
458 2220 571 2262 inter
602 2235 675 2262 eos
708 2220 934 2276 dissensio,
972 2236 1099 2277 saepe
1132 2222 1263 2263 etiam
1295 2223 1406 2263 inter

65 2293 316 2333 proxumos,
356 2281 405 2320 ut
436 2278 652 2334 Apollinis
691 2283 790 2321 exta
826 2280 941 2322 bona
979 2280 1084 2335 sint,
1123 2280 1288 2322 Dianae
1320 2295 1407 2322 non

64 2336 207 2380 bona?
258 2336 368 2386 Quid
399 2341 465 2379 est
496 2342 587 2379 tam
618 2339 892 2394 perspicuum
925 2354 1064 2394 quam,
1097 2354 1192 2380 cum
1225 2339 1404 2380 fortuito

136 2411 207 2439 cro.
226 2413 280 2438 lv.
302 2414 324 2438 2.
1075 2412 1118 2441 14

1454 1974 1475 2013 7
