1685 2568
415 109 503 146 LIB.
530 110 593 146 111.
630 109 730 146 CAP.
757 113 906 145 36-38.
939 114 959 153 ἓ
985 113 1135 146 86—92.
1364 111 1448 154 139

112 219 210 260 que,
254 220 350 248 cum
394 205 432 247 ei
474 205 699 262 naviganti
739 207 932 247 vectores
971 206 1151 248 adversa
1187 208 1447 261 tempestate

109 264 251 305 timidi
282 267 325 306 et
356 265 575 320 perterriti
606 265 794 306 dicerent
823 278 911 306 non
940 264 1098 306 iniuria
1129 265 1212 306 sibi
1242 265 1351 306 illud
1383 280 1448 307 ac-

109 323 259 374 cidere,
292 324 364 378 qui
396 324 519 364 illum
549 323 595 364 in
623 322 800 364 eandem
824 337 978 365 navem
1004 323 1276 378 recepissent,
1309 326 1448 365 osten-

111 381 173 423 dit
211 382 272 423 eis
303 382 348 423 in
380 382 528 424 eodem
559 396 685 423 cursu
717 382 877 423 multas
910 382 1018 423 alias
1049 382 1290 424 laborantis
1324 396 1449 437 quae-

73 440 313 495 ⁵sivitque,
355 455 458 482 num
502 439 633 482 etiam
675 440 720 482 in
762 440 815 482 iis
855 440 1037 482 navibus
1074 440 1312 497 Diagoram
1349 440 1449 482 vehi

110 499 341 541 crederent.
403 497 473 541 Sic
509 499 623 541 enim
660 513 728 540 res
768 513 813 541 se
844 499 994 554 habet,
1030 502 1080 540 ut
1111 500 1165 541 ad
1195 514 1447 555 prosperam

110 558 387 600 adversamve
417 557 650 612 fortunam,
683 558 823 612 qualis
857 558 915 599 sis
941 560 1017 600 aut
1043 572 1169 612 quem
1196 559 1250 600 ad
1275 558 1449 600 modum

106 617 276 671 vixeris,
300 616 409 658 nihil
434 616 616 658 intersit.
666 615 767 658 Non
793 617 1150 671 animadvertunt,
1182 617 1335 671 inquit,
1362 631 1448 659 om·
1475 627 1518 658 90

106 676 180 717 nia
220 675 280 730 di,
318 690 372 717 ne
411 689 535 731 reges
577 675 759 730 quidem.
825 675 934 724 Quid
975 678 1041 717 est
1082 675 1251 718 simile?
1307 675 1448 731 Reges

56 745 90 769 10
109 734 223 775 enim
255 733 291 775 si
323 733 504 776 scientes
535 734 907 790 praetermittunt,
939 749 1098 791 magna
1129 735 1256 789 culpa
1287 737 1372 789 est3
1404 736 1449 776 at
1464 738 1518 780 38

108 792 185 835 deo
226 806 280 834 ne
325 793 541 835 excusatio
575 793 746 848 quidem
778 796 843 835 est
874 794 1138 836 inscientiae.
1199 792 1335 842 Quem
1371 807 1450 835 vos

106 851 326 907 praeclare
353 851 592 907 defenditis,
618 867 714 894 cum
741 852 881 894 dicitis
908 867 1002 895 eam
1026 853 1115 894 vim
1142 852 1319 894 deorum
1345 866 1449 906 esse,

106 913 172 965 ut,
214 910 385 953 etiamsi
423 912 517 966 quis
556 914 695 953 morte
726 926 886 966 poenas
920 912 1092 954 sceleris
1124 911 1341 967 effugerit,
1383 925 1450 952 ex-

106 971 311 1024 petantur
342 984 416 1012 eae
444 984 606 1025 poenae
633 985 658 1012 a
683 970 843 1025 liberis,
875 985 900 1012 a
925 970 1168 1025 nepotibus,
1200 985 1225 1012 a
1250 969 1450 1025 posteris.

54 1038 88 1064 15
108 1027 143 1070 Ο
181 1028 336 1070 miram
374 1029 636 1084 aequitatem
675 1029 867 1071 deorum!
926 1028 1131 1071 Ferretne
1169 1029 1321 1071 civitas
1358 1029 1451 1070 ulla

108 1087 292 1129 latorem
322 1087 449 1129 istius
482 1088 598 1129 modi
624 1088 745 1143 legis,
777 1090 826 1129 ut
851 1088 1207 1130 condemnaretur
1232 1088 1347 1129 filius
1375 1090 1450 1129 aut

106 1160 253 1201 nepos,
286 1145 322 1187 si
353 1148 478 1201 pater
510 1149 584 1189 aut
616 1161 721 1188 avus
753 1146 1035 1200 deliquisset?

196 1225 406 1276 Quinam
437 1228 829 1270 Tantalidarum
861 1226 1210 1271 internecioni
1238 1228 1414 1270 modus

193 1285 440 1330 Paretur?
479 1290 565 1329 aut
597 1302 843 1343 quaenam
874 1290 1110 1342 umquam
1143 1288 1203 1330 ob
1236 1290 1450 1329 mortem

1127 1346 1333 1400 Myrtili

54 1415 89 1441 2⁰
194 1403 385 1447 Poenis
418 1405 619 1447 luendis
653 1405 859 1447 dabitur
892 1405 1055 1448 satias
1089 1405 1344 1461 supplici?

106 1498 265 1541 Utrum
307 1502 460 1556 poetae
498 1498 666 1542 Stoicos
707 1500 1002 1555 depravarint,
1047 1514 1102 1542 an
1140 1499 1273 1543 Stoici
1310 1499 1450 1555 poe'tis
1478 1510 1519 1540 91

108 1558 301 1600 dederint
346 1559 668 1614 auctoritatem,
710 1573 798 1601 non
839 1558 966 1601 facile
1008 1559 1206 1613 dixerim,
1249 1561 1453 1614 portenta

108 1617 221 1659 enim
260 1618 313 1660 ab
351 1618 545 1673 utrisque
583 1620 626 1660 et
664 1618 832 1674 flagitia
870 1618 1080 1660 dicuntur.
1141 1617 1293 1672 Neque
1327 1618 1452 1672 enim,

108 1691 234 1731 quem
253 1676 539 1732 Hipponactis
564 1677 733 1719 iambus
759 1677 957 1732 laeserat,
983 1679 1058 1719 aut
1084 1677 1157 1732 qui
1184 1679 1277 1718 erat
1301 1676 1453 1718 Archi-

55 1745 89 1772 25
108 1735 223 1778 lochi
253 1750 379 1778 versu
410 1736 672 1791 volneratus,
703 1751 730 1778 a
760 1736 838 1778 deo
869 1735 1097 1778 inmissum
1130 1736 1334 1790 dolorem,
1364 1749 1454 1777 non

109 1797 361 1850 conceptum
398 1809 424 1837 a
461 1809 506 1837 se
542 1795 638 1850 ipso
676 1795 944 1850 continebat,
979 1809 1076 1850 nec,
1115 1810 1211 1837 cum
1249 1794 1452 1850 Aegisthi

108 1853 331 1896 libidinem
363 1856 438 1896 aut
470 1869 565 1896 cum
590 1853 758 1896 Paridis
789 1854 997 1909 videmus,
1028 1869 1054 1896 a
1086 1854 1163 1896 deo
1190 1867 1364 1896 causam
1389 1867 1453 1895 re-

110 1912 330 1968 quirimus,
361 1928 458 1955 cum
489 1913 639 1969 culpae
665 1927 800 1968 paene
824 1927 974 1955 vocem
1001 1912 1236 1968 audiamus,
1266 1926 1345 1955 nec
1371 1926 1451 1968 ego

109 1971 344 2014 multorum
381 1987 609 2029 aegrorum
647 1972 832 2014 salutem
867 1986 956 2014 non
994 1972 1047 2013 ab
1079 1971 1347 2027 Hippocrate
1378 1986 1453 2026 po-

20 2069 25 2075 ,
57 2040 90 2066 30
108 2029 196 2071 tius
228 2044 357 2084 quam
388 2031 442 2073 ab
474 2031 734 2087 Aesculapio
767 2031 913 2073 datam
944 2031 1103 2086 iudico,
1134 2045 1212 2073 nec
1243 2030 1452 2072 Lacedae-

108 2088 349 2131 moniorum
398 2089 670 2146 disciplinam
714 2089 853 2132 dicam
896 2105 1103 2144 umquam
1147 2090 1201 2132 ab
1245 2088 1451 2145 Apolline

105 2147 250 2203 potius
276 2145 456 2203 Spartae
489 2164 618 2204 quam
650 2164 675 2191 a
693 2149 891 2205 Lycurgo
918 2149 1076 2192 datam.
1127 2148 1360 2203 Critolaus,
1390 2148 1451 2189 in-

108 2221 248 2260 quam,
276 2207 431 2249 evertit
450 2206 718 2263 Corinthum,
743 2207 1061 2264 Karthaginem
1085 2207 1348 2250 Hasdrubal.
1391 2205 1451 2247 Hi

108 2265 189 2307 duo
215 2266 316 2308 illos
343 2266 488 2307 oculos
514 2281 613 2308 orae
638 2267 894 2309 maritumae
920 2267 1171 2321 effoderunt,
1201 2281 1288 2308 non
1312 2266 1450 2306 iratus

55 2334 88 2360 85
108 2324 253 2380 aliqui,
280 2339 407 2380 quem
427 2325 600 2367 omnino
619 2325 747 2368 irasci
765 2340 893 2381 posse
912 2326 1097 2381 negatis,
1118 2325 1232 2367 deus.
1271 2324 1332 2365 At
1352 2324 1448 2365 sub·
1475 2332 1520 2362 92
