1685 2568
360 86 450 122 LIB.
475 86 503 122 I.
530 85 630 122 CAP.
658 89 809 121 39-41,
837 88 857 127 ξ
884 88 1079 120 109-115,
1329 84 1383 124 41

48 197 131 239 quo
164 183 291 225 modo
317 185 476 224 utatur.
524 180 800 235 Locupletior
824 180 960 236 igitur
984 179 1208 221 hominum
1234 182 1389 221 natura

48 242 101 284 ad
138 241 262 283 beate
294 237 522 283 vivendum
553 242 619 281 est
651 253 779 292 quam
811 238 1004 292 deorum,
1046 238 1159 293 quod
1190 237 1387 292 pluribus

48 300 275 357 generibus
306 299 462 342 fruitur
497 298 780 352 voluptatum.
836 297 897 338 At
927 297 1006 338 has
1038 296 1220 338 leviores
1253 296 1370 337 ducis
1393 305 1457 335 113

46 359 312 414 voluptates,
351 358 505 414 quibus
543 356 666 411 quasi
702 356 899 397 titillatio
933 354 1126 411 (Epicuri
1164 354 1277 396 enim
1308 355 1389 395 hoc

12 429 28 455 5
47 418 225 460 verbum
276 416 361 473 est)
412 415 640 457 adhibetur
690 415 897 456 sensibus.
972 413 1201 468 Quousque
1246 413 1388 454 ludis?

48 475 162 518 Nam
202 476 332 518 etiam
363 474 488 516 Philo
525 476 674 515 noster
703 473 815 515 ferre
845 487 932 515 non
962 475 1136 527 poterat
1167 471 1390 527 aspernari

46 534 281 590 Epicureos
314 533 458 575 mollis
485 534 528 574 et
555 532 759 574 delicatas
785 532 1051 586 voluptates3
1083 545 1251 572 summa
1277 530 1389 571 enim

47 593 255 636 memoria
285 591 594 648 pronuntiabat
624 591 835 646 plurimas
859 590 1035 646 Epicuri
1067 589 1303 631 sententias
1335 589 1388 630 iis

46 652 151 707 ipsis
197 651 354 705 verbis,
399 650 554 705 quibus
593 652 715 691 erant
752 649 958 704 scriptae,
1001 648 1238 690 Metrodori
1276 661 1389 701 vero,

12 724 29 748 o
49 711 122 765 qui
153 712 219 752 est
238 709 413 765 Epicuri
445 709 614 764 collega
646 708 893 762 sapientiae,
925 708 1064 749 multa
1088 706 1391 762 inpudentiora

2 814 3 831 χ
47 769 276 822 recitabat3
319 770 491 810 accusat
535 768 647 809 enim
686 767 992 821 Timocratem,
1034 766 1220 807 fratrem>
1253 780 1390 819 suum,

2 838 3 889 ᾗ
45 827 334 881 Metrodorus,
367 826 479 882 quod
512 826 678 868 dubitet
710 826 869 880 omnia,
903 840 1010 880 quae
1043 825 1095 867 ad
1127 825 1300 866 beatam
1331 824 1390 866 vi-

46 889 137 928 tam
175 886 439 942 pertineant,
476 888 625 927 ventre
663 885 823 938 metiri,
860 899 997 938 neque
1034 884 1078 924 id
1110 884 1242 925 semel
1275 883 1390 937 dicit,

3 948 5 982 ἕ
47 946 121 987 sed
154 945 335 1000 saepius,
397 944 595 985 Adnuere
627 946 670 985 te
702 944 842 996 vide03
879 946 983 985 nota
1015 943 1126 984 enim
1159 942 1240 984 tibi
1272 945 1390 996 sunt3

4 999 5 1036 Ϊ
49 1003 287 1060 proferrem
318 1003 466 1057 libros,
498 1003 535 1044 si
565 1016 758 1057 negares.
807 1001 957 1057 Neque
983 1016 1094 1044 nunc
1113 1001 1391 1056 reprehendo,

49 1063 162 1118 quod
207 1062 259 1104 ad
302 1062 572 1117 voluptatem
617 1061 761 1102 omnia
803 1060 1046 1102 referantur
1091 1058 1197 1115 (alia
1238 1062 1303 1101 est
1341 1074 1391 1101 ea

7 1131 8 1134 ’
49 1119 282 1176 quaestio),
323 1120 397 1162 sed
434 1120 563 1162 doceo
596 1120 696 1161 deos
729 1121 897 1161 vestros
930 1133 1022 1160 esse
1054 1119 1291 1173 voluptatis
1325 1133 1390 1160 ex-

8 1204 9 1232 3
48 1182 209 1235 pertes,
240 1180 303 1220 ita
333 1181 478 1221 vestro
511 1178 666 1220 iudicio
697 1193 750 1219 ne
782 1178 933 1219 beatos
967 1177 1149 1232 quidem.
1211 1177 1272 1218 At
1304 1177 1372 1219 do·
1394 1155 1461 1238 fi}

9 1283 10 1286 Ἴ
48 1239 139 1281 lore
170 1239 337 1280 vacant.
386 1235 510 1278 Satin
541 1239 607 1278 est
637 1236 681 1277 id
712 1236 766 1278 ad
797 1237 919 1278 illam
948 1236 1239 1278 abundantem
1265 1236 1390 1278 bonis

16 1314 23 1331 ·
48 1298 183 1339 vitam
223 1295 551 1338 beatissimam?
614 1293 807 1351 Cogitat,
838 1295 1056 1350 inquiunt,
1088 1295 1263 1336 adsidue
1294 1295 1391 1337 bea-

10 1336 11 1372 *
48 1359 140 1398 tum
179 1370 271 1397 esse
310 1369 371 1411 se3
408 1355 542 1396 habet
573 1354 686 1396 enim
717 1354 827 1395 nihil
861 1354 994 1409 aliud,
1033 1354 1145 1408 quod
1179 1354 1316 1410 agitet
1347 1354 1392 1396 in

47 1417 201 1457 mente.
263 1413 570 1469 Conprehende
614 1413 749 1469 igitur
793 1413 936 1455 animo
983 1415 1025 1455 et
1062 1427 1254 1468 propone
1292 1415 1391 1454 ante

49 1474 195 1517 oculos
222 1473 347 1515 deum
371 1472 481 1514 nihil
508 1472 625 1514 aliud
650 1473 694 1513 in
721 1472 837 1513 omni
863 1472 1119 1514 aeternitate
1139 1471 1223 1513 nisi
1243 1471 1392 1513 ‘Mihi

47 1533 260 1589 pulchre
311 1531 410 1574 est’
456 1533 499 1573 et
543 1530 670 1587 eEgo
715 1531 897 1572 beatus
942 1530 1069 1572 sum'
1115 1531 1391 1585 cogitantem.

20 1591 138 1634 ·Nec
177 1593 325 1633 tamen
360 1590 501 1645 video,
540 1605 624 1645 quo
662 1590 789 1632 modo
827 1604 915 1632 non
945 1592 1144 1632 vereatur
1175 1590 1256 1631 iste
1290 1590 1391 1631 deus

14 1649 15 1653 ’
47 1651 218 1704 beatus,
255 1664 308 1691 ne
339 1649 542 1703 intereat,
580 1663 676 1691 cum
708 1649 798 1690 sine
829 1649 920 1690 ulla
951 1648 1269 1690 intermissione
1301 1649 1392 1704 pul-

49 1712 167 1752 setur
219 1709 492 1765 agiteturque
537 1710 780 1750 atomorum
829 1708 1072 1750 incursione
1117 1707 1392 1762 sempiterna,

16 1770 17 1773 ’
49 1782 228 1823 cumque
272 1782 322 1809 ex
364 1767 459 1822 ipso
497 1766 707 1823 imagines
746 1781 914 1822 semper
952 1766 1143 1808 affluant.
1210 1766 1279 1808 Ita
1315 1781 1393 1808 nec

18 1871 19 1875 ,
49 1827 203 1869 beatus
235 1828 301 1868 est
331 1829 474 1868 vester
506 1826 607 1868 deus
638 1840 715 1867 nec
748 1828 958 1867 aeternus,

18 1925 20 1940 ὲ
140 1885 198 1927 At
238 1885 370 1927 etiam
402 1885 453 1927 de
485 1885 732 1939 sanctitate,
763 1885 813 1926 de
844 1884 1006 1940 pietate
1038 1884 1241 1926 adversus
1274 1884 1375 1926 deos
1398 1894 1462 1925 115

18 1953 20 1958 ’
50 1944 186 1985 libros
227 1944 400 1999 scripsit
430 1943 654 1999 Epicurus.
715 1942 776 1984 At
808 1958 892 1998 quo
924 1943 1051 1985 modo
1082 1944 1128 1984 in
1158 1943 1225 1985 his
1259 1944 1393 1998 loqui-

18 1987 152 2044 tur‘?
206 2001 269 2045 Ut
307 2003 369 2044 Ti.
407 2001 721 2045 Coruncanium
761 2005 836 2044 aut
866 2001 912 2043 P.
944 2000 1214 2056 Scaevolam,
1254 2003 1394 2058 ponti-

20 2079 21 2084 *
50 2062 150 2103 fices
182 2061 409 2116 maximos,
450 2064 494 2103 te
527 2061 672 2103 audire
705 2061 838 2116 dicas,
877 2075 965 2103 non
997 2076 1110 2115 eum,
1149 2061 1222 2116 qui
1255 2064 1394 2103 sustu-

22 2152 23 2167 ]
50 2120 152 2162 lerit
173 2134 341 2161 omnem
359 2119 552 2162 funditus
572 2120 827 2176 religionem
839 2134 916 2162 nec
931 2120 1141 2173 manibus,
1160 2122 1210 2161 ut
1223 2119 1393 2174 Xerses,

53 2178 127 2220 sed
170 2178 410 2220 rationibus
452 2179 628 2221 deorum
667 2179 965 2220 inmortalium
1005 2179 1171 2233 templa
1212 2181 1255 2220 et
1296 2193 1392 2220 aras

22 2242 25 2268 '·
52 2237 266 2279 everterit.
327 2235 437 2285 Quid
469 2240 534 2278 est
566 2238 690 2292 enim,
722 2252 796 2280 cur
828 2238 929 2280 deos
962 2237 1015 2279 ab
1047 2237 1296 2279 hominibus
1328 2252 1393 2279 co-

23 2298 25 2332 }
51 2295 200 2338 lendos
233 2295 360 2349 dieas,
392 2310 488 2337 cum
519 2296 585 2337 dei
614 2311 702 2338 non
733 2296 859 2339 modo
891 2296 1087 2338 homines
1118 2310 1205 2337 non
1237 2296 1394 2344 colant.
