1685 2568
210 457 260 497 17

204 508 249 539 39

205 1077 250 1108 40

206 2174 258 2215 18

205 2227 244 2257 41

276 92 362 134 266
846 93 910 128 DE
935 94 1058 129 FATO

273 188 434 230 falsum
464 203 552 231 non
583 192 658 244 est,
692 190 764 244 qui
788 192 934 244 potest
959 204 1045 231 non
1070 205 1218 231 verum
1244 190 1365 232 esse?
1396 190 1614 232 tenebitur

275 249 402 301 ἱρέων
431 248 491 302 id,
524 249 637 303 quod
668 264 694 290 a
726 248 967 303 Chrysippo
1000 248 1253 303 defenditur,
1286 263 1455 291 omnem
1487 263 1612 290 enun-

275 306 501 348 tiationem
535 309 609 348 aut
634 322 779 348 veram
806 310 881 348 aut
905 307 1063 347 falsam
1091 321 1200 362 esse3
1232 308 1343 349 ratio
1369 307 1465 362 ipsa
1489 309 1614 363 coget

276 367 319 406 et
357 380 407 406 ex
439 366 693 406 aeternitate
727 365 935 420 quaedam
968 380 1059 406 esse
1091 381 1210 420 vera,
1249 368 1291 407 et
1323 381 1373 408 ea
1402 380 1489 408 non
1521 380 1613 407 esse

276 438 385 465 nexa
421 424 561 466 causis
594 424 778 465 aeternis
812 426 854 464 et
886 439 911 465 a
941 423 1022 464 fati
1053 425 1309 466 necessitate
1342 439 1434 466 esse
1465 424 1613 466 libera.
1647 437 1661 463 ε’

364 482 429 524 Αο
454 483 559 523 mihi
586 482 756 536 quidem
781 482 961 536 videtur,
992 497 1090 524 cum
1116 483 1222 524 duae
1248 483 1488 525 sententiae
1512 482 1614 524 fuis-

277 544 373 582 sent
407 544 602 582 veterum
640 541 1017 596 philosophorum,
1054 556 1139 583 una
1170 556 1334 597 eorum,
1372 542 1445 597 qui
1476 556 1614 583 cense-

275 603 372 641 rent
403 600 547 641 omnia
576 600 640 640 ita
669 599 761 641 fato
793 600 898 654 fieri,
928 603 977 641 ut
999 600 1043 641 id
1067 600 1206 642 fatum
1232 601 1316 642 vim
1344 600 1613 642 necessitatis

276 659 474 712 adferret,
505 659 551 699 in
578 673 662 712 qua
688 659 901 699 sententia
923 658 1207 714 Democritus,
1232 659 1490 714 Heraclitus,
1515 658 1614 700 Em-

274 717 490 772 pedocles,
522 716 781 758 Aristoteles
813 717 913 771 fuit,
951 717 1089 759 altera
1120 732 1284 772 eorum,
1316 719 1472 773 quibus
1503 718 1614 759 vide·
1634 730 1654 755 ιι

274 779 422 817 rentur
453 776 545 817 sine
575 776 663 817 ullo
694 775 786 817 fato
814 790 905 817 esse
933 776 1174 818 animorum
1200 779 1343 818 motus
1367 776 1614 830 voluntarii,

277 834 544 889 Chrysippus
581 837 803 889 tamquam
844 835 1005 876 arbiter
1042 835 1296 877 honorarius
1335 835 1521 877 medium
1558 835 1613 876 fe-

275 894 360 935 rire
399 893 604 946 voluisse,
643 893 717 935 sed
755 893 944 948 adplicat
976 908 1020 935 se
1053 894 1106 935 ad
1138 909 1210 935 eos
1242 894 1405 949 potius,
1444 894 1517 949 qui
1545 908 1616 935 ne-

276 952 478 994 cessitate
516 955 658 994 motus
692 952 933 994 animorum
965 952 1171 994 liberatos
1202 953 1372 1007 volunt3
1411 953 1511 994 dum
1543 967 1616 994 au-

275 1014 363 1052 tem
401 1011 544 1052 verbis
581 1011 720 1052 utitur
758 1011 863 1065 suis,
901 1011 1116 1052 delabitur
1147 1012 1192 1052 in
1223 1026 1294 1053 eas
1328 1012 1615 1065 difficultates,
1635 1025 1674 1049 1.,

276 1072 325 1111 ut
355 1070 658 1111 necessitatem
688 1070 769 1111 fati
801 1070 1022 1112 confirmet
1053 1070 1225 1112 invitus.
1279 1070 1423 1125 Atque
1454 1071 1548 1124 hoc,
1580 1070 1614 1111 si

274 1129 427 1183 placet,
453 1129 579 1183 quale
606 1129 663 1170 sit
682 1129 901 1170 videamus
921 1130 965 1170 in
986 1129 1322 1183 adsensionibus,
1350 1144 1456 1183 quas
1476 1129 1616 1184 prima

276 1187 470 1229 oratione
495 1188 692 1229 tractavi.
735 1187 821 1229 Eas
848 1188 962 1229 enim
987 1190 1153 1229 veteres
1179 1188 1257 1242 illi,
1291 1188 1444 1242 quibus
1472 1188 1617 1230 omnia

273 1246 365 1288 fato
397 1246 490 1287 fieri
520 1247 795 1300 videbantur,
827 1247 868 1287 vi
901 1246 1011 1288 effici
1043 1249 1086 1287 et
1116 1247 1373 1288 necessitate
1406 1247 1615 1288 dicebant.

275 1304 357 1353 Qui
389 1308 533 1346 autem
566 1306 620 1347 ab
652 1306 704 1346 iis
738 1306 1061 1358 dissentiebant,
1092 1305 1184 1347 fato
1211 1306 1485 1347 adsensiones
1511 1305 1613 1346 libe·
1634 1317 1650 1342 2¹

275 1364 431 1406 rabant
455 1364 758 1419 negabantque
783 1364 874 1405 fato
902 1364 1227 1406 adsensionibus
1255 1364 1449 1406 adhibito
1475 1378 1616 1405 neces-

275 1423 449 1464 sitatem
481 1424 534 1464 ab
567 1423 635 1464 his
666 1437 792 1477 posse
824 1423 1051 1476 removeri,
1089 1423 1203 1477 iique
1234 1423 1298 1464 ita
1329 1423 1614 1464 disserebant:

275 1480 348 1523 eSi
385 1482 552 1523 omnia
587 1482 696 1523 fato
735 1482 889 1535 fiunt,
929 1481 1095 1523 omnia
1125 1482 1262 1523 fiunt
1293 1497 1446 1524 causa
1478 1484 1616 1523 ante-

273 1540 501 1595 cedente,
542 1543 608 1595 et,
650 1540 691 1582 si
725 1541 1005 1595 adpetitus,
1045 1541 1142 1581 illa
1174 1541 1345 1595 etiam,
1378 1555 1503 1595 quae
1536 1540 1616 1581 ad-

274 1600 493 1655 petitum
520 1602 822 1655 sequuntur,
849 1613 968 1655 ergo
992 1599 1145 1640 etiam
1169 1600 1522 1653 adsensiones,
1548 1601 1616 1654 at,
1633 1610 1647 1635 2

274 1659 317 1700 si
343 1673 494 1701 causa
520 1659 782 1714 adpetitus
808 1673 905 1699 non
931 1661 1008 1699 est
1034 1658 1135 1699 sita
1160 1658 1211 1699 in
1235 1659 1402 1712 nobis,
1427 1673 1487 1700 ne
1506 1632 1616 1713 ipse

275 1718 475 1772 quidem
501 1718 763 1773 adpetitus
791 1720 869 1758 est
893 1717 944 1757 in
969 1719 1148 1758 nostra
1172 1692 1455 1772 potestate,
1485 1716 1617 1772 quod

275 1777 316 1818 si
354 1777 428 1818 ita
466 1780 560 1831 est,
596 1791 655 1818 ne
692 1776 787 1817 illa
820 1776 1037 1830 quidem,
1077 1790 1202 1830 quae
1235 1750 1471 1831 adpetitii
1503 1775 1616 1817 effi-

274 1835 497 1890 ciuntur,
541 1838 659 1877 sunt
703 1835 805 1876 sita
847 1835 898 1876 in
941 1835 1108 1888 nobis,
1150 1849 1250 1876 non
1291 1837 1409 1876 sunt
1451 1834 1616 1889 igitur

272 1909 433 1948 neque
483 1894 814 1936 adsensiones
863 1908 1024 1947 neque
1070 1893 1300 1935 actiones
1344 1894 1395 1935 in
1437 1896 1646 1934 nostras

272 1955 548 2008 potestate
610 1952 682 1994 Ex
724 1967 819 2007 quo
859 1952 1110 2006 efficitur,
1151 1955 1204 1993 ut
1241 1967 1329 1994 nec
1360 1952 1615 1993 laudatio-

271 2085 361 2112 nec
394 2069 684 2126 supplicia'
727 2069 849 2118 Quod
881 2085 976 2112 011111
1002 2070 1205 2111 vitiosum
1232 2069 1301 2124 sit,
1331 2069 1615 2125 probabiliter
1647 2047 1685 2152 'fild‘

273 2130 468 2171 concludi
492 2132 649 2184 putant
667 2143 755 2171 non
774 2129 919 2170 omnia
937 2129 1030 2170 fato
1049 2129 1154 2182 fieri,
1182 2143 1471 2183 quaecumque
1492 2129 1608 2169 fiant.

362 2188 627 2243 Clnysippus
661 2190 805 2230 autem
837 2203 933 2229 cum
965 2190 1008 2229 et
1038 2187 1338 2229 necessitatem
1364 2142 1685 2249 inprobaretssi

274 2250 316 2289 et
351 2247 462 2289 nihil
493 2248 626 2289 vellet
659 2247 748 2288 sine
780 2246 1040 2301 praepositis
1073 2246 1213 2288 causis
1245 2245 1433 2299 evenire,
1472 2260 1614 2287 causa·
1646 2255 1661 2286 ¹³

1668 810 1685 1484 κκωριεῆῄ-ὌῘΛῌῌῌᾸΑ

1667 1871 1685 1955 eka:

272 2025 359 2053 nes
391 2012 561 2053 iustae
594 2012 698 2052 sint
727 2026 815 2052 nec
840 2011 1254 2066 vituperationes
1281 2026 1370 2053 nec
1395 2011 1614 2052 honores
1653 1978 1685 2073 ἑῇ

272 2321 365 2347 rum
400 2320 558 2362 genera
589 2305 833 2361 distinguit,
870 2308 919 2347 ut
951 2307 995 2346 et
1025 2305 1328 2347 necessitatem
1361 2304 1541 2360 effugiat
1573 2305 1615 2346 et
1646 2263 1683 2367 iii

1646 2365 1654 2383 ,ι

1644 2385 1661 2483 J

1644 2466 1663 2568 Ji
