1685 2568
210 128 295 170 298
688 127 752 163 DE
778 128 841 164 RE
866 127 1073 163 PUBLICA

204 225 353 278 p.153]
397 223 539 266 minus
577 223 584 278 1
625 224 835 266 barbaros
880 239 1008 279 quam
1048 223 1267 266 Romanos
1310 227 1426 279 puto.
1488 224 1546 265 Et

205 281 364 338 Scipio:
403 282 540 338 Atqui
572 283 625 324 ad
655 283 755 337 hoc,
794 283 843 324 de
876 297 959 337 quo
993 282 1153 338 agitur,
1184 297 1270 324 non
1303 283 1545 337 quaerimus

205 344 390 397 gentem,
420 341 594 397 ingenia
626 341 881 396 quaerimus.
931 339 977 382 Si
1009 341 1122 382 enim
1149 343 1192 382 et
1216 341 1448 396 prudentes
1473 341 1546 383 ho-

205 401 340 442 mines
386 402 429 441 et
470 414 558 441 non
600 403 766 441 veteres
804 413 926 453 reges
963 399 1122 441 habere
1159 400 1406 454 voluerunt,
1448 402 1547 442 utor

204 473 342 513 neque
378 459 646 514 perantiquis
683 472 820 512 neque
857 457 1102 499 inhumanis
1135 473 1185 500 ac
1215 458 1317 500 feris
1348 458 1546 500 testibus.

135 496 190 580 ἓξ
294 516 404 558 Tum
440 517 630 559 Laelius:
667 516 804 558 Video
836 518 898 571 te,
935 515 1096 571 Scipio,
1139 517 1400 559 testimoniis
1441 517 1546 559 satis

204 576 482 631 instructum,
524 575 597 617 sed
638 575 751 630 apud
792 589 878 629 me,
918 577 966 616 ut
1004 575 1117 630 apud
1153 575 1315 617 bonum
1354 575 1549 630 iudicem,

204 654 240 687 p.
270 636 353 687 154]
388 636 645 690 argumenta
675 634 773 689 plus
800 649 928 688 quam
953 637 1087 675 testes
1113 634 1270 676 valent.
1299 634 1304 689 Ι
1332 633 1441 675 Tum
1464 632 1549 676 Sci-

204 693 295 749 pio:
333 692 467 735 Utere
497 693 632 747 igitur
663 695 938 748 argumento,
974 692 1112 746 Laeli,
1149 695 1244 734 tute
1274 692 1367 748 ipse
1399 707 1548 734 sensus

204 752 280 794 tui.
331 751 474 806 Cuius,
505 751 647 806 inquit
671 751 757 805 ille,
790 752 968 793 sensus?
1016 752 1057 793 S.
1084 750 1129 792 Si
1155 751 1337 806 quand0,
1363 751 1400 793 si
1424 751 1549 806 forte,

204 811 287 852 tibi
318 811 436 853 visus
468 824 512 851 es
538 810 667 852 irasci
693 810 832 852 alicui.
875 811 926 852 L.
957 810 1054 866 Ego
1080 825 1182 852 vero
1209 810 1391 865 saepius,
1421 825 1549 865 quam

206 870 374 912 vellem.
417 868 460 911 S.
486 868 626 917 Quid?
657 871 764 924 tum,
795 883 890 911 cum
917 871 966 910 tu
992 883 1037 910 es
1061 869 1211 922 iratus,
1242 869 1458 924 permittis
1483 869 1550 910 illi

206 928 452 970 iracundiae
485 928 753 970 dominatum
785 927 919 969 animi
949 928 1042 969 tui‘?
1084 928 1132 969 L.
1164 927 1266 970 Non
1296 928 1550 982 mehercule,

208 987 366 1041 inquit,
408 987 481 1028 sed
521 987 668 1028 imitor
705 986 944 1041 Archytam
981 987 1105 1027 illum
1138 986 1435 1041 Tarentinum,
1477 987 1551 1042 qui

207 1061 304 1088 cum
336 1045 390 1087 ad
420 1046 572 1087 villam
603 1045 791 1087 venisset
823 1048 866 1087 et
898 1045 1042 1087 omnia
1074 1045 1201 1087 aliter
1227 1045 1475 1087 offendisset
1500 1060 1550 1088 ac

205 1123 240 1156 p.
269 1106 353 1157 265]
391 1104 593 1158 iusserat,
638 1103 694 1145 ‘A
737 1107 791 1146 te
827 1104 1178 1158 infelicem',
1220 1102 1374 1160 iniquit
1410 1104 1549 1158 vilico,

206 1164 371 1218 ‘quem
420 1177 682 1205 necassem
725 1163 825 1204 iam
869 1163 1192 1218 verberibus,
1239 1163 1341 1203 nisi
1383 1163 1549 1204 iratus

135 1231 179 1262 60
206 1221 395 1264 essem.'
459 1221 648 1276 Optime,
685 1221 826 1276 inquit
858 1221 1012 1276 Scipio.
1061 1221 1181 1277 Ergo
1213 1221 1430 1276 Archytas
1469 1222 1550 1263 ira-

205 1281 403 1324 cundiam
452 1281 651 1322 videlicet
695 1281 973 1322 dissidentem
1017 1295 1043 1322 a
1083 1280 1251 1322 ratione
1296 1280 1550 1322 seditionem

206 1339 421 1395 quandam
447 1339 579 1381 animi
605 1353 703 1381 vere
729 1339 911 1381 ducebat
931 1353 1101 1392 eamque
1119 1339 1298 1381 consilio
1320 1339 1460 1380 sedari
1479 1354 1550 1381 vo·
1569 1353 1575 1363 ‘

205 1399 342 1453 lebat,
375 1398 480 1440 adde
513 1398 759 1451 avaritiam,
792 1398 897 1439 adde
928 1398 1115 1452 imperii,
1148 1397 1253 1438 adde
1287 1397 1450 1453 gloriae
1482 1413 1550 1440 cu-

205 1457 450 1513 piditatem,
484 1457 589 1498 adde
621 1457 838 1511 libidines3
876 1459 919 1498 et
950 1457 1057 1498 illud
1088 1456 1219 1511 vides,
1251 1456 1288 1497 si
1318 1456 1364 1497 in
1394 1456 1549 1498 animis

205 1516 430 1559 hominum
461 1516 608 1571 regale
639 1515 868 1570 imperium
900 1515 968 1570 sit,
999 1515 1124 1556 unius
1149 1514 1242 1557 fore
1269 1515 1549 1570 dominatum,

205 1595 240 1628 p.
262 1577 347 1628 266]
376 1575 544 1617 consilii
570 1574 733 1616 scilicet
759 1572 829 1630 (ea
848 1577 914 1616 est
934 1574 1047 1615 enim
1067 1573 1201 1615 animi
1220 1589 1320 1627 pars
1342 1572 1549 1629 opstima),

206 1634 386 1677 consilio
413 1636 557 1675 autem
584 1633 830 1675 dominante
855 1633 1022 1674 nullum
1049 1647 1141 1674 esse
1169 1632 1432 1683 libidinibus,
1457 1633 1549 1674 nul-

206 1694 298 1735 lum
327 1693 429 1747 irae,
460 1692 628 1734 nullum
656 1692 893 1733 temeritati
920 1692 1072 1733 locum.
1112 1691 1161 1733 L.
1188 1690 1267 1745 Sic,
1292 1691 1445 1746 inquit,
1472 1694 1549 1733 est.

207 1752 250 1794 S.
282 1751 446 1793 Probas
473 1751 608 1806 igitur
633 1751 823 1792 animum
848 1751 911 1792 ita
937 1750 1181 1792 adfectum?
1212 1749 1262 1791 L.
1287 1749 1409 1791 Nihil
1436 1765 1549 1805 vero,

206 1811 359 1865 inquit,
390 1811 541 1866 magis.
579 1809 622 1852 S.
652 1809 771 1864 Ergo
797 1823 883 1851 non
908 1809 1128 1863 probares,
1155 1823 1191 1850 si
1217 1809 1396 1851 consilio
1422 1810 1548 1864 pulso

207 1870 419 1924 libidines,
440 1883 548 1924 quae
563 1870 663 1910 sunt
676 1868 1023 1922 innumerabiles,
1043 1867 1339 1909 iracundiaeve
1353 1870 1549 1910 tenerent

207 1928 380 1970 omnia?
412 1928 461 1970 L.
480 1927 576 1983 Ego
602 1942 703 1969 vero
728 1926 837 1968 nihil
860 1927 946 1968 isto
967 1926 1122 1981 animo,
1146 1926 1255 1968 nihil
1276 1926 1339 1968 ita
1358 1927 1547 1969 animato

206 2006 241 2039 p.
264 1989 349 2040 267]
376 1987 548 2028 homine
571 1984 574 2042 Ι
598 1986 794 2027 miserius
822 1986 1029 2028 ducerem.
1066 1984 1109 2028 S.
1141 1983 1229 2027 Sub
1255 1999 1388 2041 regno
1414 1985 1549 2040 igitur

207 2046 289 2087 tibi
309 2060 402 2087 esse
421 2046 564 2101 placet
584 2045 722 2086 omnis
743 2044 876 2085 animi
895 2046 1053 2099 partes,
1073 2046 1116 2085 et
1136 2058 1207 2085 eas
1227 2044 1320 2099 regi
1340 2045 1548 2086 consilio?

206 2105 255 2147 L.
281 2104 389 2146 Mihi
417 2118 518 2146 vero
546 2103 606 2145 sic
631 2104 784 2159 placet.
822 2103 865 2145 S.
892 2102 978 2144 Cur
1002 2103 1137 2158 igitur
1163 2103 1345 2156 dubitaS,
1371 2103 1473 2157 quid
1498 2103 1549 2144 de

207 2178 253 2206 re
278 2162 453 2219 publica
484 2162 674 2204 sentias?
712 2162 757 2203 in
789 2176 883 2216 qua,
917 2162 953 2203 si
983 2161 1029 2202 in
1059 2161 1203 2216 plures
1235 2161 1449 2202 translata
1480 2176 1548 2203 res

208 2222 277 2277 sit,
306 2221 504 2276 intellegi
528 2221 615 2262 iam
641 2220 742 2262 licet
766 2221 935 2262 nullum
959 2219 1063 2274 fore,
1097 2220 1210 2274 quod
1234 2220 1407 2275 praesit,
1433 2220 1548 2275 inpe-

138 2313 192 2354 39
206 2281 330 2334 rium,
363 2280 476 2335 quod
502 2279 684 2334 quidem,
714 2279 799 2320 nisi
824 2294 956 2320 unum
982 2279 1050 2333 sit,
1083 2293 1175 2320 esse
1199 2279 1368 2320 nullum
1392 2281 1548 2334 potest.

137 2366 180 2396 61
297 2340 406 2381 Tum
437 2338 632 2381 Laelius:
669 2337 797 2393 Quid,
836 2352 1012 2392 quaeso,
1050 2337 1231 2379 interest
1268 2337 1381 2378 inter
1417 2352 1546 2379 unum
