1685 2568
175 445 214 477 15

177 1232 218 1262 16

179 2204 219 2236 17

242 102 298 144 52
650 103 714 137 DE
740 103 939 138 NATURA
964 103 1167 139 DEORUM

241 198 432 253 nuntiae,
463 201 556 240 tum
588 198 678 240 sole
710 199 946 255 geminato,
979 199 1103 254 quod,
1134 202 1183 241 ut
1214 214 1236 241 e
1267 203 1390 255 patre
1423 202 1579 257 audivi,

241 257 453 300 Tuditano
486 260 529 299 et
559 257 734 312 Aquilio
767 258 1013 299 consulibus
1046 260 1257 313 evenerat,
1291 273 1375 314 quo
1409 260 1579 314 quidem

242 331 352 358 anno
383 316 430 358 P.
461 315 689 357 Africanus
722 316 787 358 sol
820 317 929 357 alter
961 317 1172 358 extinctus
1205 319 1287 371 est,
1328 318 1481 372 quibus
1515 334 1581 360 ex-

240 375 383 416 territi
419 375 613 416 homines
653 374 740 415 vim
774 375 987 428 quandam
1019 389 1110 416 esse
1142 375 1371 417 caelestem
1403 379 1446 418 et
1478 377 1581 419 divi-

240 449 341 475 nam
367 433 574 488 suspicati
600 435 716 486 sunt3
749 435 947 486 quartam
973 448 1145 475 causam
1172 448 1276 488 esse,
1308 449 1485 490 eamque
1510 436 1579 477 vel
1615 447 1633 474 5

242 492 484 545 maximam,
505 491 858 545 aequabilitatem
877 494 1018 533 motus
1039 492 1443 546 conversionumque
1461 494 1581 548 caeli,

242 551 364 605 solis,
396 551 522 591 lunae
555 549 824 604 siderumque
857 550 1046 592 omnium
1078 551 1416 606 distinctionem,
1447 553 1582 594 varie-

240 612 388 675 tatem,
408 608 782 663 pulchritudinem,
803 608 1005 663 ordinem,
1026 624 1207 664 quarum
1224 625 1368 652 rerum
1384 614 1581 676 aspectus

240 668 333 722 ipse
366 667 472 709 satis
503 667 712 708 indicaret
741 681 828 708 non
859 681 951 708 esse
983 682 1032 709 ea
1062 668 1253 710 fortuita.
1312 668 1385 723 Ut,
1417 669 1455 710 si
1487 670 1581 724 quis

241 727 287 767 in
324 726 496 768 domum
535 726 724 779 aliquam
762 727 837 767 aut
873 726 917 766 in
955 727 1226 781 gymnasium
1257 730 1332 768 aut
1362 727 1407 768 in
1437 727 1580 769 forum
1601 741 1632 766 10

241 785 420 839 venerit,
451 799 546 826 cum
577 784 720 825 videat
752 784 940 825 omnium
970 799 1113 826 rerum
1138 786 1364 840 rationem,
1397 787 1582 841 modum,

243 844 530 899 disciplinam,
574 857 659 884 non
697 843 836 897 possit
873 857 922 884 ea
960 843 1049 884 sine
1088 858 1216 885 causa
1254 845 1347 885 fieri
1384 845 1582 899 iudicare,

243 903 316 944 sed
348 917 440 944 esse
472 902 658 956 aliquem
689 901 933 956 intellegat,
966 902 1038 956 qui
1069 903 1232 956 praesit
1264 905 1307 944 et
1338 903 1405 944 cui
1436 919 1582 958 parea-

242 965 324 1016 tur,
357 961 494 1002 multo
527 960 665 1015 magis
697 960 741 1001 in
767 961 900 1001 tantis
927 960 1189 1002 motionibus
1216 961 1435 1016 tantisque
1460 962 1581 1004 vicis-

245 1020 514 1074 situdinibus,
546 1022 635 1060 tam
668 1019 902 1060 multarum
934 1034 1075 1060 rerum
1108 1022 1235 1074 atque
1267 1022 1486 1062 tantarum
1519 1036 1582 1062 or-
1603 1033 1634 1058 15
1683 1043 1685 1058 ε

245 1079 433 1134 dinibus,
471 1078 516 1119 in
554 1078 707 1133 quibus
739 1078 848 1119 nihil
881 1093 1086 1132 umquam
1117 1078 1311 1120 inmensa
1343 1082 1385 1120 et
1416 1079 1584 1120 infinita

244 1140 438 1180 vetustas
483 1138 665 1178 mentita
702 1137 777 1191 sit,
822 1139 988 1178 statuat
1027 1151 1198 1179 necesse
1239 1140 1305 1178 est
1346 1138 1399 1178 ab
1439 1138 1583 1192 aliqua

245 1200 388 1238 mente
425 1199 571 1238 tantos
609 1197 789 1237 naturae
827 1198 969 1237 motus
1008 1195 1248 1250 gubernari.
1317 1195 1582 1251 Chrysippus

246 1256 435 1310 quidem,
478 1269 737 1310 quamquam
778 1257 844 1295 est
883 1255 1088 1296 acerrimo
1127 1254 1317 1310 ingenio,
1357 1257 1502 1296 tamen
1535 1270 1584 1296 ea
1674 1268 1677 1298 i

245 1314 364 1368 dicit,
396 1317 445 1355 ut
476 1314 530 1355 ab
562 1314 658 1368 ipsa
688 1316 844 1354 natura
876 1313 1089 1366 didicisse,
1120 1327 1207 1354 non
1237 1316 1285 1354 ut
1316 1313 1406 1368 ipse
1438 1328 1583 1368 reppe-
1603 1326 1636 1350 20
1680 1318 1682 1362 l

243 1374 350 1415 risse
387 1373 593 1415 videatur.
656 1370 727 1412 tSi
766 1371 931 1425 enim',
968 1371 1125 1426 inquit,
1164 1371 1266 1412 ‘est
1305 1372 1501 1426 aliquid
1533 1372 1583 1413 in
1680 1367 1681 1382 ¹

243 1447 411 1474 rerum
441 1434 642 1485 natura,
676 1430 805 1485 quod
837 1430 1057 1471 hominis
1084 1445 1238 1484 mens,
1272 1431 1402 1484 quod
1428 1431 1583 1485 ratio,

246 1490 376 1546 quod
416 1490 510 1544 vis,
552 1489 682 1544 quod
718 1491 953 1544 potestas
991 1489 1208 1531 humana
1241 1489 1456 1531 efficere
1486 1505 1583 1531 non

244 1549 429 1605 possit,
461 1551 537 1590 est
569 1550 706 1590 certe
737 1548 802 1602 id,
835 1547 965 1602 quod
996 1548 1127 1589 illud
1160 1547 1349 1602 efficit,
1382 1548 1583 1590 homine
1671 1595 1673 1600 .

245 1608 445 1662 melius,
476 1607 620 1662 atqui
645 1621 724 1648 res
751 1607 1003 1648 caelestes
1031 1621 1302 1661 omnesque
1328 1621 1430 1661 eae,
1463 1622 1581 1661 qua—
1602 1619 1633 1643 2⁵
1670 1605 1680 1652 l!

245 1682 352 1708 rum
390 1668 466 1708 est
503 1665 623 1708 ordo
663 1666 1024 1720 sempiternus,
1064 1666 1127 1707 ab
1160 1665 1360 1707 homine
1393 1665 1585 1708 confici
1670 1671 1672 1722 ᾗ

244 1740 341 1767 non
384 1727 618 1780 possunt,
662 1727 738 1766 est
778 1725 939 1780 igitur
981 1724 1049 1778 id,
1092 1739 1120 1765 a
1158 1739 1250 1778 quo
1289 1724 1386 1765 illa
1423 1724 1582 1765 confi-

246 1785 468 1839 ciuntur,
499 1783 703 1826 homine
735 1783 930 1824 melius.
979 1782 1034 1824 Id
1066 1786 1233 1824 autem
1267 1782 1384 1837 quid
1409 1783 1582 1837 potius

246 1843 437 1885 dixeris
479 1857 623 1897 quam
664 1842 834 1883 deum?
895 1841 1098 1883 Etenim
1140 1842 1181 1883 si
1223 1841 1269 1882 di
1307 1856 1408 1882 non
1446 1844 1581 1895 sunt,
1668 1849 1670 1891 l

246 1901 365 1956 quid
404 1916 514 1943 esse
549 1903 724 1956 potest
754 1901 802 1942 in
835 1916 1000 1942 rerum
1032 1903 1220 1942 natura
1251 1899 1453 1941 homine
1486 1911 1635 1941 nie-30
1668 1893 1670 1942 l

246 1961 375 2002 lius?
416 1960 466 2001 in
504 1975 558 2002 eo
598 1960 727 2001 enim
760 1960 871 2001 solo
904 1962 980 2000 est
1011 1959 1167 2012 ratio,
1190 1975 1284 2010 qua
1314 1959 1445 2000 nihil
1477 1960 1584 2008 pot-

249 2025 326 2060 est
383 2033 492 2060 esse
523 2019 895 2074 praestantius.
957 2018 1082 2059 Esse
1116 2020 1282 2058 autem
1312 2017 1583 2071 hominem,

248 2077 331 2133 qui
371 2077 502 2118 nihil
541 2077 591 2118 in
623 2077 756 2119 omni
788 2077 967 2118 mundo
1001 2076 1180 2117 melius
1215 2090 1323 2117 esse
1357 2091 1501 2130 quam
1533 2090 1584 2117 se

246 2138 410 2192 putet,
461 2136 764 2190 desipientis
811 2135 1145 2190 adrogantiae
1196 2137 1290 2189 cst,
1344 2149 1463 2190 ergo
1509 2137 1585 2176 est

248 2194 444 2250 aliquid
482 2195 682 2249 melius,
720 2196 797 2235 est
835 2194 999 2249 igitur
1036 2193 1269 2248 profecto
1303 2193 1452 2234 deus?
1513 2192 1583 2234 An
1602 2202 1636 2229 35

246 2269 365 2308 vero,
408 2253 445 2295 si
483 2253 656 2295 domum
693 2267 895 2308 magnam
934 2252 1240 2307 pulchramque
1278 2251 1454 2306 videris,
1498 2266 1585 2293 non

246 2312 386 2369 possis
419 2312 581 2368 adduci,
613 2314 672 2368 ut,
704 2311 875 2353 etiamsi
908 2311 1126 2353 dominum
1156 2325 1242 2353 non
1267 2310 1424 2366 videas,
1457 2310 1584 2352 muri-
