1685 2568
240 61 323 103 188
723 61 788 95 DE
813 61 1134 97 DIVINATIONE

240 157 375 200 Credo
415 158 547 200 etiam
580 157 796 200 anhelitus
828 157 1036 212 quosdam
1066 156 1199 198 fuisse
1230 159 1455 213 terrarum,
1488 158 1577 213 qui-

237 217 318 259 bus
349 217 525 258 inflatae
557 218 724 258 mentes
757 216 902 258 oracla
931 215 1169 257 funderent.

170 275 222 318 51
322 275 465 330 Atque
490 275 596 316 haec
623 275 794 329 quidem
819 274 982 316 vatium
1007 274 1118 315 ratio
1146 276 1223 328 est,
1253 289 1330 316 nec
1357 275 1577 317 dissimilis

240 348 341 376 sane
374 334 649 375 somniorum.
701 332 816 374 Nam
841 347 949 386 quae
974 333 1257 388 vigilantibus
1285 333 1481 375 accidunt
1506 349 1577 376 va-

239 393 368 447 tibus,
401 392 548 433 eadem
578 391 704 432 nobis
737 391 1058 432 dormientibus.
1107 390 1240 447 Viget
1271 391 1383 432 enim
1410 392 1576 433 animus
1614 402 1631 428 ⁵

239 451 285 492 in
323 450 484 492 somnis
526 450 636 491 liber
674 450 728 491 ab
761 449 956 491 sensibus
989 450 1188 504 omnique
1218 450 1480 504 inpeditione
1512 466 1578 492 cu-

239 524 385 551 rarum
427 509 593 550 iacente
638 510 680 549 et
724 510 894 549 mortuo
937 523 1072 563 paene
1110 523 1298 563 corpore.
1361 507 1442 557 Qui
1480 509 1579 563 quia

240 568 348 609 vixit
386 568 440 609 ab
480 566 596 609 omni
633 567 890 608 aeternitate
926 569 1206 621 versatusque
1238 569 1303 608 est
1334 582 1429 609 cum
1460 568 1579 609 innu-

241 626 521 668 merabilibus
549 625 714 679 animis,
741 625 896 680 omnia,
922 639 1029 679 quae
1054 625 1100 666 in
1124 628 1280 667 natura
1305 640 1448 667 rerum
1469 629 1580 681 sunt,

241 685 370 739 videt,
403 685 439 726 si
470 684 597 726 modo
629 684 880 739 temperatis
914 684 1020 725 escis
1046 684 1307 739 modicisque
1332 684 1579 739 potionibus
1600 696 1636 721 10

241 744 305 786 ita
336 746 402 785 est
434 743 639 797 adfectus,
670 745 719 783 ut
751 743 892 797 sopito
925 757 1102 797 corpore
1133 743 1224 798 ipse
1256 743 1419 798 vigilet.
1462 742 1581 785 Haec

174 811 239 842 116
261 802 516 844 somniantis
550 804 616 842 est
648 801 867 843 divinatio.
916 800 998 842 Hic
1030 815 1188 857 magna
1214 802 1422 856 quaedam
1449 802 1582 843 exori-

241 864 325 916 tur,
344 875 481 915 neque
502 875 552 902 ea
569 860 794 914 naturalis,
815 860 889 901 sed
909 860 1140 901 artificiosa
1161 860 1423 901 somniorum
1443 860 1582 913 [Anti-

246 920 435 977 phontis]
462 919 764 974 interpretatio
786 918 1018 972 eodemque
1038 919 1164 960 modo
1186 921 1228 960 et
1248 919 1518 960 oraculorum
1539 922 1581 960 et

246 978 599 1020 vaticinationum
639 979 757 1029 [sunt
791 977 904 1018 enim
937 977 1254 1032 explanatores,
1291 980 1341 1018 ut
1371 992 1581 1033 gramma—
1603 987 1637 1013 15

241 1037 317 1079 tici
348 1038 606 1092 poetarum]
655 1035 769 1078 Nam
797 1038 845 1077 ut
872 1051 1022 1077 aurum
1049 1038 1091 1078 et
1117 1039 1355 1092 argentum,
1388 1051 1471 1091 aes,
1501 1036 1582 1078 fer-

242 1111 337 1137 rum
373 1096 537 1137 frustra
572 1097 730 1136 natura
769 1095 913 1136 divina
945 1095 1181 1150 genuisset,
1217 1095 1301 1136 nisi
1333 1096 1479 1137 eadem
1512 1095 1583 1137 do-

243 1155 414 1209 cuisset,
441 1169 567 1209 quem
594 1154 648 1195 ad
672 1153 845 1195 modum
872 1154 926 1195 ad
951 1168 1098 1195 eorum
1123 1168 1253 1195 venas
1277 1154 1582 1209 perveniretur,

242 1228 320 1255 nec
349 1213 496 1267 fruges
528 1215 669 1254 terrae
700 1213 882 1254 bacasve
915 1212 1117 1254 arborum
1149 1227 1244 1254 cum
1276 1213 1465 1254 utilitate
1491 1213 1583 1254 ulla

244 1272 393 1328 generi
429 1272 617 1312 humano
656 1271 860 1325 dedisset,
897 1271 982 1312 nisi
1016 1286 1162 1312 earum
1194 1272 1333 1313 cultus
1367 1274 1410 1312 et
1441 1271 1582 1313 condi·
1603 1283 1636 1308 20

241 1331 382 1372 tiones
430 1330 696 1384 tradidisset,
741 1329 972 1371 materiave
1011 1331 1236 1384 quicquam
1273 1331 1457 1385 iuvaret,
1499 1330 1584 1371 nisi

245 1389 528 1432 consectionis
568 1389 656 1430 eius
688 1388 899 1430 fabricam
936 1388 1209 1442 haberemus,
1249 1389 1308 1430 sic
1339 1404 1435 1430 cum
1467 1389 1584 1430 omni

243 1448 447 1502 utilitate,
480 1462 609 1502 quam
635 1447 677 1488 di
701 1447 947 1489 hominibus
974 1447 1191 1502 dederunt,
1223 1462 1292 1489 ars
1319 1447 1464 1502 aliqua
1489 1462 1584 1489 con-

243 1507 389 1548 iuncta
421 1508 499 1561 est,
530 1520 606 1561 per
639 1521 767 1560 quam
792 1506 870 1547 illa
895 1506 1062 1547 utilitas
1087 1506 1249 1561 percipi
1274 1506 1424 1561 possit.
1472 1505 1583 1547 Item

242 1566 378 1621 igitur
417 1565 613 1619 somniis,
656 1564 1055 1620 vaticinationibus,
1099 1565 1272 1619 oraclis,
1311 1565 1423 1619 quod
1461 1568 1583 1606 erant
1603 1575 1639 1601 25

243 1625 381 1666 multa
413 1625 616 1678 obscura,
649 1624 787 1665 multa
819 1623 1033 1679 ambigua,
1066 1623 1388 1679 explanationes
1422 1623 1583 1665 adhibi-

242 1686 312 1725 tae
345 1686 445 1724 sunt
476 1683 773 1737 interpretum.

176 1750 241 1781 117
334 1741 426 1790 Quo
458 1742 584 1783 modo
618 1744 761 1783 autem
793 1743 868 1783 aut
898 1743 1018 1783 vates
1051 1743 1125 1783 aut
1157 1741 1418 1783 somniantes
1450 1755 1500 1783 ea
1524 1741 1584 1782 vi-

244 1801 384 1855 deant,
417 1815 525 1855 quae
552 1815 765 1854 nusquam
792 1800 922 1841 etiam
947 1802 1049 1842 tunc
1075 1800 1172 1854 sint,
1205 1814 1362 1855 magna
1388 1800 1582 1855 quaestio

244 1862 320 1901 est.
383 1857 465 1900 Sed
507 1859 731 1914 explorata
772 1859 808 1900 si
840 1859 927 1900 sint
959 1873 1026 1913 ea,
1068 1873 1175 1913 quae
1207 1861 1306 1899 ante
1339 1859 1486 1913 quaeri
1517 1859 1583 1899 de·
1602 1870 1637 1895 30

243 1919 388 1973 beant,
420 1918 506 1959 sint
536 1918 653 1972 haec,
687 1932 793 1972 quae
827 1917 1081 1972 quaerimus,
1111 1917 1319 1959 faciliora.
1380 1916 1583 1959 Continet

246 1977 359 2018 enim
397 1979 536 2018 totam
572 1976 683 2018 hanc
722 1976 1015 2031 quaestionem
1048 1990 1097 2017 ea
1127 1975 1258 2031 ratio,
1296 1990 1404 2030 quae
1437 1978 1501 2017 est
1534 1975 1584 2017 de

243 2038 400 2077 natura
432 2035 620 2090 deorum,
652 2050 760 2089 quae
792 2050 817 2077 a
847 2037 891 2076 te
923 2034 1105 2076 secundo
1138 2035 1250 2076 libro
1280 2037 1346 2076 est
1372 2035 1584 2089 explicata

244 2094 438 2136 dilucide.
491 2093 628 2142 Quam
661 2094 697 2135 si
730 2093 984 2147 obtinemus,
1017 2093 1151 2134 stabit
1182 2093 1302 2147 illud,
1335 2093 1448 2147 quod
1472 2092 1585 2134 hunc

244 2153 385 2195 locum
418 2152 625 2206 continet,
665 2153 714 2193 de
747 2167 830 2206 quo
864 2152 1050 2207 agimus,
1088 2166 1179 2193 esse
1212 2152 1331 2206 deOS,
1364 2154 1406 2193 et
1438 2166 1584 2193 eorum
1604 2162 1638 2188 35

244 2211 516 2266 providentia
554 2211 758 2252 mundum
797 2210 1106 2263 administrari,
1148 2211 1401 2264 eosdemque
1440 2224 1586 2252 consu—

245 2271 333 2312 lere
359 2270 486 2311 rebus
512 2269 725 2325 humanis,
755 2284 832 2311 nec
860 2269 999 2310 solum
1025 2269 1248 2323 universis,
1280 2283 1428 2311 verum
1455 2269 1586 2310 etiam
