1685 2568
408 37 570 74 LIB.11.
603 37 703 73 CAP.
730 42 878 73 44—47.
911 42 930 81 ξ
956 42 1044 73 93-
1051 42 1106 74 98.
1338 39 1420 81 231

177 134 314 183 Quid?
359 134 520 175 illudne
562 133 736 174 dubium
778 135 860 187 est,
903 133 1005 187 quin
1045 134 1187 189 multi,
1228 149 1323 176 cum
1360 123 1493 177 sta46

87 194 179 237 nati
223 195 382 247 essent,
425 194 474 234 ut
518 192 726 247 quaedam
764 194 913 233 contra
948 194 1149 233 naturam
1190 192 1423 247 depravata
1448 176 1492 207 96

87 252 306 305 haberent,
326 251 654 292 restituerentur
673 253 716 292 et
735 250 1052 305 corrigerentur
1072 251 1125 291 ab
1140 253 1307 305 natura,
1328 265 1423 293 cum

89 325 133 352 se
164 310 258 366 ipsa
289 312 544 362 revocasset,
576 311 651 350 aut
684 311 775 350 arte
808 311 936 363 atque
962 309 1199 350 medicina?
1231 312 1291 363 ut,
1324 323 1424 363 quo-

52 369 182 411 srum'
225 364 399 423 linguae
437 368 497 409 sic
537 368 826 421 inhaererent
869 369 917 409 ut
954 367 1073 422 loqui
1111 381 1198 409 non
1234 371 1424 422 possent,

87 442 161 470 eae
199 427 404 481 scalpello
442 429 630 468 lesectae
668 426 965 467 liberarentur.
1020 425 1148 467 Multi
1186 427 1316 468 etiam
1352 441 1423 468 na-

86 489 208 528 turae
245 485 398 526 vitium
437 485 715 526 meditatione
748 487 876 539 atque
908 484 1211 526 exercitatione
1242 485 1424 527 sustule-

85 547 204 599 runt,
246 546 295 585 ut
334 543 670 585 Demosthenem
709 543 858 585 scribit
896 542 1149 598 Phalereus,
1191 558 1286 585 cum
1328 555 1423 587 RHO

86 604 223 645 dicere
266 602 480 657 nequiret,
524 602 827 644 exercitatione
864 602 1032 656 fecisse,
1075 604 1124 643 ut
1160 602 1424 657 planissume

35 677 68 703 ιο
86 662 255 704 diceret.
311 660 470 709 Quodsi
507 660 612 702 haec
650 663 768 702 astro
806 661 1059 716 ingenerata
1097 663 1140 703 et
1170 661 1331 702 tradita
1364 676 1425 703 es-

86 723 192 775 sent,
222 720 344 761 nulla
374 734 442 761 res
475 734 524 761 ea
548 722 716 761 mutare
740 723 899 774 posset.
948 718 1086 768 Quid?
1119 719 1423 762 dissimilitudo

85 780 276 822 locorum
313 793 454 820 nonne
493 778 715 819 dissimilis
746 778 970 819 hominum
1000 779 1320 835 procreationes
1351 779 1424 820 ha-

84 838 186 880 bet?
219 852 324 892 quas
358 837 528 892 quidem
559 851 804 892 percurrere
837 837 1031 879 oratione
1060 836 1187 879 facile
1213 840 1290 892 est,
1323 837 1425 892 quid

83 897 195 938 inter
220 896 349 938 Indos
382 899 424 937 et
444 896 608 949 Persas,
640 895 878 950 Aethiopas
912 898 954 937 et
980 894 1110 950 Syros
1141 896 1311 938 differat
1336 911 1425 938 cor-

34 969 65 995 15
83 956 279 1012 poribus,
311 955 478 1009 animis,
510 957 557 996 ut
588 955 850 996 incredibilis
882 955 1069 996 varietas
1102 955 1424 997 dissimilitudo—

84 1029 165 1069 que
191 1014 259 1055 sit.
302 1014 368 1055 Ex
394 1028 477 1068 quo
504 1013 772 1068 intellegitur
796 1014 893 1068 plus
920 1016 1133 1054 terrarum
1159 1014 1268 1055 situs
1295 1029 1424 1068 quam
1449 1024 1493 1058 97

83 1074 209 1115 lunae
246 1075 388 1114 tactus
427 1072 480 1113 ad
511 1072 770 1113 nascendum
801 1072 956 1113 valere.
1012 1071 1125 1113 Nam
1158 1073 1270 1127 quod
1303 1073 1425 1114 aiunt

85 1132 400 1187 quadringenta
445 1131 723 1186 septuaginta
766 1130 886 1172 milia
930 1145 1140 1172 annorum
1177 1131 1222 1177 in
1258 1132 1463 1186 pericli-

83 1191 226 1232 tandis
267 1190 622 1244 experiundisque
659 1189 820 1244 pueris,
859 1189 1113 1244 quicumque
1147 1193 1290 1231 essent
1319 1191 1424 1245 nati,

31 1263 65 1289 20
82 1249 347 1304 Babylonios
379 1248 585 1303 posuisse,
616 1247 793 1302 fallunt3
825 1248 862 1289 si
888 1248 1000 1289 enim
1027 1250 1140 1289 esset
1164 1248 1423 1303 factitatum,

82 1323 169 1351 non
205 1310 319 1349 esset
358 1307 561 1361 desitum3
603 1307 816 1348 neminem
855 1309 998 1348 autem
1034 1307 1243 1349 habemus
1281 1311 1423 1349 aucto·

82 1382 185 1421 rem,
218 1367 289 1421 qui
320 1366 364 1407 id
396 1368 470 1407 aut
500 1366 593 1406 fieri
626 1366 739 1407 dicat
771 1368 845 1407 aut
875 1366 1039 1407 factum
1071 1366 1191 1407 sciat.
1234 1365 1421 1408 Videsne
1436 1370 1491 1411 47

82 1441 150 1468 me
180 1441 267 1467 non
299 1440 348 1466 ea
380 1425 529 1478 dicere,
562 1439 670 1479 quae
697 1423 949 1479 Carneades,
981 1424 1056 1466 sed
1082 1439 1142 1479 ea,
1175 1439 1283 1480 quae
1308 1426 1423 1480 prin-

83 1499 180 1540 ceps
214 1483 456 1526 Stoicorum
486 1483 718 1525 Panaetius
755 1484 938 1525 dixerit?
987 1483 1082 1539 Ego
1115 1486 1259 1526 autem
1292 1484 1422 1526 etiam

31 1556 65 1583 25
82 1544 187 1586 haec
213 1543 400 1597 requiro:
433 1557 647 1597 omnesne,
680 1542 752 1596 qui
773 1541 985 1584 Cannensi
1011 1556 1157 1598 pugna
1183 1543 1423 1597 ceciderint,

82 1617 166 1644 uno
211 1605 328 1644 astro
371 1601 550 1656 fuerint3
594 1601 730 1643 exitus
776 1601 945 1655 quidem
990 1601 1179 1643 omnium
1226 1616 1335 1643 unus
1380 1604 1423 1643 et

82 1662 194 1704 idem
224 1661 320 1702 fuit.
371 1659 508 1709 Quid?
542 1661 614 1715 qui
642 1660 814 1716 ingenio
841 1663 970 1714 atque
997 1660 1140 1702 animo
1168 1660 1424 1716 singulares,

81 1735 185 1762 num
218 1723 335 1762 astro
369 1734 536 1774 quoque
568 1720 681 1760 uno?
715 1719 828 1774 quod
860 1719 972 1760 enim
1004 1721 1188 1774 tempus,
1221 1734 1304 1774 quo
1335 1734 1423 1762 non

81 1779 417 1822 innumerabiles
455 1778 717 1820 nascantur?
760 1780 804 1819 at
841 1780 955 1820 certe
993 1778 1146 1819 similis
1177 1793 1303 1820 nemo
1335 1778 1422 1820 Ho-

32 1850 65 1877 30
82 1838 200 1880 meri.
249 1838 319 1891 Et,
352 1837 387 1878 si
420 1837 473 1878 ad
498 1852 589 1878 rem
614 1837 812 1892 pertinet,
844 1852 927 1891 quo
953 1837 1080 1878 modo
1107 1837 1226 1879 caelo
1254 1837 1420 1880 adfecto
1448 1845 1491 1878 98

83 1897 402 1952 conpositisque
429 1896 639 1937 sideribus
666 1896 861 1950 quodque
888 1896 1048 1937 animal
1074 1896 1249 1951 oriatur,
1278 1896 1422 1938 valeat

82 1956 126 1997 id
156 1970 327 1998 necesse
360 1958 425 1996 est
455 1970 542 1997 non
572 1955 617 1996 in
647 1954 893 1996 hominibus
926 1955 1078 2010 solum,
1109 1970 1258 1996 verum
1283 1955 1328 1996 in
1352 1955 1422 1997 be-

83 2015 178 2056 stiis
217 2015 364 2068 etiam,
404 2028 486 2069 quo
527 2013 628 2068 quid
663 2016 808 2068 potest
840 2013 921 2055 dici
954 2013 1209 2056 absurdius?
1253 2013 1300 2056 L.
1333 2014 1422 2069 qui-

84 2073 178 2115 dem
210 2073 411 2114 Tarutius
443 2072 688 2126 Firmanus,
723 2072 950 2114 familiaris
987 2075 1152 2126 noster,
1188 2072 1232 2114 in
1269 2073 1420 2128 primis

32 2142 65 2170 55
85 2131 328 2175 Chaldaicis
372 2132 612 2174 rationibus
656 2131 867 2186 eruditus,
911 2131 1029 2173 urbis
1074 2132 1204 2173 etiam
1246 2134 1420 2173 nostrae

82 2191 274 2233 natalem
306 2191 417 2233 diem
448 2191 672 2245 repetebat
705 2190 758 2231 ab
789 2190 842 2231 iis
873 2190 1107 2245 Parilibus,
1140 2190 1293 2245 quibus
1326 2204 1420 2231 eam

84 2265 110 2292 a
140 2249 325 2291 Romulo
363 2250 578 2291 conditam
618 2249 875 2303 accepimus,
912 2249 1197 2304 Romamque,
1234 2248 1279 2290 in
1317 2248 1419 2301 iugo
