1685 2568
208 92 326 128 XXIV
619 93 899 129 ADNOTATIO
927 93 1124 129 CRITICA.

210 187 248 220 et
278 187 408 231 quibus
440 189 511 230 (32)
543 189 584 222 in
607 189 712 223 rebus
736 189 794 223 est
821 188 872 222 ‘in
898 187 1094 232 gewissen,
1125 187 1164 223 in
1194 188 1358 222 welchen
1383 187 1539 231 F‘allen',

208 234 274 267 illa
293 235 332 267 et
355 235 449 269 illud
471 234 582 278 ‘jene’
605 236 643 269 et
663 236 779 279 ‘jenes
805 235 1003 269 Resultat’.
1025 256 1068 260 —-
1094 234 1134 269 P.
1155 239 1233 270 269.
1255 240 1275 269 5
1301 247 1372 280 qua
1389 236 1542 270 declinet

209 284 347 315 atomus
371 280 523 316 Davisio
550 283 698 316 auctore
725 281 859 316 Baiter.
887 302 930 306 —
955 281 995 315 P.
1022 286 1100 316 270.
1128 286 1148 316 2
1173 293 1327 326 quonam
1350 283 1414 316 hoc
1438 283 1541 317 modo

209 326 279 361 del.
307 339 340 361 v.
367 332 388 362 4
412 329 476 362 hoc
501 329 603 363 modo
627 328 760 371 Hertz„
787 328 879 362 Bait.
907 349 950 353 -
982 328 1023 362 P.
1050 332 1128 363 270.
1155 333 1174 363 6
1191 340 1268 372 sqq.
1307 328 1428 363 Verba
1458 328 1541 373 ipsa

208 384 281 408 non
319 385 398 408 esse
431 374 614 409 Ciceronis
651 376 814 419 apparet.
848 395 890 400 —
922 374 963 409 P.
996 379 1074 410 270.
1107 379 1128 409 8
1165 377 1228 410 sic
1263 376 1430 410 variatur
1465 376 1541 421 [ita

208 421 347 466 tamen]
373 420 516 464 Christ„
542 421 635 455 Bait.
662 442 704 446 —
730 421 770 455 P.
796 425 874 456 270.
901 425 944 455 31
977 422 1016 455 et
1039 425 1083 456 36
1114 433 1279 466 acupcns.
1312 432 1378 456 scr.
1411 423 1457 465 (v.
1490 422 1541 456 ad

208 467 266 501 fin.
293 479 328 512 p.
357 473 433 502 132.
463 470 530 513 15),
556 469 668 512 accip.
697 468 801 502 codd.
829 468 866 502 et
891 467 972 502 edd.
994 488 1037 493 —
1065 467 1215 502 Sextum
1240 468 1369 512 fragm.
1396 468 1541 502 addidit

210 513 346 548 Baiter.
373 525 392 549 e
417 514 512 549 Non.
539 519 593 549 35.
621 520 653 558 5,
679 515 743 549 ubi
770 514 954 549 Ciceronis
987 525 1032 548 ex
1060 514 1131 550 hoc
1161 515 1256 550 libro
1288 515 1401 549 verba
1430 515 1540 550 inter-

209 560 342 595 cidisse
367 563 466 596 recte
492 561 624 596 statuit
648 561 761 596 etiam
788 560 995 602 Quicherat.

302 607 355 642 De
384 608 538 642 codice
564 608 863 653 palimpsesto
890 608 1109 643 librorum
1134 608 1185 643 de
1210 619 1254 643 re
1279 608 1464 654 publica
1487 608 1543 642 ita

209 654 420 699 discrepant
444 655 580 689 iudicia
599 655 758 690 virorum
779 655 985 698 doctorum,
1012 656 1068 699 ut,
1095 656 1178 689 utra
1196 666 1325 689 manus
1351 655 1401 690 sit
1424 654 1540 700 pluris

208 700 393 745 facienda,
420 702 650 736 dissentiant.
700 702 887 736 Halmium
917 702 1066 746 quidem
1098 713 1141 736 ac
1166 701 1354 737 Baiterum
1386 702 1431 737 de
1463 713 1540 737 cor-

208 748 361 783 recton‘s
393 749 616 784 auctoritate
648 748 803 783 nimium
833 749 1033 784 detraxisse
1066 760 1146 783 cum
1177 748 1243 783 alii
1274 749 1540 792 iudicaverunt,

208 796 288 829 tum
313 795 513 840 diligenter
531 796 801 831 demonstrasse
821 795 913 830 mihi
932 795 1078 830 videtur
1096 796 1137 830 A
1166 795 1362 830 StrelitZ.
1393 795 1453 829 ‘de
1479 807 1541 830 an-

208 842 311 886 tiquo
333 841 406 877 Cic.
429 843 473 877 de
493 854 532 877 re
558 842 658 887 publ.
679 843 855 877 libiorum
876 843 1123 877 emendatore’
1153 842 1238 877 diss.
1260 842 1410 877 Vratisl.
1440 846 1540 877 1873.

208 889 287 933 Ego
308 890 488 924 vetustati
508 889 645 924 codicis
666 890 758 924 adeo
783 889 878 924 nihil
902 889 1041 933 tribuo,
1067 891 1110 923 ut
1127 889 1189 924 vel
1212 889 1252 923 in
1277 889 1543 934 orthographia

208 936 380 971 inmerito
422 947 595 981 magnam
639 936 674 970 ei
710 936 821 971 fidem
857 936 985 970 haberi
1023 936 1141 972 solere
1179 947 1357 971 censeam.
1412 937 1541 980 Itaque

207 994 275 1017 nec
306 983 506 1026 Halmium,
543 983 575 1017 si
610 983 755 1027 quando
787 983 893 1017 huius
925 983 1027 1017 modi
1064 982 1204 1018 formae
1241 983 1281 1017 in
1318 983 1445 1018 codice
1487 994 1542 1017 re-

207 1030 415 1074 periuntur:
441 1032 556 1075 adque
581 1031 620 1064 et
643 1032 772 1075 adqui,
804 1035 908 1076 aput,
935 1032 1043 1073 aliut,
1069 1035 1134 1073 set,
1160 1031 1265 1074 haut,
1290 1031 1373 1066 illut
1393 1032 1439 1075 (p.
1462 1034 1529 1064 280

208 1081 251 1111 32
281 1079 318 1111 et
336 1082 381 1112 34
407 1077 530 1122 script.
558 1078 614 1112 est
638 1079 815 1120 atdomos‚
841 1090 876 1122 p.
904 1081 981 1112 282.
1007 1082 1046 1112 19
1067 1078 1109 1112 cd
1135 1079 1251 1121 coir),
1277 1088 1380 1121 urps,
1407 1078 1542 1121 suptil„

208 1125 377 1167 scribtus,
403 1135 525 1168 accus,
557 1125 698 1170 neclcy„
723 1129 843 1167 sumt,
870 1125 936 1167 oti,
963 1125 1016 1159 ali
1041 1125 1080 1158 et
1103 1125 1174 1159 alis
1199 1125 1237 1158 et
1261 1123 1352 1167 sim,
1373 1126 1542 1169 positast,

208 1181 269 1205 eas
283 1171 570 1216 amplectentem
583 1172 729 1206 secutus
749 1182 828 1206 sum
847 1181 915 1205 nec
933 1170 1029 1204 infra
1047 1170 1177 1205 talium
1191 1170 1371 1205 rationem
1384 1170 1539 1205 reddidi.

301 1218 340 1252 P.
363 1222 441 1253 272.
466 1224 481 1252 1
507 1217 550 1252 G.
579 1218 657 1252 cod.
678 1228 752 1252 non
776 1229 858 1252 raro
885 1218 1050 1262 exemplo
1077 1220 1123 1261 (v.
1145 1217 1203 1251 vel
1229 1230 1264 1262 p.
1286 1222 1364 1252 374.
1388 1223 1441 1260 14,
1462 1222 1540 1252 540.

208 1269 263 1307 21,
285 1269 362 1300 544.
385 1268 439 1307 28,
461 1268 538 1299 66⁶2.
559 1269 592 1308 2,
613 1268 691 1300 648.
714 1269 744 1307 7,
765 1269 843 1299 653.
865 1269 919 1307 20,
941 1269 1019 1299 661.
1045 1269 1096 1307 14,
1118 1269 1194 1299 730.
1217 1269 1260 1298 34
1281 1264 1336 1299 ed.
1358 1264 1416 1299 Or.
1437 1264 1484 1308 ΙΙ)
1504 1265 1543 1298 et

207 1311 328 1345 Halm.
350 1333 393 1337 -
412 1311 452 1346 P.
473 1316 551 1346 272.
575 1316 615 1346 12
635 1323 744 1356 quum
763 1311 883 1345 Halm.
904 1311 964 1344 hic
985 1312 1021 1345 et
1041 1323 1074 1356 p.
1097 1314 1175 1346 288.
1196 1316 1228 1354 2,
1248 1323 1352 1356 quom
1371 1311 1485 1345 semel
1504 1323 1541 1355 p.

208 1363 286 1393 342.
310 1363 362 1393 16.
384 1379 427 1384 —
447 1358 487 1392 Ρ.
508 1363 586 1393 272.
603 1363 645 1394 16
661 1370 712 1402 sq.
733 1369 883 1403 quorum
901 1359 1038 1403 sinyulz·
1052 1379 1095 1383 —
1114 1360 1284 1393 *memoria
1302 1369 1376 1392 non
1395 1357 1543 1392 videtur

208 1406 319 1449 plena
337 1406 401 1439 aut
419 1405 613 1440 emendata
633 1405 761 1439 oratio.
783 1425 826 1431 -
852 1404 891 1439 P.
913 1409 990 1439 273.
1014 1410 1056 1440 16
1082 1406 1187 1440 discr.
1224 1404 1371 1438 Halmio
1392 1407 1541 1439 auctore

209 1452 319 1495 Bait.;
347 1464 379 1486 v.
401 1453 448 1486 ad
468 1464 503 1497 p.
526 1456 579 1487 13.
603 1456 656 1487 14.
683 1472 727 1478 ——
751 1451 791 1486 P.
816 1456 894 1486 273.
915 1455 958 1486 37
985 1453 1059 1487 sint
1084 1452 1176 1494 cod,
1201 1456 1286 1486 sunt
1311 1451 1383 1495 all„
1408 1450 1542 1494 Halm,

208 1499 321 1542 Bait.;
354 1511 387 1533 v.
421 1499 468 1533 ad
499 1511 533 1544 p.
567 1503 621 1533 20.
653 1502 698 1534 20
730 1499 768 1533 et
797 1499 844 1533 ad
875 1498 988 1533 Acad.
1020 1510 1056 1543 p.
1090 1503 1144 1533 71.
1171 1503 1226 1533 21.
1275 1498 1355 1532 Hoc
1380 1498 1542 1533 voluisse

209 1546 355 1580 videtur
376 1545 518 1580 Cicero:
543 1545 748 1590 ‘Principes
768 1545 951 1589 homines,
973 1556 1063 1589 quos
1082 1546 1218 1579 multos
1237 1545 1417 1589 novimus,
1438 1556 1541 1589 prae-

209 1593 378 1627 ferendos
406 1593 499 1627 duco
525 1592 705 1627 eiusmodi
730 1592 956 1635 hominibus,
989 1592 1051 1636 qui
1077 1593 1243 1636 expertes
1269 1592 1368 1626 sint.'
1422 1591 1542 1626 Simil-

210 1640 299 1674 lima
318 1639 567 1674 inconstantia
585 1640 778 1674 modorum
797 1651 831 1684 p.
847 1643 925 1674 410.
941 1643 1014 1681 36.;
1036 1638 1080 1673 cf.
1096 1639 1143 1673 ad
1156 1639 1260 1673 Tusc.
1281 1651 1316 1684 p.
1332 1642 1410 1674 283.
1426 1642 1480 1673 28.
1495 1659 1542 1664 —-

209 1688 247 1721 P.
269 1691 347 1722 274.
369 1692 412 1721 37
433 1688 727 1732 principumque
752 1687 875 1721 caedes
900 1697 978 1729 scr.‚
1005 1685 1082 1720 sine
1101 1698 1167 1730 quc
1186 1686 1292 1728 Bait,
1314 1686 1542 1731 [principum

209 1734 351 1779 caedes]
369 1733 512 1777 Moser„
532 1734 651 1768 Halm
657 1734 844 1778 mprincip
866 1734 1002 1775 caedes,
1030 1734 1198 1768 bellorum
1216 1734 1407 1768 multorum
1426 1737 1542 1777 pestes

209 1781 354 1824 Osann„
374 1782 429 1816 vel
442 1783 563 1826 princ.
586 1782 708 1816 caedes
726 1779 876 1824 Maelily
897 1780 1034 1814 Ztschr.
1055 1779 1079 1813 f.
1099 1780 1133 1814 d.
1155 1779 1196 1814 G.
1216 1779 1275 1814 W.
1298 1784 1384 1814 1867
1405 1791 1440 1824 p.
1462 1783 1539 1821 807

203 1830 363 1873 poiizcz'p
385 1829 521 1871 caedes,
543 1829 697 1863 aliorum
716 1829 907 1862 multorum
920 1831 1035 1871 pestes
1054 1826 1210 1861 Uilichs.
1243 1826 1316 1861 Eos
1335 1827 1351 1860 Ι
1370 1838 1404 1870 p.
1426 1830 1480 1861 64.
1496 1847 1539 1851 -—

208 1875 248 1909 P.
271 1880 347 1910 275.
374 1878 395 1910 8
420 1877 632 1910 iuravzssem
656 1885 752 1908 man.
777 1879 809 1918 2,
835 1876 1008 1909 iurassent
1033 1885 1079 1908 m.
1102 1879 1133 1916 1,
1159 1873 1290 1916 Halm.
1317 1873 1409 1907 Bait.
1435 1894 1474 1898 —
1499 1872 1540 1908 P.

209 1927 287 1957 276
315 1926 334 1956 9
361 1927 544 1966 eoeceptaie
570 1922 614 1955 de
640 1921 781 1956 Halmii
806 1921 898 1955 coni.
927 1920 1019 1954 Bait.
1041 1941 1083 1946 —
1109 1902 1149 1955 P.
1176 1925 1254 1955 276.
1283 1923 1324 1954 18
1344 1932 1410 1964 pos
1399 1925 1475 1954 :eet
1493 1932 1539 1954 m.

213 1975 241 2012 l,
267 1969 404 2011 Halm.;
439 1968 483 2003 cf.
516 1981 551 2013 p.
584 1973 662 2003 279.
695 1973 727 2003 3.
755 1989 797 1993 —
829 1967 868 2002 P.
896 1972 974 2002 277.
1002 1972 1045 2002 37
1071 1967 1250 2013 Zmyrnae
1275 1979 1321 2001 m.
1352 1973 1380 2008 1,
1407 1967 1540 2010 Halm„

210 2015 303 2050 Bait.
331 2037 373 2041 —
399 2015 440 2050 P.
467 2020 545 2050 278.
573 2020 593 2050 3
623 2027 742 2050 rerum
767 2016 1001 2060 publicarum
1033 2014 1125 2049 coni.
1153 2013 1246 2048 Bait.
1280 2015 1318 2048 et
1342 2013 1491 2057 Maehly
1516 2014 1540 2048 1.

208 2063 244 2105 1.,
274 2062 402 2096 malim
431 2075 551 2097 rerum
581 2064 750 2097 civilium.
784 2082 827 2087 —
865 2062 916 2096 lb.
948 2066 999 2097 cst
1022 2066 1210 2106 praetcrm.
1244 2060 1349 2104 Bait,
1382 2065 1541 2105 praeter-

207 2111 387 2145 missumst
407 2109 499 2143 coni.
523 2109 652 2152 Halm,
673 2113 862 2153 praetorve.
878 2113 969 2152 puto
993 2110 1128 2142 recent.
1148 2119 1243 2142 man.
1265 2107 1356 2151 cod,
1380 2107 1475 2152 vulg.
1497 2128 1528 2133 —

208 2156 248 2191 P.
284 2160 361 2191 278.
389 2161 409 2191 5
448 2157 629 2192 Tuditano
660 2167 753 2191 cons.
785 2160 818 2191 et
847 2157 915 2199 Δρ.
949 2154 1040 2199 cod.,
1066 2154 1177 2198 vulg„
1207 2155 1296 2189 Twl.
1323 2159 1355 2189 ct
1379 2155 1446 2199 Aq.
1473 2165 1540 2189 cos.

210 2204 356 2247 Osann,
390 2203 484 2237 Bait.
511 2223 556 2229 —
587 2203 626 2236 P.
660 2208 738 2238 278.
768 2207 807 2237 11
841 2207 951 2247 oport.
984 2214 1017 2236 v.
1044 2201 1092 2236 ad
1122 2214 1157 2245 p.
1184 2206 1216 2236 9.
1243 2206 1298 2235 22.
1325 2221 1370 2227 -
1394 2201 1434 2235 Ρ.
1461 2205 1540 2236 278.

212 2256 252 2285 12
279 2255 328 2285 est
354 2261 424 2284 om.
451 2262 496 2284 m.
526 2255 556 2293 1,
582 2250 700 2283 Halm.
729 2270 771 2274 —
803 2248 842 2283 P.
871 2254 948 2283 278.
978 2253 1020 2283 16
1047 2249 1084 2283 et
1108 2253 1186 2282 323.
1214 2252 1235 2282 8
1266 2252 1422 2283 nanctus
1445 2248 1540 2282 Bait.

210 2319 252 2323 ——
278 2297 318 2331 P.
351 2301 430 2332 278.
465 2302 505 2331 17
538 2296 590 2332 At
618 2308 698 2331 ‘cero
722 2308 769 2330 m.
797 2300 828 2338 2,
861 2295 1045 2330 Steinack.
1073 2294 1243 2338 <Sti-elim.
1269 2307 1305 2340 p.
1332 2297 1401 2339 33),
1427 2295 1478 2330 At
1501 2299 1543 2330 ut
