1685 2568
253 108 340 149 382
776 107 840 142 DE
864 107 1068 143 LEGIBUS

254 218 306 245 ex
341 203 436 259 ipso
473 205 621 259 poeta,
658 203 777 245 tuine
816 217 965 245 versus
1002 203 1112 244 hanc
1151 216 1352 257 quercum
1390 202 1590 257 severint,

254 277 310 304 an
333 262 396 303 ita
420 262 583 304 factum
609 262 659 303 de
684 261 835 315 Mario,
865 264 915 303 ut
941 261 1104 315 scribis,
1136 261 1360 316 acceperis.
1407 262 1589 305 MARCUS.

253 320 538 376 Respondebo
579 320 661 362 tibi
701 320 914 375 equidem,
954 320 1028 361 sed
1064 334 1151 361 non
1188 322 1287 361 ante
1325 335 1453 374 quam
1483 319 1591 361 mihi

253 382 303 421 tu
339 380 432 434 ipse
468 379 757 433 responderis,
795 379 958 433 Attice,
997 380 1141 421 certen
1170 392 1257 420 non
1287 378 1417 434 longe
1448 393 1473 420 a
1503 378 1589 419 tuis

255 438 431 480 aedibus
480 438 754 479 inambulans
802 439 904 492 post
952 451 1170 479 excessum
1213 452 1337 479 suum
1380 437 1590 479 Romulus
1627 448 1643 474 5

253 497 437 538 Proculo
468 495 580 538 Iulio
619 495 774 537 dixerit
811 511 855 538 se
894 495 1017 537 deum
1056 510 1148 538 esse
1185 498 1229 537 et
1260 495 1485 545 Quirinum
1520 510 1591 538 vo-

255 555 344 597 cari
379 555 675 610 templumque
714 554 797 596 sibi
828 554 1014 596 dedicari
1043 555 1089 596 in
1119 569 1168 596 eo
1200 555 1294 597 loco
1326 555 1517 609 iusserit,
1549 556 1592 596 εὴ
1664 601 1669 609 μ,

254 627 459 656 verumne
502 613 577 667 sit,
619 617 667 654 ut
694 612 879 654 Athenis
921 628 1009 656 non
1045 614 1174 670 longe
1209 613 1315 654 item
1354 629 1379 655 a
1408 616 1485 655 tua
1514 613 1593 654 illa
1665 610 1668 647 ἒ

255 672 434 727 antiqua
470 673 596 714 domo
629 671 872 726 Orithyiam
904 672 1063 727 Aquilo
1103 672 1344 726 sustulerit3
1382 672 1443 714 sic
1480 672 1592 713 enim

211 741 230 770 4
257 733 324 773 est
369 730 590 772 traditum.
656 731 757 773 ATT.
801 730 1014 780 Quorsum
1058 731 1230 773 tandem
1274 734 1349 772 aut
1391 746 1466 773 cur
1507 731 1593 772 ista
1613 743 1667 775 10¹

256 790 455 845 quaeris?
510 789 574 831 M
605 788 727 831 Nihil
760 803 880 844 sane,
914 790 999 831 nisi
1028 805 1082 832 ne
1113 790 1241 831 nimis
1274 789 1503 846 diligenter
1532 789 1594 831 in-

256 849 401 904 quiras
433 848 479 889 in
511 863 577 902 ea,
613 863 720 902 quae
751 848 838 890 isto
869 849 996 890 modo
1028 849 1260 890 memoriae
1292 849 1379 890 sint
1408 848 1592 904 prodita.

254 909 356 950 ATT.
390 907 527 962 Atqui
552 908 692 949 multa
717 909 980 961 quaeruntur
1004 907 1050 949 in
1068 907 1205 949 Mario
1231 907 1386 949 fictane
1413 922 1468 949 an
1492 922 1594 949 vera

257 967 362 1020 sint,
394 968 438 1007 et
469 981 495 1008 a
524 980 613 1008 non
641 966 791 1021 nullis,
829 966 942 1021 quod
973 968 1017 1008 et
1046 966 1092 1008 in
1121 966 1283 1008 recenti
1315 966 1521 1008 memoria
1551 968 1594 1007 et

255 1026 301 1067 in
332 1025 535 1080 Arpinati
571 1024 745 1066 homine
783 1039 971 1079 versere,
1008 1025 1167 1067 veritas
1206 1040 1232 1067 a
1261 1028 1305 1067 te
1335 1025 1593 1081 postulatur.
1614 1038 1647 1063 15

255 1085 318 1126 M
356 1084 415 1125 Et
452 1084 694 1125 mehercule
731 1098 811 1140 ego
850 1099 917 1125 me
955 1084 1078 1139 cupio
1115 1099 1203 1126 non
1239 1084 1484 1126 mendacem
1522 1099 1596 1139 pu·

256 1143 360 1197 tari,
403 1143 478 1184 sed
514 1145 661 1184 tamen
697 1158 785 1184 non
820 1143 931 1184 nulli
967 1143 1060 1197 isti,
1104 1142 1200 1184 Tite
1230 1145 1395 1197 noster,
1432 1143 1596 1185 faciunt

257 1202 468 1257 imperite,
500 1202 573 1256 qui
603 1201 649 1242 in
679 1202 765 1243 isto
796 1202 986 1257 periculo
1018 1216 1105 1243 non
1135 1204 1184 1242 ut
1215 1217 1241 1244 a
1270 1204 1410 1257 po'e'ta,
1443 1202 1517 1243 sed
1546 1203 1595 1242 ut

258 1276 283 1302 a
313 1263 425 1302 teste
456 1261 685 1302 veritatem
718 1261 911 1316 exigant,
948 1275 1026 1302 nec
1058 1261 1226 1315 dubito,
1258 1261 1361 1315 quin
1391 1260 1521 1302 iidem
1553 1262 1596 1301 et

257 1335 354 1361 cum
389 1319 551 1375 Egeria
593 1320 865 1361 conlocutum
902 1319 1091 1361 Numam
1134 1322 1177 1361 et
1220 1320 1274 1360 ab
1312 1319 1458 1374 aquila
1494 1319 1595 1360 Tar·
1615 1331 1649 1357 20

212 1387 231 1417 ὅ
259 1378 405 1433 quinio
438 1378 602 1433 apicem
633 1378 871 1433 inpositum
895 1381 1060 1433 putent.
1111 1378 1156 1430 Q.
1187 1377 1400 1433 Intellego
1426 1381 1481 1433 te,
1511 1378 1596 1419 fra-

257 1440 341 1491 ter,
379 1437 487 1478 alias
518 1437 563 1478 in
594 1437 779 1478 historia
809 1438 927 1493 leges
960 1437 1248 1479 observandas
1280 1440 1450 1492 putare,
1488 1437 1596 1478 alias

258 1497 303 1537 in
333 1498 545 1551 poemate.
592 1496 656 1538 M
689 1495 866 1551 Quippe,
898 1511 1027 1551 quom
1057 1496 1104 1538 in
1133 1496 1211 1537 illa
1242 1497 1381 1538 omnia
1412 1496 1466 1537 ad
1491 1496 1596 1536 veri-

258 1557 412 1609 tatem,
455 1553 632 1609 Quinte,
674 1555 932 1610 referantur,
973 1555 1019 1596 in
1060 1555 1142 1597 1100
1180 1555 1233 1596 ad
1271 1554 1596 1597 delectationem

257 1614 484 1668 pleraque3
534 1628 794 1669 quamquam
844 1616 887 1655 et
935 1613 1049 1669 apud
1090 1613 1380 1668 Herodotum,
1427 1616 1596 1669 patrem
1615 1623 1650 1651 25

258 1673 485 1727 historiae,
528 1675 571 1714 et
609 1673 723 1728 apud
760 1672 1086 1728 Theopompum
1126 1675 1227 1714 sunt
1262 1672 1596 1714 innumerabiles

256 1731 441 1773 fabulae.

206 1790 232 1830 2
345 1791 446 1833 Am
466 1789 622 1845 Teneo,
647 1805 776 1845 quam
796 1791 1012 1845 optabam,
1033 1790 1300 1832 occasionem
1318 1804 1455 1844 neque
1475 1789 1599 1832 omit·

258 1852 360 1890 tam.
409 1850 473 1891 M
505 1849 643 1898 Quam
680 1849 872 1903 tandem,
909 1849 1034 1890 Tite?
1084 1849 1184 1891 ATT.
1215 1848 1468 1890 Postulatur
1498 1863 1524 1890 a
1555 1851 1598 1889 te

257 1908 345 1949 iam
383 1907 455 1949 diu
491 1909 561 1949 vel
598 1908 821 1964 flagitatur
850 1908 995 1963 potius
1027 1907 1222 1950 historia.
1281 1906 1349 1949 Sic
1381 1907 1495 1949 enim
1525 1922 1598 1962 pu·
1616 1918 1651 1945 3ο

258 1969 373 2020 tant,
404 1968 448 2008 te
479 1967 603 2008 illam
633 1969 848 2009 tractante
881 1966 991 2009 effici
1022 1981 1168 2022 posse,
1199 1968 1248 2007 ut
1278 1966 1323 2007 in
1354 1966 1436 2008 hoc
1467 1966 1599 2008 etiam

260 2039 414 2081 genere
440 2024 645 2067 Graeciae
670 2026 779 2067 nihil
806 2026 1016 2067 cedamus.
1065 2026 1210 2080 Atque
1235 2028 1284 2066 ut
1310 2025 1471 2080 audias,
1498 2025 1599 2079 quid

259 2098 339 2139 ego
371 2084 464 2139 ipse
497 2084 692 2137 sentiam,
722 2099 810 2126 non
842 2085 982 2126 solum
1012 2084 1120 2125 mihi
1150 2084 1307 2125 videris
1341 2099 1487 2126 eorum
1514 2086 1599 2124 stu-

260 2143 358 2197 diis,
399 2142 473 2197 qui
512 2143 599 2184 tuis
638 2143 797 2184 litteris
841 2144 1124 2197 delectantur,
1166 2143 1239 2184 sed
1271 2142 1402 2184 etiam
1432 2142 1599 2198 patriae

259 2201 412 2243 debere
443 2201 525 2244 hoc
556 2216 729 2256 munus,
762 2204 810 2243 ut
842 2216 909 2256 ea,
941 2217 1050 2256 quae
1081 2202 1203 2243 salva
1233 2216 1309 2256 per
1340 2203 1383 2242 te
1416 2203 1493 2255 est,
1525 2216 1600 2256 per
1619 2209 1653 2238 35

257 2262 301 2301 te
344 2260 523 2302 eundem
565 2260 623 2302 sit
664 2263 827 2302 ornata.
889 2261 1027 2302 Abest
1068 2260 1181 2302 enim
1221 2260 1405 2302 historia
1441 2259 1599 2301 litteris

257 2319 438 2374 nostris,
474 2321 524 2361 ut
555 2321 599 2361 et
629 2319 721 2375 ipse
752 2319 960 2375 intellego
994 2321 1037 2361 01
1069 2334 1119 2361 ex
1150 2322 1193 2360 te
1224 2333 1429 2374 persaepe
1462 2318 1600 2360 audio.

1666 567 1668 575 ,
1665 535 1669 554 .-
1661 231 1671 505 mmmmm-‚md
1644 0 1672 215 Mat—fl
