1685 2568
235 148 321 188 294
705 145 769 180 DE
796 145 859 179 RE
885 144 1091 180 PUBLICA

232 262 267 295 p.
297 244 379 295 170]
413 240 659 298 vincullum,
695 242 762 283 ius
801 244 945 283 autem
984 241 1094 297 legis
1133 241 1328 295 aequale,
1366 255 1449 295 quo
1480 241 1572 283 iure

233 301 415 343 societas
457 301 612 343 civium
652 300 790 342 teneri
826 302 989 355 potest,
1030 314 1126 341 cum
1163 314 1241 354 par
1271 314 1358 341 non
1389 300 1447 341 sit
1477 314 1574 342 6011-

233 360 342 402 (11610
380 359 565 401 civium?
616 358 661 400 Si
699 359 812 400 enim
850 358 1052 414 pecunias
1091 358 1266 412 aequari
1301 372 1389 399 non
1420 358 1573 413 placet,

234 419 271 460 si
300 418 476 474 ingenia
506 418 697 460 omnium
729 417 853 472 paria
885 431 977 458 esse
1001 431 1089 458 non
1113 418 1309 472 possunt,
1339 416 1435 458 iura
1460 420 1574 458 certe

233 478 356 532 paria
393 477 550 518 debent
588 491 680 518 esse
718 490 865 518 eorum
902 476 1016 516 inter
1048 489 1111 529 se,
1150 475 1223 530 qui
1255 477 1356 516 sunt
1386 475 1498 517 cives
1529 476 1576 517 in
1611 486 1628 512 5

234 536 382 577 eadem
422 549 468 577 re
507 535 691 591 publica.
754 533 864 583 Quid
904 537 970 575 est
1010 534 1123 575 enim
1161 533 1313 577 civitas
1350 533 1434 583 nisi
1469 534 1575 576 iuris

234 594 467 636 societas?.
488 627 496 636 .
518 628 526 635 .
546 627 555 635 .

518 687 837 740 [Desiderantur
860 687 1041 741 payinae
1071 687 1291 739 quattuor]

165 745 221 829 ἓξ)
235 789 269 822 p.
297 772 359 823 53]
452 768 628 811 Ceteras
660 784 761 810 vero
787 783 855 809 res
881 769 1075 823 publicas
1101 783 1153 809 ne
1181 768 1461 823 appellandas
1489 770 1577 823 qui-

236 829 331 870 dem
363 830 519 883 putant
550 828 604 869 iis
635 827 895 882 nominibus,
928 827 1081 881 quibus
1113 827 1215 868 illae
1248 841 1340 869 sese
1367 828 1577 883 appellari

234 887 382 929 velint.
446 886 531 928 Cur
570 886 682 928 enim
716 900 886 942 regem
926 886 1141 941 appellem
1172 885 1288 927 Iovis
1320 886 1474 941 optimi
1504 902 1577 929 no·
1597 898 1631 925 10

236 946 350 987 mine
392 945 610 987 hominem
654 945 901 987 dominandi
940 944 1139 999 cupidum
1179 947 1253 985 aut
1289 944 1459 1000 imperii
1497 946 1579 987 sin·

237 1004 413 1060 gularis,
438 1004 599 1059 populo
628 1018 832 1070 oppresso
861 1003 1164 1057 dominantem,
1192 1017 1276 1045 non
1304 1005 1578 1058 tyrannum

236 1063 412 1118 potius?
449 1065 541 1104 tam
578 1063 692 1104 enim
725 1077 817 1104 esse
849 1063 1034 1104 clemens
1067 1064 1275 1116 tyrannus
1308 1077 1437 1116 quam
1470 1065 1577 1116 [rex]

236 1123 493 1177 inportunus
525 1123 688 1177 potest3
726 1124 775 1162 ut
805 1121 887 1163 hoc
918 1121 1177 1176 populorum
1208 1121 1398 1175 intersit,
1434 1124 1580 1163 utrum

237 1181 347 1223 comi
398 1180 569 1222 domino
620 1195 675 1222 an
725 1194 877 1235 aspero
928 1180 1136 1234 serviant3
1187 1179 1291 1234 quin
1341 1155 1532 1222 seiviant
1572 1180 1575 1237 Ι
1600 1191 1633 1217 15

237 1259 272 1291 p.
282 1242 343 1292 54]
366 1239 548 1294 quidem,
567 1239 660 1280 fieri
679 1253 766 1280 non
786 1241 942 1293 potest.
975 1238 1067 1287 Quo
1090 1241 1234 1280 autem
1255 1238 1381 1280 modo
1403 1239 1580 1294 adsequi

237 1301 409 1355 poterat
434 1298 697 1339 Lacedaemo
729 1298 807 1339 illa
838 1300 943 1351 tum,
975 1312 1071 1339 cum
1096 1299 1318 1352 praestare
1344 1298 1580 1352 putabatur

238 1357 467 1412 disciplina
497 1357 559 1398 rei
591 1356 800 1411 publicae,
832 1358 880 1397 ut
910 1356 1035 1397 bonis
1064 1358 1257 1397 uteretur
1282 1356 1492 1411 iustisque
1518 1372 1580 1398 1·-e

239 1416 378 1482 gibus,
410 1430 506 1457 cum
538 1418 651 1457 esset
682 1415 902 1456 habendus
935 1429 1020 1469 rex,
1053 1415 1306 1469 quicumque
1339 1429 1494 1470 genere
1519 1431 1580 1458 re-

238 1475 309 1541 gio
347 1476 475 1516 natus
515 1474 657 1516 esset?
706 1473 821 1515 Nam
859 1473 1081 1529 optimatis
1121 1473 1291 1528 quidem
1330 1474 1424 1528 quis
1455 1474 1580 1529 ferat,
1600 1486 1634 1512 20

239 1533 312 1588 qui
347 1547 435 1575 non
472 1533 623 1588 populi
661 1547 881 1586 concessu,
923 1533 995 1574 sed
1034 1532 1121 1574 suis
1161 1532 1345 1574 comitiis
1383 1533 1465 1575 hoc
1497 1509 1580 1574 sibi

237 1607 395 1634 nomen
433 1592 783 1648 adrogaverunt‘?
833 1566 915 1640 Q⁷ui
952 1591 1065 1632 enim
1101 1591 1314 1633 iudicatur
1351 1591 1434 1634 iste
1472 1593 1579 1648 opti-

239 1651 363 1693 mus‘?
396 1650 603 1705 doctrina,
636 1651 813 1705 artibus,
846 1649 1079 1691 studiis...

523 1744 842 1796 [Desiderantur
865 1746 1046 1798 paymae
1075 1745 1296 1797 quattuor]

167 1802 225 1884 ὅδὲ
238 1846 273 1879 p.
303 1828 386 1880 179]
487 1860 497 1868 .
517 1860 526 1868 .
548 1860 556 1868 .
577 1826 635 1868 .si
665 1826 845 1868 fortuito
877 1826 921 1866 id
951 1825 1094 1881 faciet,
1122 1828 1213 1868 tam
1245 1827 1330 1869 cito
1363 1829 1580 1870 evertetur

240 1901 369 1941 quam
408 1885 550 1940 navis,
591 1885 627 1926 si
665 1899 686 1926 e
722 1885 967 1926 vectoribus
1005 1887 1122 1927 sorte
1159 1885 1309 1927 ductus
1343 1886 1396 1927 ad
1429 1887 1580 1942 guber·
1599 1897 1632 1924 2⁵

237 1945 394 1986 nacula
425 1944 664 1986 accesserit.
724 1942 884 1992 Quodsi
915 1944 1026 1985 liber
1056 1944 1241 1999 populus
1274 1945 1453 2000 deliget,
1492 1945 1572 2000 qui-

237 2004 319 2045 bus
364 2017 408 2044 66
452 2003 714 2057 committat,
758 2002 1021 2057 deligetque,
1065 2002 1101 2044 si
1138 2003 1264 2045 modo
1304 2004 1448 2045 salvus
1487 2019 1580 2045 esse

238 2062 344 2115 vult,
376 2062 588 2116 optimum
621 2075 842 2116 quemque,
874 2063 987 2103 certe
1018 2061 1063 2102 in
1095 2062 1357 2116 optimorum
1389 2063 1579 2104 consiliis

238 2121 382 2176 posita
421 2122 487 2161 est
524 2120 764 2162 civitatium
805 2120 938 2174 salus,
976 2121 1230 2174 praesertim
1268 2136 1363 2163 cum
1395 2121 1476 2163 hoc
1506 2136 1578 2163 na-

238 2182 337 2221 tura
373 2179 542 2232 tulerit,
579 2193 666 2220 non
704 2180 841 2220 solum
880 2181 928 2220 ut
965 2179 1121 2220 summi
1157 2179 1317 2221 virtute
1355 2182 1398 2221 et
1436 2180 1578 2221 animo
1600 2192 1631 2219 30

238 2240 487 2293 praeessent
512 2238 864 2291 inbecillioribus,
892 2237 966 2279 sed
990 2240 1038 2278 ut
1063 2237 1109 2278 hi
1136 2238 1266 2280 etiam
1292 2253 1441 2294 parere
1468 2253 1578 2280 sum-
1640 2257 1644 2298 3

237 2315 272 2348 p.
297 2299 380 2349 180]
414 2296 495 2338 mis
527 2297 673 2337 velint.
724 2295 885 2337 Verum
910 2296 1022 2337 hunc
1049 2294 1272 2353 opltimum
1299 2299 1461 2339 statum
1485 2313 1580 2353 pra·
1639 2320 1642 2375 ἒ

1637 2403 1640 2441 l

238 2355 303 2396 vis
347 2355 570 2397 hominum
616 2355 888 2410 opinionibus
933 2369 1128 2396 eversum
1170 2370 1262 2397 esse
1301 2356 1463 2411 dicunt,
1507 2357 1580 2411 qui
1638 2384 1641 2394 .

1634 2446 1657 2568 l
