1685 2568
259 79 341 121 128
669 78 732 112 DE
758 78 957 113 NATURA
982 78 1186 113 DEORUM

255 190 349 217 cum
385 189 636 231 cognovero.
693 174 784 223 Quo
816 175 860 215 in
893 188 1046 230 genere
1077 174 1145 215 vel
1178 174 1360 216 maxime
1393 178 1458 217 est
1487 175 1521 216 F
1524 190 1588 217 or-

255 238 362 275 tuna
401 233 681 287 numeranda,
723 248 850 287 quam
887 247 1010 274 nemo
1049 232 1103 274 ab
1135 232 1425 275 inconstantia
1456 236 1498 276 et
1529 237 1587 275 te-

256 294 453 334 meritate
498 293 710 347 seiunget,
754 306 860 345 quae
905 291 1034 346 digna
1077 293 1190 332 certe
1233 306 1317 333 non
1363 295 1462 333 sunt
1499 293 1586 334 deo.

187 360 227 390 62
255 351 346 392 13111
385 365 484 392 vero
521 350 622 404 quid
653 363 729 390 vos
761 350 838 390 illa
870 349 1053 391 delectat
1085 349 1312 404 explicatio
1343 349 1589 392 fabularum

255 412 298 451 et
323 409 520 450 enodatio
546 408 797 450 nominum?
841 406 1071 450 Exsectum
1099 423 1124 449 a
1148 408 1235 449 filio
1259 406 1445 462 Caelum,
1477 410 1588 451 vinc·
1625 422 1640 447 5

254 472 347 509 tum
391 467 540 508 itidem
584 481 609 508 a
651 466 739 507 filio
782 464 1030 521 Saturnum,
1073 466 1177 507 haec
1216 468 1258 507 et
1295 467 1381 508 alia
1421 468 1588 522 generis

255 526 442 567 eiusdem
480 526 542 566 ita
573 524 816 578 defenditis,
854 527 903 565 ut
933 525 981 578 ii,
1019 525 1091 579 qui
1122 525 1207 566 ista
1237 525 1468 578 finxerunt,
1504 540 1590 568 non

255 585 380 626 modo
412 599 498 625 non
523 583 674 636 insani,
707 583 779 624 sed
806 582 935 624 etiam
960 583 1092 625 fuisse
1120 584 1333 638 sapientes
1354 584 1589 625 videantur.

255 643 304 684 In
337 642 568 684 enodandis
601 645 743 682 autem
774 642 1030 696 nominibus,
1063 643 1174 696 quod
1206 642 1494 684 miserandum
1521 643 1589 697 sit,

256 702 476 743 laboratis.
539 699 765 754 Saturnus,
805 700 904 754 quia
942 714 986 742 se
1025 704 1193 742 saturat
1225 701 1364 756 annis,
1405 701 1589 756 Mavors,
1610 715 1643 738 10

256 761 356 815 quia
399 773 557 814 magna
600 759 748 812 vertit,
791 758 1000 813 Minerva,
1045 760 1144 813 quia
1187 759 1341 801 minuit
1379 763 1453 801 aut
1491 760 1592 814 quia

255 819 454 872 minatur,
480 817 638 871 Venus,
664 817 763 872 quia
788 817 905 858 venit
931 817 984 858 ad
1010 818 1164 871 omnia,
1191 817 1316 859 Ceres
1343 833 1368 859 a
1394 819 1590 874 gerendo.

255 877 391 926 Quam
424 876 663 931 periculosa
694 876 973 917 consuetudo!
1022 875 1074 917 In
1100 876 1247 917 multis
1275 877 1386 917 enim
1412 877 1591 918 nomini-

254 937 334 977 bus
378 935 624 976 haerebitis.
692 934 801 983 Quid
844 934 993 976 Veiovi
1038 934 1187 989 facies,
1232 935 1331 989 quid
1367 935 1590 977 Volcano?

256 1008 531 1049 quamquam,
572 993 773 1047 quoniam
804 992 1053 1048 Neptunum
1091 1009 1116 1034 a
1152 994 1292 1035 nando
1325 994 1590 1049 appellatum
1611 1008 1643 1032 15

257 1056 397 1108 putas,
428 1053 595 1093 nullum
623 1052 704 1093 erit
728 1066 895 1105 nomen,
928 1052 1039 1106 quod
1064 1066 1149 1093 non
1175 1052 1314 1107 possis
1342 1067 1426 1094 una
1445 1053 1592 1094 littera

256 1112 467 1166 explicare
506 1111 615 1152 unde
655 1110 826 1152 ductum
865 1111 938 1165 sit3
974 1111 1018 1151 in
1057 1126 1139 1165 quo
1172 1111 1342 1165 quidem
1374 1112 1512 1167 magis
1543 1114 1592 1153 tu

187 1178 229 1208 63
258 1171 363 1212 mihi
399 1172 549 1211 natare
582 1169 697 1210 visus
730 1184 773 1211 es
807 1184 935 1223 quam
966 1169 1057 1224 ipse
1088 1169 1326 1224 Neptunus.
1387 1170 1591 1225 Magnam

256 1228 497 1270 molestiam
519 1229 705 1283 suscepit
726 1230 768 1269 et
788 1228 961 1269 minime
980 1228 1263 1270 necessariam
1283 1228 1446 1282 primus
1465 1229 1590 1282 Zeno,

256 1290 355 1343 post
392 1286 640 1339 Cleanthes,
682 1287 830 1328 deinde
869 1285 1155 1341 Chrysippus,
1197 1287 1591 1329 commenticiarum
1611 1300 1645 1325 20

255 1346 498 1388 fabularum
536 1345 709 1386 reddere
740 1345 968 1399 rationem,
1008 1346 1331 1400 vocabulorum,
1369 1360 1443 1387 cur
1475 1346 1592 1400 quid—

257 1420 337 1459 que
368 1405 430 1445 ita
463 1404 728 1458 appellatum
761 1405 838 1458 sit,
876 1418 1024 1445 causas
1058 1405 1280 1459 explicare.
1343 1403 1464 1452 Quod
1496 1419 1590 1446 eum

257 1463 412 1517 facitis,
444 1463 550 1503 illud
582 1461 775 1517 profecto
808 1462 1080 1516 confitemini,
1113 1463 1240 1518 longe
1273 1463 1400 1504 aliter
1432 1478 1475 1504 se
1501 1478 1590 1504 rem

255 1522 432 1575 habere,
470 1524 598 1575 atque
629 1521 851 1563 hominum
884 1521 1027 1576 opinio
1061 1521 1134 1576 sit3
1172 1536 1244 1563 eos
1276 1521 1407 1576 enim,
1445 1521 1517 1576 qui
1550 1521 1591 1562 di

258 1581 543 1635 appellantur,
575 1594 717 1621 rerum
748 1582 925 1621 naturas
959 1594 1062 1633 esse,
1093 1595 1178 1628 non
1210 1580 1371 1636 figuras
1404 1580 1590 1622 deorum.
1610 1593 1643 1618 25

186 1643 243 1684 25
261 1638 342 1687 Qui
373 1641 521 1680 tantus
553 1653 671 1680 error
702 1638 796 1692 fuit,
827 1641 876 1679 ut
906 1639 1154 1694 perniciosis
1188 1639 1318 1680 etiam
1348 1639 1474 1680 rebus
1505 1653 1593 1680 non

255 1699 371 1739 modo
401 1712 558 1739 nomen
590 1697 765 1739 deorum
790 1697 1062 1751 tribueretur,
1095 1697 1169 1739 sed
1194 1698 1324 1739 etiam
1351 1712 1592 1753 sacra-con-

258 1756 547 1798 stituerentur.
608 1755 758 1797 Febris
797 1756 908 1797 enim.
940 1756 1088 1798 fanum
1119 1757 1164 1797 in
1194 1756 1362 1798 Palatio
1396 1758 1439 1797 et
1472 1756 1592 1797 Orbo—

255 1830 332 1856 nae
374 1816 430 1857 ad
468 1814 615 1856 aedem
651 1814 810 1856 Larum
848 1817 891 1856 et
931 1829 1049 1856 aram
1088 1814 1227 1856 Malae
1265 1814 1480 1856 Fortunae
1510 1814 1593 1856 Es-

186 1882 231 1913 64
259 1874 399 1928 quiliis
444 1875 736 1915 consecratam
779 1873 982 1915 videmus.
1056 1872 1204 1915 Omnis
1244 1874 1378 1929 igitur
1422 1873 1522 1914 talis
1567 1885 1644 1914 a3o

256 1932 531 1988 philosophia
563 1933 751 1987 pellatur
783 1947 917 1986 error,
954 1934 1020 1986 ut,
1052 1947 1147 1974 cum
1180 1932 1229 1973 de
1261 1933 1325 1973 dis
1356 1931 1591 1973 inmortali-

256 1992 335 2032 bus
368 1991 644 2045 disputemus,
677 1990 866 2032 dicamus
892 1991 1069 2047 indigna
1093 1991 1164 2045 iis3
1197 1991 1246 2032 de
1273 1991 1426 2045 quibus
1452 1990 1590 2032 habeo

255 2050 348 2105 ipse
387 2049 499 2104 quod
537 2050 737 2104 sentiam,
775 2064 862 2091 non
898 2049 1036 2091 habeo
1075 2052 1218 2090 autem
1257 2049 1370 2104 quod
1405 2049 1486 2090 tibi
1523 2049 1591 2090 ad⁴

258 2108 429 2150 sentiar.
496 2107 747 2162 Neptunum
788 2123 879 2150 esse
921 2108 1023 2150 dicis
1065 2108 1254 2149 animum
1295 2123 1390 2150 cum
1427 2107 1591 2149 intelle-

257 2167 402 2223 gentia
433 2181 508 2221 per
540 2182 657 2208 mare
688 2167 985 2222 pertinentem,
1017 2167 1130 2208 idem
1162 2167 1212 2208 de
1245 2165 1407 2208 Cerere.
1456 2165 1591 2207 Istam
1609 2176 1646 2202 3⁵.

258 2227 401 2267 autem
431 2225 775 2281 intellegentiam
808 2228 882 2267 aut
912 2225 1042 2267 maris
1076 2228 1152 2267 aut
1183 2228 1323 2267 terrae
1353 2239 1440 2266 non
1465 2225 1591 2266 modo

257 2284 614 2340 comprehendere
647 2284 808 2340 animo,
841 2285 915 2326 sed
944 2299 997 2326 ne
1029 2284 1270 2340 suspicione
1304 2283 1471 2338 quidem
1497 2297 1593 2338 pos-
