1685 2568
243 100 270 140 3
278 99 331 139 14
711 98 775 133 DE
800 99 864 133 RE
889 98 1095 133 PUBLlCA

243 194 427 238 Romam
452 193 634 236 Curibus
662 195 825 237 accivit.
875 194 955 243 Qui
980 197 1029 236 ut
1053 195 1136 236 hue
1160 194 1290 248 venit,
1316 209 1576 250 quamquam

242 254 427 309 populus
472 254 646 295 curiatis
691 268 787 295 eum
831 253 1015 295 comitiis
1060 267 1205 308 regem
1250 267 1341 295 esse
1379 254 1576 308 iusserat,

242 316 389 353 tamen
418 312 510 367 ipse
543 313 592 353 de
625 326 700 353 suo
732 312 912 366 imperio
945 311 1153 353 curiatam
1186 312 1326 366 legem
1355 312 1469 366 tulit,
1503 313 1576 355 ho-

242 371 463 424 minesque
488 371 706 412 Romanos
732 371 932 411 instituto
958 369 1133 411 Romuli
1158 370 1324 412 bellicis
1351 370 1504 413 studiis
1527 374 1578 412 ut

242 430 352 470 vidit
394 431 607 483 incensos,
648 429 911 469 existimavit
953 443 1024 470 eos
1061 429 1238 484 paulum
1277 429 1330 470 ab
1367 429 1446 471 illa
1482 441 1611 472 con-5

244 488 466 529 suetudine
499 502 590 529 esse
622 487 894 528 revocandos.

172 527 231 610 ἐξ
332 546 396 587 Ac
438 547 624 600 primum
662 559 807 600 agros,
851 560 957 599 quos
995 546 1113 587 bello
1148 545 1356 588 Romulus
1395 549 1577 601 ceperat,

242 623 278 656 p.
305 606 367 657 87]
402 605 547 645 divisit
583 604 747 645 viritim
784 604 946 645 civibus
974 604 980 659 Ι
1008 604 1234 659 docuitque
1273 605 1362 646 sine
1395 605 1577 660 depopu-

242 664 404 704 latione
442 665 570 717 atque
607 663 766 717 praeda
801 677 927 717 posse
965 677 1037 705 eos
1074 663 1262 705 colendis
1300 664 1416 719 agris
1449 665 1578 705 abun-

243 722 343 763 dare
381 721 615 763 commodis
648 721 845 762 omnibus
879 736 1150 776 amoremque
1183 722 1243 763 eis
1276 722 1354 764 otii
1385 725 1428 763 et
1458 723 1576 777 pacis
1599 735 1630 758 10

242 780 405 834 iniecit,
447 780 601 834 quibus
641 779 846 821 facillime
886 780 1054 821 iustitia
1092 783 1134 821 et
1170 780 1275 821 fides
1307 781 1578 835 convalescit,

244 842 287 880 et
331 854 511 893 quorum
556 838 794 893 patrocinio
839 839 1022 880 maxime
1066 839 1206 880 cultus
1248 853 1450 895 agrorum
1487 855 1579 895 per-

242 898 467 951 ceptioque
503 897 677 952 frugum
716 897 966 939 defenditur.
1025 897 1228 952 Idemque
1259 897 1498 953 Pompilius
1536 900 1579 940 et

243 956 443 1010 auspiciis
483 956 718 997 maioribus
761 956 947 997 inventis
992 956 1045 997 ad
1081 957 1312 1011 pristinum
1354 972 1578 999 numerum

243 1015 325 1056 duo
373 1029 555 1070 augures
599 1014 762 1056 addidit
803 1017 845 1055 et
888 1014 1019 1056 sacris
1064 1030 1085 1055 e
1122 1015 1362 1070 principum
1399 1031 1576 1058 numero
1598 1027 1631 1052 15

241 1092 278 1125 p.
303 1075 366 1126 88]
404 1073 628 1128 pontifices
664 1070 861 1128 quinssque
902 1073 1107 1128 praefecit
1146 1076 1188 1114 et
1225 1074 1389 1116 animos
1426 1089 1578 1130 propo-

243 1132 338 1173 sitis
376 1133 544 1187 legibus
582 1132 668 1185 his,
701 1147 806 1186 quas
843 1132 888 1173 in
925 1133 1211 1174 monumentis
1252 1133 1477 1188 habemus,
1516 1148 1579 1175 ar-

244 1191 381 1232 dentis
417 1191 721 1232 consuetudine
760 1193 802 1232 et
836 1191 1069 1245 cupiditate
1101 1191 1290 1232 bellandi
1320 1192 1578 1247 religionum

245 1250 514 1291 caerimoniis
552 1250 769 1305 mitigavit
807 1249 1082 1303 adiunxitque
1119 1253 1341 1304 praeterea
1373 1251 1578 1305 flamines,

244 1307 382 1349 Salios
414 1308 687 1364 virginesque
707 1308 905 1349 Vestales
938 1309 1160 1362 omnisque
1191 1309 1327 1363 partis
1355 1310 1577 1362 religionis
1597 1321 1631 1345 20

172 1375 216 1407 27
244 1368 398 1408 statuit
430 1367 708 1408 sanctissime.
758 1365 984 1408 Sacrorum
1016 1370 1159 1408 autem
1184 1368 1374 1421 ipsorum
1402 1368 1578 1424 diligen-

243 1427 350 1467 tiam
377 1426 605 1479 difficilem,
632 1428 887 1480 apparatum
912 1426 1160 1480 perfacilem
1186 1441 1277 1467 csse
1296 1427 1452 1480 voluit3
1476 1442 1578 1468 nam

243 1504 278 1536 p.
310 1486 374 1537 69]
420 1499 526 1539 quae
564 1485 840 1539 perdiscenda
878 1499 1068 1539 quaeque
1107 1485 1374 1526 observanda
1412 1484 1578 1541 essssent,

243 1544 381 1585 multa
407 1543 642 1598 constituit,
674 1543 748 1584 sed
774 1559 823 1584 ea
849 1544 937 1584 sine
963 1543 1152 1597 inpensa.
1201 1542 1269 1585 Sic
1294 1544 1576 1599 religionibus

243 1602 432 1644 colendis
477 1617 651 1657 operam
689 1602 868 1656 addidit,
913 1605 1100 1643 sumtum
1138 1603 1338 1657 removit,
1381 1603 1577 1658 idemque
1597 1614 1631 1640 2⁵

245 1664 470 1716 mercatus,
501 1661 623 1702 ludos
657 1675 885 1715 omnesque
917 1661 1198 1702 conveniundi
1229 1675 1379 1702 causas
1406 1664 1448 1702 et
1473 1663 1578 1704 cele·

245 1720 426 1761 britates
463 1720 638 1761 invenit.
701 1719 862 1768 Quibus
900 1720 1026 1760 rebus
1059 1719 1269 1761 institutis
1303 1720 1356 1762 ad
1386 1720 1578 1762 humani-

244 1782 379 1819 tatem
418 1781 544 1832 atque
583 1778 953 1820 mansuetudinem
991 1778 1208 1819 revocavit
1246 1779 1411 1820 animos
1443 1779 1578 1822 homi-

243 1852 345 1878 num
384 1838 536 1878 studiis
569 1837 757 1878 bellandi
789 1837 874 1877 iam
906 1837 1104 1878 immanis
1137 1852 1185 1879 ac
1216 1837 1341 1879 feros.
1404 1836 1472 1880 Sic
1502 1839 1577 1880 ille

244 1915 278 1947 p.
306 1898 369 1948 70]
408 1911 503 1937 cum
546 1895 945 1950 undequadraginta
988 1910 1121 1937 annos
1167 1895 1344 1951 sumlma
1386 1896 1431 1937 in
1473 1912 1577 1952 pace
1595 1907 1630 1932 30

244 1955 552 2009 concordiaque
583 1955 850 2009 regnavisset
883 1954 1130 2009 (sequamur
1161 1955 1273 1995 enim
1304 1955 1576 2010 potissimum

244 2014 471 2067 Polybium
503 2016 711 2067 nostrum,
743 2028 826 2067 quo
851 2028 975 2054 nemo
1001 2013 1084 2054 fuit
1109 2013 1154 2054 in
1179 2014 1447 2067 exquirendis
1472 2018 1577 2056 tem-

242 2073 420 2124 poribus
459 2071 741 2128 diligentior),
783 2073 963 2113 excessit
1001 2087 1023 2113 e
1062 2072 1153 2113 vita
1190 2072 1352 2113 duabus
1390 2074 1577 2128 praecla-

247 2131 427 2172 rissimis
472 2131 524 2171 ad
569 2131 895 2172 diuturnitatem
934 2130 995 2171 rei
1031 2131 1227 2185 publicae
1264 2132 1391 2172 rebus
1429 2133 1576 2174 confir-

245 2189 386 2243 matis,
418 2189 626 2244 religione
659 2192 786 2243 atque
819 2189 1055 2230 clementia.
1594 2200 1628 2226 35

174 2228 231 2310 ἐξ)
334 2247 449 2297 Quae
481 2263 576 2290 cum
603 2247 743 2302 Scipio
770 2247 958 2302 dixisset,
989 2247 1166 2303 Verene,
1195 2248 1337 2303 inquit
1362 2248 1576 2304 Manilius,

244 2307 325 2349 hoc
362 2307 592 2348 memoriae
630 2307 848 2361 proditum
886 2309 968 2360 est,
1008 2305 1228 2361 Africane,
1267 2321 1414 2362 regem
1443 2308 1576 2349 istum
