1685 2568
439 130 526 165 LIB.
552 130 596 165 II.
635 129 735 164 CAP.
763 133 864 165 6-8.
897 134 916 172 ξ
944 134 1091 165 14—19.
1352 133 1437 172 411

104 229 226 268 turae
258 226 449 268 omnium
480 240 640 280 rerum,
671 226 883 267 rationem
913 225 1052 267 inesse
1082 225 1128 266 in
1160 240 1209 267 ea
1240 227 1441 268 confiten-

105 284 206 326 dum
237 287 313 326 est.
363 284 495 326 Utilis
528 299 621 326 esse
653 287 796 325 autem
828 284 906 325 has
933 283 1153 338 opiniones
1180 284 1274 338 quis
1300 288 1441 339 neget,

105 358 235 398 quom
266 344 512 398 intellegat,
547 358 674 397 quam
706 343 845 384 multa
874 342 1099 384 firmentur
1128 342 1219 384 iure
1250 343 1442 397 iurando,

105 404 290 456 quantae
323 402 454 443 saluti
486 401 574 443 sint
604 401 824 443 foederum
849 401 1092 457 religiones,
1125 415 1253 455 quam
1279 401 1441 442 multos

68 461 238 502 5divini
281 460 481 515 supplicii
519 463 658 501 metus
698 475 723 502 a
760 460 917 501 scelere
955 459 1184 514 revocarit,
1229 474 1441 514 quamque

105 522 253 561 sancta
290 519 347 560 sit
385 519 566 560 societas
605 519 761 560 civium
798 519 910 560 inter
940 518 1058 573 ipsos
1091 518 1172 560 diis
1203 518 1443 559 inmortali-

102 577 183 619 bus
220 577 488 632 interpositis
525 580 618 618 tum
650 577 877 632 iudicibus,
915 581 1000 619 tum
1030 577 1245 619 testibus?
1294 576 1441 618 Habes

102 636 211 691 legis
237 636 522 691 prooemium,
547 636 608 677 sic
634 636 747 677 enim
771 635 877 678 haec
902 636 1095 691 appellat
1113 635 1251 677 Plato.
1285 636 1329 688 Q.
1356 635 1441 677 Ha-

102 695 184 736 beo
215 709 335 749 vero,
371 694 524 748 frater,
563 697 606 735 et
636 694 681 735 in
712 695 793 736 hoo
825 694 1053 736 admodum
1085 695 1290 748 delector,
1328 694 1443 749 quod

52 754 148 795 min
188 754 286 795 aliis
326 753 454 795 rebus
493 753 673 807 aliisque
706 754 928 794 sententiis
966 753 1150 795 versaris
1189 756 1317 807 atque
1355 753 1441 795 ille.

101 811 223 854 Nihil
268 812 381 854 enim
424 814 516 853 tam
561 812 768 853 dissimile
813 827 941 866 quam
976 812 1044 853 vel
1086 827 1152 867 ea,
1197 827 1303 866 quae
1342 815 1441 853 ante

103 870 265 926 dixisti,
303 871 370 912 vel
406 870 488 913 hoc
519 871 661 926 ipsum
694 871 743 912 de
776 871 864 912 deis
897 871 1133 925 exordium,
1170 886 1302 912 unum
1332 870 1442 912 illud

101 930 209 971 mihi
244 930 402 971 videris
440 929 622 984 imitari,
661 930 869 971 orationis
908 944 1055 985 genus.
1109 930 1172 971 M.
1203 929 1326 970 Velle
1356 929 1442 971 for-

101 991 236 1043 tasse3
262 989 356 1043 quis
383 988 497 1030 enim
523 988 567 1030 id
585 991 731 1043 potest
751 991 825 1030 aut
845 1003 1048 1042 umquam
1068 988 1229 1043 poterit
1248 988 1440 1030 imitari?

50 1058 83 1083 15
101 1046 215 1089 Nam
254 1047 487 1089 sententias
525 1047 802 1102 interpretari
838 1047 1042 1102 perfacile
1080 1050 1164 1101 est,
1205 1047 1318 1101 quod
1350 1047 1441 1101 qui-

102 1106 198 1148 dem
230 1120 310 1162 ego
341 1106 538 1160 facerem,
569 1106 654 1148 nisi
684 1106 812 1161 plane
845 1120 937 1147 esse
969 1106 1124 1147 vellem
1156 1120 1286 1147 meus.
1331 1104 1441 1154 Quid

102 1165 215 1206 enim
252 1165 417 1220 negotii
455 1168 521 1206 est
552 1164 699 1206 eadem
731 1179 864 1220 prope
895 1165 1037 1206 verbis
1068 1165 1204 1205 isdem
1236 1179 1441 1206 conversa

102 1224 269 1265 dicere?
327 1224 371 1275 Q.
402 1223 585 1265 Prorsus
626 1223 860 1277 adsentior,
897 1238 1062 1277 verum,
1099 1225 1148 1264 ut
1185 1223 1311 1265 modo
1347 1226 1440 1264 tute

102 1282 260 1337 dixisti,
292 1285 335 1324 te
367 1297 458 1323 esse
491 1283 605 1323 malo
639 1285 774 1324 tuum.
824 1281 906 1323 Sed
930 1282 1018 1323 iam
1045 1296 1257 1337 exprome,
1291 1282 1327 1323 si
1352 1282 1441 1337 pla-

49 1353 82 1377 20
102 1344 180 1396 cet,
211 1342 318 1382 istas
350 1341 467 1396 leges
501 1341 551 1382 de
583 1341 804 1397 religione.
851 1341 914 1382 M.
943 1340 1207 1396 Expromam
1233 1341 1440 1395 equidem,

101 1403 149 1442 ut
186 1402 355 1455 potero,
394 1402 454 1454 et,
494 1400 696 1454 quoniam
735 1402 778 1441 et
814 1400 933 1441 locus
965 1402 1008 1441 et
1041 1414 1180 1441 sermo
1212 1399 1441 1441 familiaris

102 1462 179 1513 est,
212 1459 357 1514 legum
388 1459 507 1515 leges
537 1473 639 1501 voce
664 1474 916 1514 proponam.
968 1459 1013 1510 Q.
1040 1458 1251 1507 Quidnam
1277 1459 1320 1499 id
1346 1459 1440 1500 est‘?

100 1519 163 1560 M.
196 1515 304 1559 Sunt
335 1521 452 1560 certa
482 1518 628 1572 legum
659 1518 802 1571 verba,
834 1516 1002 1571 Quinte,
1033 1532 1169 1572 neque
1200 1518 1263 1558 ita
1288 1518 1441 1572 prisca,

100 1579 149 1618 ut
180 1577 225 1617 in
255 1577 471 1618 veteribus
497 1589 562 1618 XII
589 1577 852 1631 sacratisque
878 1576 1066 1632 legibus,
1098 1578 1142 1617 et
1167 1579 1323 1629 tamen,
1356 1590 1440 1630 quo

48 1645 82 1671 25
100 1636 197 1691 plus
230 1635 500 1677 auctoritatis
532 1635 733 1689 habeant,
763 1635 893 1690 paulo
926 1635 1181 1690 antiquiora,
1214 1650 1342 1690 quam
1371 1635 1442 1676 hic

102 1708 241 1736 sermo
262 1696 339 1736 est.
369 1693 482 1735 Eum
501 1709 663 1735 morem
683 1694 818 1750 igitur
838 1709 933 1736 cum
953 1695 1176 1748 brevitate,
1198 1695 1234 1735 si
1247 1700 1441 1749 potuero,

102 1768 349 1808 consequar.
399 1752 536 1808 Leges
568 1756 712 1794 autem
744 1769 769 1795 a
800 1768 867 1794 me
900 1753 1078 1794 edentur
1107 1767 1196 1794 non
1225 1752 1441 1807 perfectae

102 1811 220 1867 (nam
253 1814 367 1854 esset
397 1810 646 1867 infinitum),
678 1812 751 1853 sed
778 1813 896 1867 ipsae
923 1826 1114 1853 summae
1140 1826 1283 1852 rerum
1311 1814 1440 1865 atque

102 1871 350 1913 sententiae.
415 1870 460 1922 Q.
490 1869 559 1912 Ita
589 1885 689 1912 vero
722 1885 892 1912 necesse
926 1873 1010 1925 est3
1042 1885 1173 1925 quare
1206 1870 1440 1912 audiamus.

49 1941 82 1966 ³0
188 1930 251 1972 M
282 1929 358 1971 Ad
396 1929 538 1971 divos
572 1930 791 1972 adeunto
825 1932 981 1984 caste,
1018 1929 1268 1984 pietatem
1301 1929 1440 1970 adhi-

100 1988 273 2043 bento,
317 2003 435 2043 opes
475 1990 754 2030 amovento.
816 1987 910 2037 Qui
947 2002 1091 2030 secus
1131 1987 1282 2042 faxit,
1320 1988 1439 2029 deus

100 2047 209 2102 ipse
241 2047 423 2089 vindex
457 2047 567 2088 erit.

189 2104 478 2161 Separatim
513 2121 656 2147 nemo
695 2106 932 2147 habessit
970 2106 1090 2148 deos
1120 2120 1246 2147 neve
1277 2119 1440 2146 novos

101 2179 225 2206 neve
263 2164 482 2207 advenas
519 2165 621 2206 nisi
658 2165 861 2219 publice
900 2164 1149 2219 adscitos3
1192 2163 1440 2219 privatim

49 2235 82 2260 35
102 2224 326 2277 colunto,
358 2237 482 2277 quos
514 2223 614 2265 rite
646 2239 672 2265 a
702 2224 940 2278 patribus
972 2224 1129 2265 cultos
1153 2223 1439 2275 acceperint.

188 2282 251 2323 In
280 2282 480 2323 urbibus
517 2282 729 2324 delubra
761 2282 1001 2337 habento;
1038 2282 1181 2323 lucos
1213 2281 1266 2321 in
1297 2279 1439 2335 agris

99 2340 323 2383 habento
356 2343 405 2382 et
435 2339 618 2382 Larum
651 2341 806 2382 sedes.

1468 644 1510 675 17

1468 1348 1512 1380 18

1468 1903 1511 1985 {³9
