1685 2568
441 107 529 144 LIB.
554 108 616 144 III.
645 107 744 144 CAP.
771 113 804 152 3,
829 112 861 143 4.
887 112 907 150 9·
933 113 1058 144 6-10,
1331 110 1418 152 435

88 205 182 258 les,
225 206 418 258 teneto,
461 204 606 258 isque
648 217 738 244 ave
778 202 997 244 sinistra
1034 203 1202 245 dictus
1241 204 1420 259 populi

88 263 338 319 magister
363 265 491 317 esto;
517 261 907 316 equitatumque
934 261 1018 315 qui
1042 264 1208 317 regat,
1232 261 1419 304 habeto

87 323 202 377 pari
233 322 345 363 iure
376 336 483 363 cum
515 335 588 374 eo,
621 320 920 374 quicumque
947 319 1046 361 erit
1071 320 1199 361 iuris
1226 319 1420 375 discep-

88 383 244 435 tator3
276 379 464 434 reliqui
496 378 837 434 magistratus
867 392 928 419 ne
959 380 1120 420 sunto.

52 465 70 491 ⁵
176 449 271 491 Ast
303 448 500 504 quando
527 448 763 490 consules
790 447 1102 503 magisterve
1127 448 1308 503 populi
1332 463 1421 491 nec

87 510 284 562 escunt,
330 507 561 562 auspicia
597 509 802 562 patrum
839 509 1010 561 sunto,
1047 506 1242 561 ollique
1279 522 1332 549 ec
1370 521 1421 549 56

87 567 361 623 produnto,
399 567 484 621 qui
520 566 795 608 comitiatu
831 579 1005 608 creare
1045 565 1283 608 consules
1321 566 1420 608 rite

87 626 301 681 possint.

175 683 415 738 Imperia,
457 685 768 738 potestates,
813 683 1127 739 legationes,
1166 698 1310 738 quom
1350 697 1423 726 56·

36 758 69 783 ιο
87 745 237 785 natus
269 743 492 784 creverit
522 742 806 798 populusve
836 742 1072 796 iusserit,
1104 756 1160 783 ex
1190 742 1311 783 urbe
1344 756 1423 784 ex-

88 804 258 856 eunto,
297 801 470 843 duella
506 801 645 843 iusta
680 801 816 843 iuste
848 803 1086 857 gerunto,
1124 801 1278 843 sociis
1310 815 1422 856 par-

87 862 260 915 cunto,
301 874 350 901 se
389 862 438 902 et
475 874 592 901 suos
631 860 950 912 continente,
989 859 1169 914 populi
1206 859 1283 901 sui
1314 860 1423 915 glo-

86 919 213 961 riam
245 921 485 975 augento,
517 919 714 960 domum
746 933 854 960 cum
886 918 1035 959 laude
1066 918 1324 960 redeunto.

175 977 266 1019 Rei
299 992 416 1019 suae
448 991 567 1033 ergo
598 991 658 1019 ne
689 977 802 1032 quis
834 977 1040 1032 legatus
1072 980 1193 1019 esto.

36 1063 68 1090 15
175 1047 359 1090 Plebes
391 1061 516 1102 quos
547 1062 637 1102 pro
669 1061 721 1089 se
752 1050 932 1089 contra
961 1047 1061 1089 vim
1094 1047 1276 1088 auxilii
1302 1061 1422 1104 ergo

88 1107 254 1149 decem
285 1106 520 1160 creassit,
552 1106 596 1147 ei
627 1106 825 1147 tribuni
856 1107 963 1148 eius
990 1108 1157 1160 sunto,
1190 1106 1423 1162 quodque

86 1166 124 1207 ii
154 1165 511 1221 prohibessint
543 1165 773 1220 quodque
803 1165 1003 1220 plebem
1037 1165 1316 1220 rogassint,
1347 1180 1423 1207 ra-

87 1227 192 1266 tum
224 1228 352 1279 esto3
384 1224 652 1278 sanctique
683 1226 834 1265 sunto
864 1238 990 1265 neve
1020 1224 1222 1279 plebem
1248 1224 1423 1266 orbam

87 1283 313 1325 tribunis
344 1283 684 1337 relinquonto.

35 1357 68 1382 20
176 1342 358 1384 Omnes
390 1341 730 1397 magistratus
764 1341 1047 1397 auspicium
1077 1341 1423 1397 iudiciumque
1450 1358 1490 1390 10

87 1401 328 1455 habento,
366 1415 523 1455 exque
565 1400 637 1442 eis
670 1403 878 1442 senatus
911 1403 1040 1455 est03
1078 1400 1186 1442 eius
1218 1400 1423 1443 decreta

86 1463 201 1502 rata
244 1462 414 1514 sunto3
453 1462 534 1501 ast
575 1462 813 1515 potestas
855 1474 946 1515 par
989 1459 1214 1501 maiorve
1250 1460 1423 1515 prohi-

87 1519 269 1574 bessit,
299 1518 592 1574 perscripta
622 1520 874 1560 servanto.

175 1577 225 1619 Is
257 1578 379 1620 ordo
410 1577 539 1619 vitio
570 1580 770 1632 vacato,
801 1577 988 1620 ceteris
1019 1577 1276 1633 specimen
1301 1579 1422 1620 esto,

35 1661 68 1688 25
177 1647 382 1690 Creatio
409 1648 825 1704 magistratuum,
850 1647 1041 1690 iudicia
1059 1648 1256 1703 populi,
1281 1648 1422 1690 iussa

88 1708 253 1750 vetita
294 1722 441 1762 quom
479 1707 739 1763 suffragio
778 1708 1149 1761 cosciscentur,
1193 1709 1422 1762 optuma-

88 1767 228 1808 tibus
258 1769 399 1819 nota,
430 1766 573 1821 plebi
603 1766 771 1808 libera
801 1768 964 1808 sunto.

176 1836 272 1878 Ast
304 1836 423 1891 quid
455 1836 573 1891 erit,
604 1837 734 1892 quod
766 1820 1287 1893 extralmagistratus
1312 1851 1421 1879 coe·
1446 1845 1476 1887 4

89 1896 195 1937 rari
220 1909 368 1937 065115
394 1896 480 1949 sit,
512 1895 597 1950 qui
621 1898 811 1950 coeret,
835 1897 1058 1951 populus
1077 1898 1250 1939 creato
1276 1896 1421 1951 eique

36 1967 71 1993 80
88 1954 166 1996 ius
198 1954 434 1996 coerandi
465 1954 595 1996 dato.

177 2023 297 2068 Cum
346 2025 536 2080 populo
579 2025 918 2080 patribusque
960 2024 1145 2082 agendi
1186 2025 1264 2067 ius
1308 2027 1419 2067 esto

90 2084 307 2138 consuli,
332 2084 580 2139 praetori,
606 2084 856 2140 magistro
882 2085 1062 2140 populi
1087 2084 1419 2139 equitumque

90 2143 254 2198 eique,
292 2157 434 2197 quem
470 2146 645 2198 patres
682 2143 899 2198 prodent
934 2143 1199 2186 consulum
1236 2156 1419 2198 rogan·

89 2201 265 2244 dorum
321 2216 459 2258 ergo3
513 2202 860 2257 tribunisque,
916 2216 1040 2257 quos
1090 2202 1191 2243 sibi
1239 2201 1418 2256 plebes

37 2270 70 2298 55
89 2260 327 2314 creassit,
361 2260 439 2302 ius
478 2263 587 2303 esto
619 2275 725 2303 cum
757 2261 995 2316 patribus
1027 2260 1228 2315 agendi3
1265 2259 1418 2301 iidem

91 2318 150 2361 ad
179 2319 397 2374 plebem,
429 2319 560 2374 quod
591 2334 738 2361 oesus
770 2320 887 2374 erit,
916 2320 1135 2362 ferunto.

1065 2387 1138 2422 28*
