1685 2568
370 125 460 161 Lis.
486 125 531 161 11.
565 124 665 160 CAP.
693 129 843 161 39—41.
876 128 895 167 ξ
922 129 1072 161 81-87.
1300 127 1384 168 227

45 223 81 265 si
112 222 406 277 suscipiamus,
436 221 557 276 pedis
589 220 766 263 offensio
798 220 924 262 nobis
957 222 1000 262 et
1027 221 1237 277 abruptio
1256 223 1385 264 corri-

44 281 139 340 gije
171 283 214 322 et
245 282 541 322 sternumenta
573 281 698 320 erunt
729 279 1008 321 observanda.
1207 279 1214 281 “

68 341 71 343 ’
131 336 278 380 Sortes
310 341 477 380 restant
508 340 551 380 et
582 337 806 391 Chaldaei,
843 340 892 379 ut
923 338 976 379 ad
1008 341 1129 379 vates
1161 338 1382 380 veniamus

43 401 86 440 et
129 397 182 439 ad
220 397 398 439 somnia.
460 396 696 439 Dicendum
734 396 868 452 igitur
905 399 1032 451 putas
1074 396 1124 438 de
1163 397 1384 439 sortibus?

7 469 25 496 5
43 455 152 506 Quid
178 456 291 497 enim
317 470 411 497 sors
437 456 533 497 est‘?
564 455 685 497 Idem
710 469 843 510 prope
863 455 1049 509 modum,
1076 455 1190 509 quod
1215 456 1385 510 micare,

42 515 155 570 quod
186 515 300 556 talos
331 514 487 568 iacere,
525 514 638 568 quod
670 517 873 568 tesseras,
905 514 1060 568 quibus
1091 514 1136 555 in
1167 514 1294 556 rebus
1325 517 1385 556 te-

41 574 216 616 meritas
249 575 292 614 et
324 587 461 626 casuS,
491 587 579 614 non
610 572 723 614 ratio
748 587 826 615 nec
852 572 1079 614 consilium
1105 573 1233 614 valet.
1274 573 1385 616 Tota

40 647 108 674 res
135 634 201 673 est
225 631 401 673 inventa
424 631 609 673 fallaciis
637 634 711 672 aut
737 631 791 673 ad
817 634 1045 686 quaestum
1071 634 1145 673 aut
1166 631 1220 673 ad
1239 646 1384 687 super-

42 691 262 733 stitionem
303 693 379 732 aut
415 690 468 731 ad
506 704 704 731 errorem.
761 690 905 745 Atque
942 692 991 732 ut
1026 690 1073 732 in
1110 690 1385 746 haruspicina

0 762 24 788 ιο
41 749 236 803 fecimus,
281 749 340 791 sic
384 749 623 803 videamus,
666 749 1018 791 clarissumarum
1055 749 1238 791 sortium
1276 764 1384 804 quae

41 808 238 850 tradatur
268 808 473 849 inventio.
522 807 776 849 Numerium
808 806 1062 850 Suffustium
1086 807 1386 851 Praenestino-

41 882 135 910 rum
168 869 446 909 monumenta
478 867 708 920 declarant,
739 867 969 909 honestum
1000 867 1218 909 hominem
1244 870 1287 909 et
1311 882 1385 910 no·

41 926 184 979 bilem,
217 926 394 968 somniis
424 925 596 979 crebris,
629 926 682 967 ad
714 928 952 967 extremum
979 926 1110 968 etiam
1143 926 1383 969 minacibus

41 1001 137 1028 cum
168 985 388 1026 iuberetur
419 986 535 1027 certo
566 984 611 1026 in
643 985 737 1026 loco
771 985 934 1026 silicem
967 985 1153 1040 caedere,
1183 986 1384 1041 perterri-

7 1047 134 1086 5tum
171 1044 273 1085 visis
312 1043 592 1085 irridentibus
624 1043 711 1084 suis
744 1043 908 1085 civibus
939 1043 983 1085 id
1015 1058 1143 1100 agere
1174 1044 1384 1100 coepisse3

39 1103 186 1158 itaque
211 1102 428 1158 perfracto
455 1116 557 1143 saxo
585 1102 714 1143 sortis
742 1102 932 1156 erupisse
957 1103 1002 1144 in
1022 1103 1176 1144 robore
1198 1103 1384 1158 insculp-

40 1165 108 1204 tas
152 1165 391 1217 priscarum
433 1161 678 1202 litterarum
721 1161 847 1202 notis.
915 1160 958 1201 Is
998 1164 1064 1203 est
1100 1161 1226 1203 hodie
1264 1162 1382 1203 locus

41 1223 215 1275 saeptus
247 1220 450 1275 religiose
482 1222 658 1274 propter
684 1218 800 1261 Iovis
832 1220 964 1274 pueri,
998 1220 1071 1275 qui
1096 1220 1260 1262 lactens
1287 1235 1383 1262 cum

39 1279 202 1321 Iunone
227 1278 444 1320 Fortunae
475 1278 521 1319 in
547 1278 710 1334 gremio
739 1278 889 1319 sedens
916 1294 1150 1320 mammam
1177 1279 1381 1334 adpetens

41 1338 280 1381 castissime
312 1338 468 1379 colitur
500 1352 525 1378 a
556 1337 778 1378 matribus.
834 1337 1082 1392 Eodemque
1113 1340 1306 1393 tempore
1337 1339 1382 1379 in

41 1412 90 1440 eo
129 1398 240 1450 loco,
279 1397 352 1437 ubi
390 1395 605 1438 Fortunae
642 1411 753 1438 nunc
793 1399 859 1437 est
896 1397 1039 1451 aedes,
1077 1397 1162 1439 mel
1201 1411 1251 1439 ex
1289 1397 1384 1439 olea

41 1456 211 1498 fluxisse
238 1455 396 1508 dicunt,
421 1455 755 1510 haruspicesque
783 1455 940 1497 dixisse
967 1470 1134 1497 summa
1152 1456 1383 1498 nobilitate

40 1515 137 1557 illas
164 1515 294 1556 sortis
321 1514 502 1568 futuras,
535 1528 766 1568 eorumque
793 1514 912 1556 iussu
939 1529 988 1556 ex
1013 1515 1090 1556 illa
1116 1515 1212 1556 olea
1237 1529 1381 1557 arcam

42 1588 132 1616 esse
162 1573 335 1627 factam,
369 1587 501 1628 eoque
533 1573 727 1615 conditas
760 1573 903 1628 sortis,
936 1588 1043 1628 quae
1074 1574 1201 1615 hodie
1231 1572 1383 1616 Fortu-

21 1647 120 1675 =nae
154 1633 321 1674 monitu
351 1632 576 1673 tolluntur.
632 1631 741 1680 Quid
772 1632 907 1688 igitur
939 1633 983 1673 in
1014 1633 1080 1674 his
1112 1635 1258 1688 potest
1290 1647 1382 1675 esse

42 1691 164 1746 certi,
208 1705 316 1746 quae
353 1690 569 1732 Fortunae
614 1691 780 1732 monitu
824 1691 945 1746 pueri
982 1707 1111 1733 manu
1148 1691 1383 1733 miscentur

42 1753 170 1805 atque
203 1750 442 1792 ducuntur?
475 1764 558 1805 quo
584 1750 710 1792 modo
738 1752 882 1791 autem
907 1750 1017 1792 istae
1042 1751 1210 1806 positae
1234 1750 1279 1792 in
1303 1750 1381 1792 illo

42 1809 165 1851 loco?
215 1809 311 1864 quis
359 1809 492 1850 robur
538 1808 643 1850 illud
687 1809 856 1862 cecidit,
907 1809 1087 1863 dolavit,
1132 1809 1382 1865 inscripsit?

41 1867 161 1910 Nihil
189 1871 266 1921 est,
291 1868 503 1922 inquiunt,
530 1868 642 1922 quod
669 1867 770 1909 deus
797 1867 963 1910 efficere
989 1883 1076 1910 non
1095 1868 1245 1923 possit.
1289 1867 1382 1910 Uti-

42 1941 141 1969 nam
174 1927 379 1982 sapientis
407 1925 572 1968 Stoicos
606 1926 827 1980 effecisset,
857 1942 910 1968 ne
943 1927 1087 1969 omnia
1115 1942 1211 1969 cum
1238 1942 1382 1982 super-

43 1986 213 2028 stitiosa
238 1985 544 2042 ¹*sollicitudine
590 1988 631 2026 et
674 1985 846 2027 miseria
889 1986 1128 2028 crederent!
1179 1984 1261 2027 Sed
1300 1986 1381 2028 hoc

43 2045 211 2100 quidem
238 2041 371 2100 genus
398 2044 674 2086 divinationis
699 2044 791 2086 vita
809 2044 895 2086 iam
920 2045 1157 2087 communis
1179 2045 1381 2101 explosit3

0 2143 2 2163 ἶ
43 2103 131 2145 fani
149 2103 422 2159 pulchritudo
444 2105 486 2144 et
505 2105 700 2144 vetustas
721 2102 1098 2145 Praenestinarum
1119 2104 1250 2145 etiam
1269 2119 1380 2145 nunc

0 2202 3 2219 ἰ
43 2163 199 2204 retinet
230 2162 411 2204 sortium
435 2177 603 2216 nomen,
636 2164 764 2216 atque
790 2162 832 2203 id
858 2163 902 2204 in
927 2164 1093 2219 volgus.
1138 2162 1241 2212 Quis
1268 2163 1380 2204 enim

0 2224 4 2276 ’-
43 2221 324 2277 magistratus
369 2223 443 2262 aut
487 2220 580 2275 quis
624 2221 690 2262 vir
727 2221 950 2263 inlustrior
986 2222 1124 2263 utitur
1162 2221 1380 2264 sortibus?

0 2321 5 2336 ,
44 2280 194 2322 ceteris
232 2294 333 2321 vero
370 2280 416 2321 in
452 2279 557 2321 locis
597 2282 732 2321 sortes
770 2280 896 2334 plane
928 2280 1198 2322 refrixerunt.
1260 2278 1381 2329 Quod

45 2336 304 2381 Carneadem
343 2337 636 2380 Clitomachus
681 2338 831 2380 scribit
871 2339 1009 2381 dicere
1048 2340 1241 2393 solitum,
1283 2352 1379 2379 nus-

1 2399 5 2405 ’
1026 2408 1096 2441 15*
1213 2446 1240 2454 Η

1193 2452 1325 2496 Ἄρηΐ
1375 2452 1379 2456 1

1397 314 1454 356 41

1411 365 1455 398 85

1408 1345 1452 1378 86

1407 2169 1450 2200 87
