1685 2568
432 70 520 108 ΜΒ.
546 71 608 108 111.
635 70 736 108 CAP.
765 76 911 107 17-21.
937 75 956 114 ξ
983 76 1130 107 27-32.
1361 71 1446 113 343

113 167 292 220 macno?
338 166 517 209 Stultum
541 168 668 221 plane
696 167 852 208 videtur
881 167 1003 208 malle
1031 180 1191 220 maqno.
1247 166 1359 208 Unde
1383 168 1445 208 in-

115 226 242 279 telleyi
276 225 429 267 volebat
463 230 501 268 et
536 240 644 277 eum,
679 226 750 279 qui
784 226 839 267 sit
868 226 998 267 iustus
1021 238 1070 267 ac
1099 225 1240 274 bonus,
1279 225 1446 266 stultum

113 297 192 327 esse
221 287 258 325 et
286 298 386 335 eum,
418 286 489 338 qui
518 286 691 338 sapiens,
722 285 898 333 malum;
930 288 967 325 et
998 287 1132 325 tamen
1161 284 1249 325 sine
1266 284 1446 335 pernicie

113 343 204 396 fieri
226 356 353 395 posse,
385 346 431 384 ut
459 344 543 385 sint
571 344 751 386 homines
773 345 1015 396 paupertate
1044 343 1227 384 contenti.

80 412 96 438 ⁵
205 401 527 443 Transcendebat
555 416 645 456 eryo
676 402 732 443 ad
759 402 931 451 maiora,
963 402 1006 442 in
1037 401 1182 453 quibus
1211 413 1325 441 nemo
1354 413 1445 452 pos-

113 463 170 502 set
197 461 283 502 sine
306 461 487 513 periculo
518 462 623 502 vitae
653 462 784 502 iustus
813 474 913 510 esse‚·
951 460 1104 502 dicebat
1131 460 1261 500 enim:
1294 457 1446 511 Nempe

116 519 272 560 iustitia
302 522 360 561 est
387 518 588 560 hominem
618 533 701 560 non
732 520 918 568 occidere,
956 519 1137 560 alienum
1160 530 1333 571 prorsus
1363 530 1447 558 non

113 578 318 630 attingere.
375 576 483 628 Quid
517 591 609 630 eryo
646 579 777 619 iustus
805 579 945 630 faciet,
981 578 1018 619 si
1044 577 1150 629 forte
1178 576 1447 628 naufrayium

111 635 250 687 fecerit
298 638 336 677 et
381 636 532 688 aliquis
574 636 811 678 imbecillior
853 636 1008 678 viribus
1050 635 1230 677 tabulam
1272 633 1446 687 ceperit?

64 706 96 732 ιο
113 708 246 736 nonne
277 694 394 736 illum
426 695 564 736 tabula
594 695 832 745 deturbabit,
872 699 919 736 ut
948 696 1032 748 ipse
1061 694 1297 736 conscendat
1326 706 1448 745 eaque

113 753 236 795 nixus
288 754 448 803 evadat,
503 754 679 795 maxime
732 767 822 795 eum
876 755 931 796 sit
976 753 1114 795 nullus
1162 753 1291 794 medio
1339 752 1449 792 mari

114 811 252 854 testis?
312 811 361 853 Si
407 813 568 865 sapiens
616 816 689 862 est,
735 813 877 864 faciet,·
926 813 1007 866 ipsi
1053 813 1161 853 enim
1196 811 1449 864 pereundum

113 874 185 921 est,
221 871 305 912 nisi
338 871 495 922 fecerit;
533 872 571 913 si
606 875 740 912 autem
775 872 881 912 mori
916 871 1107 912 maluerit
1141 884 1265 924 quam
1301 882 1450 911 manus

114 929 265 981 inferre
300 930 438 983 alteri,
475 931 560 971 iam
591 943 681 972 vero
712 931 843 971 iustus
873 930 956 980 ille,
994 931 1064 971 sed
1092 930 1239 971 stultus
1269 932 1341 979 est,
1378 928 1450 981 qui

63 999 96 1025 15
114 989 219 1030 vitae
247 1002 344 1030 suae
373 1002 456 1030 non
478 992 639 1041 parcat,
669 990 766 1030 dum
792 990 928 1041 parcit
957 989 1124 1030 alienae.
1175 988 1280 1029 Item
1305 988 1342 1029 si
1365 988 1451 1029 acie

113 1061 282 1089 suorum
309 1048 406 1099 fusa
436 1047 563 1089 hostes
593 1048 751 1100 insequi
781 1048 977 1100 coeperint
1001 1051 1039 1088 et
1061 1048 1192 1088 iustus
1216 1047 1284 1088 ille
1307 1049 1450 1087 nactus

113 1106 244 1159 fuerit
272 1107 448 1158 aliquem
479 1107 663 1148 saucium
694 1119 791 1159 equo
821 1107 1077 1155 insidentem,
1108 1106 1194 1147 eine
1217 1108 1374 1159 parcet,
1405 1107 1451 1146 ut

114 1166 197 1218 ipse
227 1166 447 1216 occidatur,
485 1179 540 1206 an
571 1166 709 1206 deiciet
737 1178 785 1206 ea:
815 1179 927 1218 equo,
958 1168 1006 1206 ut
1033 1165 1117 1217 ipse
1139 1165 1273 1217 possit
1300 1163 1451 1205 hostem

114 1223 314 1277 effuyere?
346 1225 453 1276 quod
475 1225 512 1265 si
533 1224 681 1275 feeerit,
712 1224 884 1276 sapiens,
915 1225 984 1265 sed
1006 1224 1112 1264 idem
1136 1223 1281 1273 malus,
1306 1223 1343 1264 si
1366 1235 1451 1263 non

63 1294 96 1319 20
113 1283 260 1335 feeerit,
292 1283 434 1335 iustus,
465 1283 534 1323 sed
563 1283 668 1323 idem
698 1283 845 1324 stultus
874 1283 929 1324 sit
957 1295 1108 1324 neeesse
1138 1285 1204 1323 est.
1259 1281 1330 1322 Ita
1361 1294 1451 1334 erqo

113 1342 314 1383 iustitiam
351 1355 441 1382 cum
476 1342 522 1382 in
553 1342 656 1383 duas
680 1344 820 1394 partes
849 1342 1051 1383 divisisset
1087 1341 1259 1382 alteram
1295 1340 1450 1381 civilem

115 1413 196 1442 esse
226 1401 371 1450 dicens,
403 1400 574 1441 alteram
605 1401 847 1450 naturalem,
878 1404 1090 1453 utramque
1119 1399 1317 1449 subvertit,
1348 1398 1454 1451 quod

114 1459 191 1501 illa
222 1459 353 1501 civilis
382 1459 584 1512 sapientia
615 1460 670 1500 sit
699 1460 869 1511 quidem,
899 1460 969 1501 sed
990 1459 1150 1501 iustitia
1173 1471 1257 1499 non
1282 1459 1346 1507 sit,
1376 1470 1452 1498 na-

115 1518 264 1560 turalis
299 1521 434 1559 autem
471 1518 546 1559 illa
580 1518 740 1559 iustitia
776 1519 831 1560 sit
865 1519 1041 1570 quidem,
1078 1518 1148 1560 sed
1180 1530 1263 1558 non
1300 1517 1355 1558 sit
1389 1529 1453 1557 sa-

63 1588 96 1613 25
108 1578 278 1631 pientia.
340 1577 506 1630 Aryuta
544 1576 640 1618 liaeo
671 1577 795 1629 plane
831 1590 878 1618 ac
913 1580 1108 1618 venenata
1137 1579 1249 1626 sunt,
1286 1579 1324 1616 et
1352 1588 1454 1628 quae

115 1636 178 1678 M.
213 1635 374 1677 Tullius
403 1649 486 1676 non
510 1636 690 1688 potuerit
717 1636 915 1687 refellere;
946 1649 1045 1677 nam
1075 1649 1167 1677 cum
1195 1634 1326 1687 faciat
1350 1634 1452 1675 Lae-

117 1695 219 1737 lium
249 1694 382 1735 Furio
412 1695 710 1747 respondentem
733 1708 812 1747 pro
843 1695 1078 1747 iustitiaque
1108 1695 1316 1744 dicentem,
1347 1693 1454 1734 inre-

114 1754 251 1807 futata
289 1753 384 1794 haec
421 1756 628 1805 tamquam
661 1753 819 1805 foveam
848 1757 1171 1807 praeter-yressus
1206 1755 1278 1803 est,
1314 1754 1361 1793 ut
1394 1751 1452 1792 vi-

117 1813 259 1854 deatur
288 1812 393 1853 idem
413 1812 581 1853 Laelius
604 1825 686 1853 non
711 1813 952 1863 naturalem,
983 1826 1085 1865 quae
1111 1813 1156 1853 in
1181 1812 1331 1853 crimen
1355 1811 1454 1852 stul-

65 1883 98 1908 80
118 1872 231 1913 titiae
254 1873 426 1920 venerat,
451 1871 520 1912 sed
545 1870 662 1911 illam
682 1872 836 1912 civilem
855 1871 1075 1923 defendisse
1093 1871 1306 1921 iustitiam,
1331 1883 1455 1922 quam

117 1930 276 1972 Furius
305 1930 549 1982 sapientiam
580 1943 660 1971 esse
689 1934 947 1981 concesserat,
978 1931 1048 1972 sed
1075 1930 1285 1971 iniustam.
1333 1927 1455 1981 (Lae-

118 1989 273 2031 tantius
304 1989 395 2029 inst.
427 1989 506 2029 cliv.
546 1988 586 2029 V
609 1991 673 2030 16.
704 1989 875 2042 5-13.)

205 2047 263 2089 In
294 2047 394 2088 libro
424 2060 577 2100 quoque
606 2047 654 2089 de
682 2061 725 2088 re
747 2048 914 2100 publica
946 2048 1116 2090 secundo
1148 2047 1192 2089 id
1214 2048 1349 2099 ipsum
1373 2059 1454 2087 ver-

119 2106 212 2148 bum
231 2105 368 2148 Cicero
390 2107 513 2159 ponit
540 2120 622 2147 non
654 2109 794 2147 temere
825 2107 1126 2148 transeundum.
1183 2105 1313 2148 Verba
1340 2119 1388 2146 ex
1411 2118 1455 2146 eo

67 2175 101 2203 35
121 2165 221 2207 libro
251 2164 346 2207 liaeo
374 2168 491 2206 sunt:
525 2163 626 2206 Non
652 2179 866 2220 gravarer,
896 2164 1028 2219 Laeli,
1060 2164 1144 2206 nisi
1173 2167 1216 2206 eb
1239 2164 1318 2205 hos
1344 2163 1455 2204 velle

119 2226 316 2279 putarem
354 2226 397 2265 et
433 2223 524 2278 ipse
562 2238 759 2278 euperem
791 2226 834 2265 'ce
867 2238 1034 2278 quoque
1067 2224 1255 2278 aliquam
1287 2220 1455 2276 partem

118 2282 245 2324 huius
276 2282 415 2324 nostri
447 2282 654 2324 sermonis
688 2282 918 2338 attingere,
949 2282 1204 2338 praesertim
1236 2295 1331 2322 eum
1362 2279 1455 2320 heri

1460 374 1515 414 20

1471 425 1515 456 30

1476 1288 1516 1319 31

1469 2025 1522 2066 21

1481 2077 1524 2108 32
