1685 2568
77 760 108 785 10

76 1052 109 1078 15

78 1347 112 1372 20

81 1641 113 1666 25

82 1934 116 1960 30

83 2227 118 2253 35

445 122 532 158 ΜΒ.
559 122 603 158 11.
631 120 730 157 CAP.
758 125 907 156 33—37.
934 124 954 162 ς
979 124 1128 155 58-53.
1370 119 1452 160 327

124 219 380 263 aestumatio
412 218 620 274 pecudum
651 217 697 258 in
727 216 866 258 multa
895 215 990 271 lege
1021 213 1066 256 O.
1098 213 1198 255 Iulii
1225 213 1271 254 P.
1295 213 1457 268 Papirii

124 278 345 321 consulum
378 277 614 319 constituta
645 278 721 317 est.

212 335 294 378 Sed
321 336 487 390 aliquot
519 339 616 377 ante
649 334 784 388 annis,
815 348 910 375 cum
943 347 1110 374 summa
1142 333 1256 372 esset
1281 330 1460 372 auctori-

125 399 192 437 tas
232 395 278 437 in
321 397 472 437 senatu
515 394 675 449 populo
719 392 910 448 patiente
949 394 1077 445 atque
1115 392 1310 445 parente,
1352 389 1464 440 inita

126 454 236 496 ratio
268 456 351 507 est,
388 456 436 495 ut
468 455 511 494 et
542 452 737 494 consules
770 454 812 492 et
842 450 1006 491 tribuni
1036 449 1094 504 pl.
1126 448 1386 503 magistratu
1417 461 1462 488 se

126 513 384 566 abdicarent,
416 514 544 565 atque
574 514 623 552 ut
654 510 768 552 xviri
800 509 986 551 maxima
1010 510 1227 563 potestate
1254 506 1343 548 sine
1368 520 1463 561 pro-

125 569 361 627 vocatiofne
396 572 653 622 crearentur,
686 569 756 623 qui
785 571 827 609 et
853 581 1066 609 summum
1091 565 1317 620 imperium
1344 566 1398 617 [p.
1418 574 1462 605 42

125 629 335 672 haberent
355 631 398 670 et
418 629 534 684 leges
557 628 803 669 scriberent.
841 625 921 675 Qui
942 641 1036 668 cum
1057 637 1086 666 X
1105 625 1275 666 tabulas
1297 637 1465 664 summa

126 689 270 744 legum
308 687 524 742 aequitate
561 686 871 742 prudentiaque
909 684 1280 738 conscripsissent,
1317 682 1363 723 in
1394 696 1463 723 an-

126 762 228 789 num
264 749 486 802 posterum
525 744 787 787 decemviros
826 744 934 785 alios
967 744 1327 798 subrogaverunt,
1365 755 1464 795 quo-

127 821 222 847 rum
268 820 355 847 non
400 805 598 846 similiter
641 804 746 845 fides
789 817 867 844 nec
909 802 1077 843 iustitia
1120 801 1303 842 laudata.
1373 799 1464 848 Quo

127 867 272 906 tamen
316 879 338 905 e
382 864 566 919 collegio
604 862 699 904 laus
739 864 805 903 est
842 861 919 902 illa
957 861 1112 902 eximia
1150 859 1194 901 C.
1230 859 1349 913 Iulii,
1393 857 1466 913 qui

127 923 345 965 hominem
376 922 588 976 nobilem,
619 921 665 963 L.
698 920 902 974 Sestium,
935 920 1051 961 cuius
1084 920 1129 960 in
1161 917 1285 973 cu{bi-
1318 919 1371 970 [p.
1400 927 1464 958 137

128 982 224 1028 culo
251 982 464 1024 ecfossum
491 995 582 1022 esse
609 994 653 1022 se
679 982 904 1035 praesente
931 981 1148 1020 mortuum
1175 977 1346 1030 diceret,
1372 990 1467 1018 cum

127 1042 220 1096 ipse
257 1043 516 1096 potestatem
556 1054 767 1081 summam
804 1038 1000 1091 haberet,
1039 1037 1151 1092 quod
1183 1035 1467 1077 decemvirum

129 1100 220 1142 sine
257 1100 562 1154 provocatione
595 1100 724 1152 esset,
761 1096 890 1138 vades
922 1099 1067 1137 tamen
1099 1094 1317 1150 poposcit,
1357 1093 1468 1148 quod

129 1173 174 1201 se
206 1159 347 1214 legem
373 1158 495 1199 illam
521 1157 789 1212 praeclaram
815 1155 1112 1210 neglecturum
1138 1156 1329 1208 negaret,
1362 1166 1469 1206 quae

131 1218 180 1259 de
213 1217 352 1272 capite
384 1217 488 1258 civis
521 1215 706 1258 Romani
736 1214 821 1256 nisi
847 1213 1033 1255 comitiis
1060 1212 1310 1254 centuriatis
1337 1209 1469 1252 statui

129 1278 307 1319 vetaret.

218 1334 389 1376 Tertius
429 1336 494 1375 est
527 1348 661 1374 annus
694 1332 875 1374 xviralis
908 1333 1178 1384 consecutus,
1215 1344 1311 1371 cum
1342 1329 1470 1370 iidem
1486 1305 1541 1388 ἒξ

133 1396 276 1435 essent
306 1408 384 1434 nee
416 1392 523 1434 alios
557 1392 792 1446 subrogare
824 1391 1074 1432 voluissent.
1103 1389 1107 1442 Ι
1134 1388 1184 1430 In
1216 1388 1297 1430 hoc
1325 1389 1376 1439 [p.
1407 1397 1471 1428 138

133 1455 252 1494 statu
292 1452 353 1493 rei
391 1451 607 1506 publicae,
649 1465 774 1505 quem
813 1449 899 1490 dixi
935 1449 1023 1490 iam
1060 1462 1186 1502 saepe
1223 1461 1311 1488 non
1346 1460 1472 1501 posse

133 1526 225 1553 esse
258 1511 517 1564 diuturnum,
549 1509 663 1564 quod
692 1524 779 1550 non
805 1510 918 1550 esset
944 1508 988 1548 in
1014 1507 1152 1549 omnis
1180 1506 1348 1548 ordines
1375 1504 1474 1546 civi-

132 1570 238 1612 tatis
271 1569 518 1624 aequabilis,
552 1571 644 1609 erat
675 1581 804 1623 penes
837 1567 1050 1622 principes
1083 1568 1177 1607 tota
1208 1579 1275 1606 res
1301 1563 1474 1619 publica

132 1629 392 1685 praepositis
429 1628 566 1669 xviris
597 1626 898 1679 nobilissimis,
929 1640 1014 1667 non
1046 1624 1257 1680 oppositis
1289 1622 1474 1664 tribunis

134 1689 211 1743 pl.,
241 1687 373 1729 nullis
406 1687 503 1728 aliis
537 1686 748 1727 adiunctis
781 1684 1124 1740 magistratibUS,
1154 1697 1242 1724 non
1272 1696 1474 1737 provoca-

1475 310 1529 351 36

1487 362 1528 392 61

136 1747 250 1789 tione
296 1746 349 1788 ad
392 1745 600 1801 populum
644 1747 795 1786 contra
833 1758 979 1785 necem
1018 1745 1061 1784 et
1096 1742 1276 1783 verbera
1313 1740 1474 1782 relicta.

134 1806 252 1861 Ergo
291 1805 445 1846 horum
484 1819 534 1846 ex
570 1803 784 1845 iniustitia
821 1802 964 1844 subito
1003 1804 1152 1843 exorta
1190 1803 1255 1842 est
1287 1799 1474 1841 maxima
1501 1809 1545 1839 63

134 1864 413 1919 perturlbatio
446 1865 489 1904 et
520 1862 655 1904 totius
687 1862 967 1904 commutatio
999 1861 1061 1902 rei
1087 1860 1300 1916 publicae3
1335 1860 1386 1910 [p.
1410 1869 1475 1900 183

136 1923 208 1977 qui
246 1922 410 1964 duabus
447 1922 608 1963 tabulis
641 1921 883 1975 iniquarum
915 1920 1062 1976 legum
1095 1919 1271 1973 additis,
1310 1918 1477 1972 quibus,

136 1982 268 2023 etiam
312 1996 420 2036 quae
465 1980 666 2022 diiunctis
710 1980 882 2034 populis
925 1979 1060 2020 tribui
1101 1978 1242 2019 solent
1283 1976 1476 2030 conubia,

135 2041 241 2082 haec
271 2041 337 2081 illi
363 2043 412 2081 ut
435 2054 489 2081 ne
515 2039 659 2094 plebei
684 2053 780 2080 cum
805 2038 1002 2093 patribus
1029 2039 1184 2091 essent,
1215 2035 1477 2077 inhumanis-

136 2100 245 2141 sima
281 2100 377 2155 lege
418 2100 668 2151 sanxerunt,
707 2112 814 2151 quae
845 2099 997 2152 postea
1027 2096 1169 2151 plebei
1201 2095 1307 2137 scito
1341 2093 1477 2135 Canu-

137 2158 219 2200 leio
247 2158 459 2214 abrogata
485 2160 563 2211 est,
588 2156 899 2210 libidinoseque
926 2156 1043 2197 omni
1062 2155 1241 2209 imperio
1264 2156 1306 2195 et
1327 2153 1476 2195 acerbe

138 2219 181 2259 et
212 2232 339 2258 avare
370 2217 531 2272 populo
563 2215 854 2271 praefuerunt.
902 2213 1021 2256 Nota
1048 2214 1211 2255 scilicet
1236 2213 1313 2253 illa
1341 2225 1409 2252 res
1435 2213 1477 2252 et

137 2276 354 2318 celebrata
380 2277 679 2317 monumentis
706 2273 903 2328 plurimis
930 2274 1187 2325 litterarum,
1219 2286 1314 2313 cum
1342 2271 1393 2321 [p.
1411 2280 1477 2311 184

136 2334 339 2376 Decimus
384 2334 557 2388 quidam
594 2332 826 2387 Verginius
870 2332 1081 2387 virginem
1124 2331 1259 2372 filiam
1299 2330 1477 2383 propter
