1685 2568
193 614 237 644 44

195 1670 237 1700 45

196 2289 241 2319 46

263 98 348 139 268
822 98 884 133 DE
910 97 1035 132 FATO

262 196 355 247 est,
418 193 736 235 extrinsecus
791 194 957 248 pulsa,
1014 193 1143 247 quod
1197 194 1449 248 reliquum
1505 196 1600 245 est,

262 255 442 307 suapte
474 252 523 294 vi
555 255 604 294 et
634 255 819 294 natura
851 252 1152 293 movebitur.
1203 251 1395 300 Quodsi
1425 253 1600 307 aliqua
1644 271 1647 306 j

261 325 341 352 res
374 311 675 353 efficeretur
707 311 815 352 sine
847 325 998 353 causa
1030 311 1380 364 antecedente,
1411 310 1600 352 falsum
1646 307 1648 347 ?

263 372 400 411 esset
432 370 599 411 omnia
629 369 739 410 fato
770 369 911 423 fieri3
943 369 1023 409 sin
1049 369 1304 423 omnibus,
1337 384 1599 424 quaecum-

265 443 357 483 que
394 428 548 481 fiunt,
585 428 693 469 veri
732 427 899 468 simile
938 430 1016 468 est
1047 442 1249 469 causam
1281 429 1599 482 antecedere,
1628 428 1649 469 ἐ

264 487 384 541 quid
417 486 610 528 adferri
642 487 856 541 poterit,
895 501 980 527 cur
1012 501 1110 527 non
1142 487 1309 528 omnia
1339 487 1448 528 fato
1479 486 1600 528 fieri
1648 487 1650 533 ζ

263 546 527 587 fatendum
553 545 651 586 sit?
679 545 821 586 modo
848 545 1211 600 intellegatur,
1243 559 1368 599 quae
1396 545 1463 586 sit
1489 560 1602 587 cau·
1650 593 1651 600 Ι

264 619 432 646 sarum
475 603 746 645 distinctio
789 618 842 645 ac
883 603 1284 645 dissimilitudo.³
1346 604 1464 645 Haec
1506 619 1602 646 cum

261 663 325 704 ita
357 663 444 704 sint
476 678 501 704 a
530 661 771 717 Chrysippo
805 662 1029 716 explicata,
1062 663 1099 703 si
1128 662 1205 716 illi,
1237 663 1309 717 qui
1340 665 1502 718 negant
1534 663 1602 704 ad·
1650 688 1652 690 -

263 722 482 763 sensiones
518 721 611 762 fato
648 721 759 775 fieri,
796 721 826 775 †
851 721 1070 762 fateantur
1107 724 1252 762 tamen
1290 736 1360 762 eas
1392 736 1478 763 non
1511 721 1601 762 sine
1622 737 1645 762 1(

262 781 355 823 viso
383 780 659 821 antecedente
684 780 789 833 fieri,
822 780 908 821 alia
933 780 1043 821 ratio
1071 782 1154 834 est3
1187 780 1271 834 sed,
1304 780 1340 821 si
1366 780 1602 822 concedunt
1652 790 1653 826 ξ

264 840 426 881 anteire
464 839 573 892 visa,
614 854 691 880 nec
728 841 873 879 tamen
909 838 1000 880 fato
1032 838 1126 879 fieri
1158 839 1448 893 adsensiones,
1490 839 1602 893 quod

263 899 458 953 proxima
498 898 576 939 illa
616 900 659 939 et
700 897 922 939 continens
960 912 1089 938 causa
1124 912 1211 938 non
1248 901 1421 939 moveat
1458 898 1604 939 adsen-
1654 922 1655 931 1

265 957 445 1011 sionem,
483 957 597 1011 vide,
632 971 686 998 ne
717 956 830 997 idem
863 956 1016 997 dicant.
1075 954 1225 1010 Neque
1258 956 1371 997 enim
1404 955 1604 1012 Chrysip-

262 1030 362 1071 pus,
400 1016 633 1057 concedens
666 1015 931 1057 adsensionis
964 1015 1205 1069 proximam
1238 1017 1281 1056 et
1313 1015 1603 1056 continentem
1622 1025 1649 1054 15

264 1089 437 1117 causam
482 1088 574 1116 esse
617 1074 663 1115 in
701 1075 794 1115 viso
832 1074 1037 1129 positam,
1083 1075 1253 1128 [neque]
1296 1088 1390 1115 eam
1432 1089 1604 1116 causam

264 1148 356 1175 esse
401 1133 455 1175 ad
497 1133 824 1175 adsentiendum
866 1132 1153 1174 necessariam
1197 1133 1416 1187 concedet,
1458 1135 1524 1187 ut,
1567 1132 1605 1174 si

264 1192 408 1234 omnia
449 1192 541 1234 fato
582 1192 707 1245 fiant,
752 1191 896 1233 omnia
933 1191 1072 1233 causis
1110 1192 1218 1232 fiant
1256 1191 1604 1233 antecedentibus

263 1254 306 1293 et
348 1251 620 1305 necessariis,
662 1251 852 1305 itemque
895 1250 980 1304 illi,
1025 1250 1097 1304 qui
1137 1250 1190 1291 ab
1228 1250 1309 1291 hoc
1347 1250 1605 1292 dissentiunt

263 1310 517 1352 confitentes
549 1324 635 1351 non
666 1309 759 1350 fieri
791 1309 1064 1350 adsensiones
1098 1308 1188 1350 sine
1219 1309 1520 1363 praecursione
1545 1309 1604 1351 vi·
1624 1322 1652 1348 20

265 1383 428 1423 sorum,
473 1369 630 1421 dicent,
675 1368 712 1409 si
756 1367 900 1409 omnia
935 1367 1027 1409 fato
1065 1368 1216 1409 fierent
1254 1368 1343 1409 eius
1381 1368 1514 1422 modi,
1557 1371 1606 1409 ut

262 1428 371 1468 nihil
397 1428 519 1469 fieret
543 1427 627 1468 nisi
652 1426 978 1482 praegressione
1005 1441 1167 1479 causae,
1199 1426 1487 1468 confitendum
1514 1441 1606 1468 esse
1660 1452 1661 1460 1

262 1486 354 1528 fato
386 1486 480 1528 fieri
512 1486 673 1540 omnia,
705 1500 755 1527 ex
785 1500 868 1540 quo
894 1485 1020 1526 facile
1045 1485 1267 1526 intellectu
1293 1487 1372 1540 est,
1404 1485 1606 1540 quoniam
1660 1494 1661 1528 4

264 1546 434 1599 utrique
484 1545 703 1600 patefacta
747 1547 875 1599 atque
921 1544 1132 1598 explicata
1176 1544 1390 1585 sententia
1433 1559 1510 1586 sua
1553 1545 1607 1586 ad
1650 1573 1674 1587 ,-

265 1605 444 1670 eundem
477 1604 637 1645 exitum
670 1603 864 1669 veniant,
899 1603 1042 1668 veihis
1075 1617 1165 1668 eos,
1196 1617 1283 1644 non
1313 1617 1359 1644 re
1391 1603 1605 1645 dissidere.
1624 1614 1663 1642 25

265 1722 392 1763 rebus
433 1737 532 1763 vere
571 1721 652 1763 dici
688 1721 845 1776 possit,
889 1736 984 1762 cum
1021 1720 1102 1761 hae
1141 1735 1294 1762 causae
1332 1723 1606 1776 antegiessae

267 1781 364 1835 sint,
396 1795 483 1822 non
515 1795 606 1822 esse
637 1780 683 1821 in
713 1782 863 1821 nostra
894 1782 1122 1834 potestate,
1155 1779 1258 1833 quin
1288 1779 1366 1820 illa
1397 1779 1606 1834 eveniant,

266 1855 448 1894 quorum
492 1854 644 1881 causae
686 1838 864 1892 fuerint,
909 1838 1164 1892 quibusdam
1209 1840 1353 1879 autem
1396 1838 1441 1879 in
1479 1839 1606 1880 rebus
1662 1843 1665 1862 '¹

267 1899 406 1940 causis
440 1898 702 1954 antegressis
733 1897 779 1938 in
809 1898 961 1938 nostra
992 1899 1138 1938 tamen
1169 1911 1261 1937 esse
1292 1898 1527 1952 potestate,
1558 1900 1658 1938 ut³⁰

265 1958 373 1999 illud
418 1958 544 1998 aliter
588 1957 774 2010 eveniat,
817 1956 927 1997 hanc
972 1955 1291 1997 distinctionem
1328 1955 1499 2010 utrique
1538 1956 1607 1997 ad·
1668 1967 1669 2002 j

266 2017 466 2072 probant,
500 2016 573 2057 sed
600 2015 727 2057 alteri
752 2017 939 2067 censent,
972 2015 1126 2069 quibus
1151 2014 1197 2055 in
1220 2014 1363 2068 rebus,
1393 2029 1488 2056 cum
1514 2029 1608 2056 cau·

268 2090 339 2116 sae
367 2075 688 2129 antecesserint,
714 2088 802 2116 non
828 2073 885 2114 sit
909 2073 954 2114 in
979 2076 1129 2115 nostra
1154 2075 1382 2128 potestate,
1407 2075 1456 2114 ut
1482 2073 1609 2115 aliter
1662 2042 1676 2135 Ι*

267 2134 345 2175 illa
386 2134 603 2187 eveniant,
648 2147 718 2175 eas
758 2132 851 2174 fato
891 2132 1003 2186 fieri,
1048 2146 1155 2186 quae
1197 2134 1340 2173 autem
1377 2131 1423 2173 in
1458 2135 1608 2174 nostra
1623 2136 1678 2239 35ΙΙ

267 2194 484 2248 potestate
516 2193 615 2246 sint,
648 2191 702 2233 ab
733 2190 786 2232 iis
817 2190 957 2232 fatum
990 2191 1159 2232 abesse.
1181 2224 1188 2231 .
1209 2223 1247 2232 ..

357 2251 451 2293 Hoc
491 2251 617 2292 modo
658 2250 770 2291 hanc
814 2264 985 2291 causam
1027 2248 1257 2304 disceptari
1295 2250 1484 2304 oportet,
1522 2263 1609 2291 non
1664 2234 1681 2434 ΙΙ

269 2311 323 2352 ab
363 2310 519 2352 atomis
558 2309 801 2351 errantibus
839 2311 883 2349 et
920 2308 970 2349 de
1007 2308 1078 2351 via
1115 2308 1428 2349 declinantibus
1464 2310 1608 2363 petere
1673 2307 1680 2348 ².
