1685 2568
137 72 225 113 446
660 72 724 107 DE
749 72 953 108 LEGIBUS

137 168 278 223 plebi
309 168 474 211 libera
505 171 668 211 sunto.
724 168 840 218 Quae
868 169 937 210 lex
960 169 1072 211 hanc
1097 169 1355 211 sententiam
1376 183 1474 212 con-

138 228 266 282 tinet,
297 230 346 269 ut
377 242 524 269 omnes
555 227 673 283 leges
705 228 853 281 tollat,
891 242 1000 282 quae
1031 230 1184 282 postea
1215 228 1329 270 latae
1361 230 1473 283 sunt,

139 300 247 340 quae
284 288 438 342 tegunt
476 286 593 328 omni
624 286 791 328 ratione
823 286 1093 341 suffragium,
1132 301 1185 328 ne
1218 286 1312 341 quis
1343 286 1473 342 inspi-

139 345 225 386 ciat
255 345 477 399 tabellam,
506 359 560 386 ne
585 347 721 400 roget,
751 359 805 386 ne
831 345 1038 399 appellet3
1068 347 1222 400 pontes
1249 345 1380 386 etiam
1404 345 1473 386 lex

69 413 113 444 39
139 403 278 445 Maria
315 403 419 445 fecit
456 405 676 459 angustos.
738 402 855 451 Quae
892 403 929 444 si
967 404 1168 458 opposita
1204 406 1304 445 sunt
1341 403 1509 445 ambi-5

138 461 280 516 tiosis,
316 464 365 503 ut
397 464 497 503 sunt
526 461 633 515 fere,
672 475 759 503 non
788 461 1071 516 reprehend03
1113 463 1178 504 sin
1209 462 1239 517 †
1259 462 1474 504 valuerint

138 523 284 562 tamen
314 521 432 576 leges
463 523 512 562 ut
541 534 595 561 110
627 519 708 561 81111
740 521 940 574 ambitus,
971 520 1131 562 habeat
1162 536 1263 563 sane
1287 521 1473 576 populus

138 580 346 621 tabellam
388 579 510 633 quasi
552 578 761 620 vindicem
799 579 1032 633 libertatis,
1073 580 1173 621 dum
1211 581 1336 622 modo
1368 580 1472 622 haec

139 639 303 693 optimo
335 638 485 692 cuique
517 639 560 679 et
592 637 847 692 gravissimo
880 637 961 679 civi
993 639 1244 680 ostendatur
1273 639 1473 693 ultroque

140 698 361 751 offeratur,
398 699 447 738 ut
483 696 528 737 in
566 710 615 738 eo
654 696 711 737 sit
747 696 841 751 ipso
880 697 1078 751 libertas,
1115 697 1161 738 in
1198 712 1280 752 quo
1312 698 1472 752 populo
1493 709 1526 734 1⁰

138 758 332 811 potestas
358 755 537 797 honeste
562 755 687 796 bonis
714 756 985 811 gratificandi
1010 756 1147 798 datur.
1189 755 1337 810 quue
1362 770 1474 798 nunc

137 815 189 856 fit
219 815 338 867 illud,
371 814 483 868 quod
514 829 539 856 a
570 816 614 855 te
647 815 786 869 modo,
817 813 984 868 Quinte,
1017 815 1177 857 dictum
1211 818 1287 868 est,
1318 817 1367 856 ut
1398 815 1474 856 mi-

137 888 218 916 nus
244 874 403 914 multos
429 873 592 914 tabella
618 873 881 928 condemnet,
908 888 1036 928 quam
1062 874 1230 915 solebat
1255 888 1348 927 vox,
1374 873 1474 928 quia

137 933 298 989 populo
331 932 456 973 licere
488 931 594 973 satis
627 934 703 973 est.
757 931 851 973 Hoc
882 935 1050 974 retento
1082 933 1247 987 reliqua
1271 933 1471 974 voluntas

139 991 387 1033 auctoritati
426 993 500 1032 aut
538 990 704 1046 gratiae
736 991 932 1032 traditur.
992 991 1163 1046 Itaque,
1194 994 1242 1033 ut
1272 992 1472 1033 omittam
1492 1003 1525 1029 15

137 1050 369 1105 largitione
413 1051 616 1104 corrupta
656 1049 876 1105 suffragia,
921 1065 1008 1091 non
1049 1051 1186 1104 vides,
1230 1051 1265 1092 si
1303 1050 1471 1105 quando

139 1109 326 1151 ambitus
359 1109 502 1162 sileat,
541 1108 688 1163 quaeri
724 1108 769 1149 in
801 1109 1035 1164 suffragiis,
1075 1109 1175 1163 quid
1207 1109 1360 1164 optimi
1391 1109 1473 1150 viri

139 1168 356 1210 sentiant?
407 1166 544 1215 Quam
576 1167 631 1208 ob
657 1182 747 1208 rem
773 1167 868 1223 lege
893 1170 1044 1209 nostra
1068 1168 1284 1210 libertatis
1311 1168 1471 1223 species

139 1228 276 1280 datur,
302 1226 537 1268 auctoritas
562 1226 773 1268 bonorum
793 1226 1014 1281 retinetur,
1039 1226 1323 1269 contentionis
1344 1241 1472 1269 causa

137 1286 319 1328 tollitur.
1490 1298 1524 1323 20

225 1344 389 1386 Deinde
418 1343 623 1398 sequitur,
655 1344 809 1399 quibus
834 1345 901 1386 ius
928 1345 984 1386 sit
1010 1360 1106 1387 cum
1131 1345 1290 1400 populo
1317 1344 1471 1400 agendi

138 1406 213 1445 aut
244 1418 339 1445 cum
372 1406 540 1457 senatu3
573 1407 658 1444 tum
690 1403 834 1459 gravis
861 1405 915 1458 et,
946 1407 994 1445 ut
1020 1404 1218 1458 arbitror,
1248 1404 1472 1458 praeclara

136 1463 222 1504 lex:
262 1462 373 1515 Quae
409 1476 500 1504 cum
530 1463 681 1515 populo
713 1477 940 1517 quaeque
972 1463 1022 1504 in
1052 1462 1289 1517 patribus
1322 1477 1471 1517 agen-

135 1524 237 1576 tur,
280 1521 477 1563 modica
515 1523 682 1575 sunto,
725 1521 768 1562 id
806 1524 872 1562 est
908 1521 1102 1562 modesta
1139 1524 1267 1576 atque
1305 1521 1470 1576 sedata3

137 1583 257 1623 actor
288 1580 401 1621 enim
432 1580 678 1621 moderatur
710 1582 753 1622 et
782 1580 909 1635 fingit
939 1595 1023 1621 non
1057 1580 1182 1621 modo
1209 1582 1395 1621 mentem
1422 1595 1470 1622 ac
1489 1591 1522 1617 2⁵

136 1640 402 1693 voluntates,
441 1639 514 1680 sed
545 1653 679 1693 paene
711 1639 855 1681 vultus
888 1653 1051 1692 eorum,
1083 1639 1194 1693 apud
1227 1653 1333 1693 quos
1365 1639 1470 1694 agit.

137 1698 259 1748 Quod
285 1700 350 1739 est
374 1698 420 1739 in
446 1700 597 1739 senatu
622 1713 708 1739 non
734 1697 919 1751 difficile,
950 1700 1015 1739 est
1042 1698 1154 1739 enim
1179 1697 1271 1752 ipse
1297 1701 1470 1739 senator

135 1758 185 1812 is,
211 1757 328 1799 cuius
354 1771 441 1798 non
466 1757 520 1798 ad
540 1759 757 1798 auctorem
776 1756 986 1798 referatur
1006 1756 1184 1810 animus,
1210 1757 1282 1798 sed
1304 1757 1375 1811 qui
1394 1771 1470 1811 per

137 1831 181 1858 se
212 1816 303 1871 ipse
336 1816 522 1870 spectari
552 1816 670 1858 velit.
718 1814 829 1857 Huic
860 1815 977 1856 iussa
1008 1815 1093 1856 tria
1118 1817 1235 1857 sunt:
1265 1818 1314 1856 ut
1339 1815 1470 1870 adsit3

135 1890 236 1917 nam
274 1875 532 1930 gravitatem
564 1889 632 1916 res
663 1874 812 1928 habet,
853 1889 982 1928 quom
1018 1874 1217 1929 frequens
1251 1874 1352 1916 ordo
1385 1877 1522 1928 est330

135 1937 185 1975 ut
210 1934 304 1975 1000
331 1934 455 1987 dicat,
481 1934 524 1974 id
550 1936 615 1975 est
640 1936 836 1989 rogatus3
863 1936 910 1974 ut
933 1933 1071 1987 modo,
1098 1948 1152 1974 ne
1178 1933 1234 1974 sit
1259 1933 1469 1988 infinitus3

134 2008 235 2034 nam
276 1992 465 2034 brevitas
502 2007 588 2034 non
626 1992 750 2034 modo
789 1992 1018 2046 senatoris,
1059 1992 1132 2033 sed
1169 1992 1298 2033 etiam
1330 1995 1469 2034 orato-

135 2053 195 2093 ris
239 2065 397 2107 magna
433 2051 528 2092 laus
567 2053 632 2092 est
668 2051 713 2092 in
750 2051 974 2092 sententia.
1036 2050 1126 2092 Nec
1163 2054 1229 2092 est
1265 2065 1469 2105 umquam

135 2111 267 2166 longa
313 2110 506 2152 oratione
552 2110 774 2164 utendum,
818 2110 902 2151 nisi
952 2111 1026 2152 aut
1072 2112 1273 2164 peccante
1317 2112 1469 2151 senatu

136 2169 268 2225 (quod
293 2169 343 2210 fit
369 2169 601 2211 ambitione
629 2168 896 2225 saepissime)
923 2169 1042 2210 nullo
1071 2169 1329 2224 magistratu
1354 2168 1468 2211 adiu·
1487 2179 1519 2204 35

136 2231 263 2270 vante
294 2228 392 2270 tolli
424 2228 535 2269 diem
566 2228 673 2269 utile
706 2230 782 2281 est,
814 2230 889 2269 aut
921 2242 1049 2282 quom
1078 2230 1202 2268 tanta
1233 2242 1360 2269 causa
1392 2229 1468 2280 est,

136 2289 184 2328 ut
228 2302 334 2342 opus
373 2287 430 2328 sit
469 2286 653 2328 oratoris
690 2286 812 2341 copia
843 2286 911 2328 vel
943 2287 997 2328 ad
1028 2286 1285 2328 hortandum
1316 2286 1384 2328 vel
1416 2285 1469 2327 ad

68 1326 121 1368 18

66 1379 112 1410 40
