<?xml version="1.0" encoding="UTF-8"?>
<!DOCTYPE html PUBLIC "-//W3C//DTD XHTML 1.0 Transitional//EN"
    "http://www.w3.org/TR/xhtml1/DTD/xhtml1-transitional.dtd">
<html xmlns="http://www.w3.org/1999/xhtml" xml:lang="en" lang="en">
 <head>
  <title>
</title>
<meta http-equiv="Content-Type" content="text/html;charset=utf-8" />
  <meta name='ocr-system' content='tesseract 3.04.00' />
  <meta name='ocr-capabilities' content='ocr_page ocr_carea ocr_par ocr_line ocrx_word'/>
</head>
<body>
  <div class='ocr_page' id='page_1' title='image "./p2scriptaquaemanse04ciceuoft_0405.png"; bbox 0 0 1685 2568; ppageno 0'>
   <div class='ocr_carea' id='block_1_1' title="bbox 200 98 1425 144">
    <p class='ocr_par' dir='ltr' id='par_1_1' title="bbox 200 98 1425 144">
     <span class='ocr_line' id='line_1_1' title="bbox 200 98 1425 144; baseline -0.001 -9"><span class='ocrx_word' id='word_1_1' title='bbox 200 101 289 136; x_wconf 75' lang='grc' dir='ltr'>ΜΒ.</span> <span class='ocrx_word' id='word_1_2' title='bbox 315 101 378 137; x_wconf 81' lang='grc' dir='ltr'>ΙΙΙ.</span> <span class='ocrx_word' id='word_1_3' title='bbox 405 99 595 144; x_wconf 67' lang='lat' dir='ltr'><strong>FRAGM„</strong></span> <span class='ocrx_word' id='word_1_4' title='bbox 620 99 709 135; x_wconf 90' lang='lat' dir='ltr'><strong>LIB.</strong></span> <span class='ocrx_word' id='word_1_5' title='bbox 735 99 797 135; x_wconf 86' lang='lat' dir='ltr'>IV.</span> <span class='ocrx_word' id='word_1_6' title='bbox 822 98 1018 142; x_wconf 84' lang='lat' dir='ltr'><strong>ARGUM.‚</strong></span> <span class='ocrx_word' id='word_1_7' title='bbox 1045 99 1145 134; x_wconf 86' lang='lat' dir='ltr'>CAP.</span> <span class='ocrx_word' id='word_1_8' title='bbox 1173 104 1203 135; x_wconf 89' lang='lat'>1.</span> <span class='ocrx_word' id='word_1_9' title='bbox 1230 104 1250 142; x_wconf 68' lang='grc' dir='ltr'>ἓ</span> <span class='ocrx_word' id='word_1_10' title='bbox 1278 104 1307 134; x_wconf 89' lang='grc'>1.</span> <span class='ocrx_word' id='word_1_11' title='bbox 1340 99 1425 141; x_wconf 80' lang='lat'>353</span> 
     </span>
    </p>
   </div>
   <div class='ocr_carea' id='block_1_2' title="bbox 293 241 1229 414">
    <p class='ocr_par' dir='ltr' id='par_1_2' title="bbox 293 241 1229 414">
     <span class='ocr_line' id='line_1_2' title="bbox 421 241 1099 292; baseline -0.004 0"><span class='ocrx_word' id='word_1_12' title='bbox 421 245 484 292; x_wconf 88' lang='lat' dir='ltr'>M.</span> <span class='ocrx_word' id='word_1_13' title='bbox 523 244 735 291; x_wconf 81' lang='lat' dir='ltr'>TULLII</span> <span class='ocrx_word' id='word_1_14' title='bbox 771 241 1099 291; x_wconf 73' lang='lat' dir='ltr'>CICERONIS</span> 
     </span>
     <span class='ocr_line' id='line_1_3' title="bbox 293 346 1229 414; baseline -0.003 -2"><span class='ocrx_word' id='word_1_15' title='bbox 293 349 354 412; x_wconf 90' lang='lat' dir='ltr'>D</span> <span class='ocrx_word' id='word_1_16' title='bbox 381 349 436 412; x_wconf 89' lang='lat' dir='ltr'><strong>E</strong></span> <span class='ocrx_word' id='word_1_17' title='bbox 503 349 565 412; x_wconf 87' lang='lat' dir='ltr'><strong>R</strong></span> <span class='ocrx_word' id='word_1_18' title='bbox 589 348 644 411; x_wconf 88' lang='lat' dir='ltr'><strong>E</strong></span> <span class='ocrx_word' id='word_1_19' title='bbox 704 348 759 412; x_wconf 89' lang='lat' dir='ltr'>P</span> <span class='ocrx_word' id='word_1_20' title='bbox 783 349 846 414; x_wconf 89' lang='lat' dir='ltr'>U</span> <span class='ocrx_word' id='word_1_21' title='bbox 870 349 925 412; x_wconf 86' lang='lat' dir='ltr'>B</span> <span class='ocrx_word' id='word_1_22' title='bbox 951 348 1005 411; x_wconf 90' lang='lat' dir='ltr'>L</span> <span class='ocrx_word' id='word_1_23' title='bbox 1029 347 1065 410; x_wconf 95' lang='lat' dir='ltr'>I</span> <span class='ocrx_word' id='word_1_24' title='bbox 1090 346 1138 410; x_wconf 80' lang='lat' dir='ltr'>G</span> <span class='ocrx_word' id='word_1_25' title='bbox 1164 346 1229 410; x_wconf 93' lang='lat' dir='ltr'>A</span> 
     </span>
    </p>
   </div>
   <div class='ocr_carea' id='block_1_3' title="bbox 502 466 1020 513">
    <p class='ocr_par' dir='ltr' id='par_1_3' title="bbox 502 466 1020 513">
     <span class='ocr_line' id='line_1_4' title="bbox 502 466 1020 513; baseline 0.002 -9"><span class='ocrx_word' id='word_1_26' title='bbox 502 466 688 506; x_wconf 86' lang='lat' dir='ltr'>LIBER</span> <span class='ocrx_word' id='word_1_27' title='bbox 726 466 1020 513; x_wconf 82' lang='lat' dir='ltr'><strong>QUARTUS.</strong></span> 
     </span>
    </p>
   </div>
   <div class='ocr_carea' id='block_1_4' title="bbox 566 643 956 682">
    <p class='ocr_par' dir='ltr' id='par_1_4' title="bbox 566 643 956 682">
     <span class='ocr_line' id='line_1_5' title="bbox 566 643 956 682; baseline -0.003 0"><span class='ocrx_word' id='word_1_28' title='bbox 566 643 956 682; x_wconf 79' lang='lat' dir='ltr'><strong>ARGUMENTUM.</strong></span> 
     </span>
    </p>
   </div>
   <div class='ocr_carea' id='block_1_5' title="bbox 92 717 1433 1326">
    <p class='ocr_par' dir='ltr' id='par_1_5' title="bbox 92 717 1433 1326">
     <span class='ocr_line' id='line_1_6' title="bbox 189 717 1432 762; baseline -0.002 -8"><span class='ocrx_word' id='word_1_29' title='bbox 189 718 370 760; x_wconf 79' lang='lat' dir='ltr'><strong>Quoniam</strong></span> <span class='ocrx_word' id='word_1_30' title='bbox 403 719 536 754; x_wconf 83' lang='lat' dir='ltr'>civitas</span> <span class='ocrx_word' id='word_1_31' title='bbox 570 719 762 754; x_wconf 88' lang='lat' dir='ltr'>hominum</span> <span class='ocrx_word' id='word_1_32' title='bbox 794 721 852 754; x_wconf 86' lang='lat' dir='ltr'>est</span> <span class='ocrx_word' id='word_1_33' title='bbox 881 719 991 754; x_wconf 87' lang='lat' dir='ltr'>beate</span> <span class='ocrx_word' id='word_1_34' title='bbox 1021 719 1249 762; x_wconf 74' lang='lat' dir='ltr'>honesteque</span> <span class='ocrx_word' id='word_1_35' title='bbox 1280 717 1432 753; x_wconf 84' lang='lat' dir='ltr'>vivendi</span> 
     </span>
     <span class='ocr_line' id='line_1_7' title="bbox 95 765 1417 812; baseline 0 -12"><span class='ocrx_word' id='word_1_36' title='bbox 95 766 265 809; x_wconf 71' lang='lat' dir='ltr'>societas,</span> <span class='ocrx_word' id='word_1_37' title='bbox 291 766 391 801; x_wconf 89' lang='lat' dir='ltr'>haud</span> <span class='ocrx_word' id='word_1_38' title='bbox 417 777 502 801; x_wconf 89' lang='lat' dir='ltr'>sane</span> <span class='ocrx_word' id='word_1_39' title='bbox 528 766 654 812; x_wconf 85' lang='lat' dir='ltr'>potuit</span> <span class='ocrx_word' id='word_1_40' title='bbox 678 766 767 807; x_wconf 81' lang='lat' dir='ltr'>fieri,</span> <span class='ocrx_word' id='word_1_41' title='bbox 794 766 893 810; x_wconf 86' lang='lat' dir='ltr'>quin,</span> <span class='ocrx_word' id='word_1_42' title='bbox 921 778 1002 801; x_wconf 90' lang='lat' dir='ltr'>cum</span> <span class='ocrx_word' id='word_1_43' title='bbox 1029 766 1074 801; x_wconf 89' lang='lat' dir='ltr'>de</span> <span class='ocrx_word' id='word_1_44' title='bbox 1100 765 1254 808; x_wconf 88' lang='lat' dir='ltr'>iustitia,</span> <span class='ocrx_word' id='word_1_45' title='bbox 1282 775 1354 809; x_wconf 83' lang='lat' dir='ltr'>qua</span> <span class='ocrx_word' id='word_1_46' title='bbox 1378 765 1417 800; x_wconf 87' lang='lat' dir='ltr'>vi</span> 
     </span>
     <span class='ocr_line' id='line_1_8' title="bbox 93 812 1430 858; baseline -0.001 -10"><span class='ocrx_word' id='word_1_47' title='bbox 93 815 154 848; x_wconf 84' lang='lat' dir='ltr'>tae</span> <span class='ocrx_word' id='word_1_48' title='bbox 173 814 303 848; x_wconf 87' lang='lat' dir='ltr'>beatae</span> <span class='ocrx_word' id='word_1_49' title='bbox 325 813 492 848; x_wconf 80' lang='lat' dir='ltr'>condicio</span> <span class='ocrx_word' id='word_1_50' title='bbox 514 813 735 855; x_wconf 73' lang='lat' dir='ltr'>continetur,</span> <span class='ocrx_word' id='word_1_51' title='bbox 754 813 850 848; x_wconf 86' lang='lat' dir='ltr'>libro</span> <span class='ocrx_word' id='word_1_52' title='bbox 871 813 1058 858; x_wconf 83' lang='lat' dir='ltr'>superiore</span> <span class='ocrx_word' id='word_1_53' title='bbox 1078 812 1309 858; x_wconf 89' lang='lat' dir='ltr'>disputatum</span> <span class='ocrx_word' id='word_1_54' title='bbox 1321 813 1430 855; x_wconf 84' lang='lat' dir='ltr'>esset,</span> 
     </span>
     <span class='ocr_line' id='line_1_9' title="bbox 94 859 1430 896; baseline 0 -2"><span class='ocrx_word' id='word_1_55' title='bbox 94 860 169 895; x_wconf 89' lang='lat' dir='ltr'>iam</span> <span class='ocrx_word' id='word_1_56' title='bbox 195 860 240 895; x_wconf 89' lang='lat' dir='ltr'>de</span> <span class='ocrx_word' id='word_1_57' title='bbox 265 861 428 896; x_wconf 91' lang='lat' dir='ltr'>moribus</span> <span class='ocrx_word' id='word_1_58' title='bbox 448 861 486 896; x_wconf 89' lang='lat' dir='ltr'>et</span> <span class='ocrx_word' id='word_1_59' title='bbox 505 860 777 895; x_wconf 78' lang='lat' dir='ltr'>conformandis</span> <span class='ocrx_word' id='word_1_60' title='bbox 798 862 836 895; x_wconf 87' lang='lat' dir='ltr'>et</span> <span class='ocrx_word' id='word_1_61' title='bbox 855 860 1002 895; x_wconf 87' lang='lat' dir='ltr'>tuendis</span> <span class='ocrx_word' id='word_1_62' title='bbox 1023 871 1142 895; x_wconf 90' lang='lat' dir='ltr'>sermo</span> <span class='ocrx_word' id='word_1_63' title='bbox 1162 859 1430 894; x_wconf 71' lang='lat' dir='ltr'>institueretur.</span> 
     </span>
     <span class='ocr_line' id='line_1_10' title="bbox 93 906 1430 953; baseline -0.001 -11"><span class='ocrx_word' id='word_1_64' title='bbox 93 908 148 942; x_wconf 87' lang='lat' dir='ltr'>Ac</span> <span class='ocrx_word' id='word_1_65' title='bbox 184 909 443 953; x_wconf 79' lang='lat' dir='ltr'>praeterquam</span> <span class='ocrx_word' id='word_1_66' title='bbox 477 908 575 952; x_wconf 89' lang='lat' dir='ltr'>quod</span> <span class='ocrx_word' id='word_1_67' title='bbox 614 907 685 942; x_wconf 88' lang='lat' dir='ltr'>duo</span> <span class='ocrx_word' id='word_1_68' title='bbox 724 907 806 951; x_wconf 79' lang='lat' dir='ltr'>illa,</span> <span class='ocrx_word' id='word_1_69' title='bbox 846 918 938 951; x_wconf 88' lang='lat' dir='ltr'>quae</span> <span class='ocrx_word' id='word_1_70' title='bbox 972 907 1052 942; x_wconf 84' lang='lat' dir='ltr'>sola</span> <span class='ocrx_word' id='word_1_71' title='bbox 1083 907 1198 942; x_wconf 81' lang='lat' dir='ltr'>codex</span> <span class='ocrx_word' id='word_1_72' title='bbox 1228 906 1430 941; x_wconf 72' lang='lat' dir='ltr'>Vaticanus</span> 
     </span>
     <span class='ocr_line' id='line_1_11' title="bbox 92 953 1432 1000; baseline -0.001 -12"><span class='ocrx_word' id='word_1_73' title='bbox 92 956 271 1000; x_wconf 81' lang='lat' dir='ltr'>praestat,</span> <span class='ocrx_word' id='word_1_74' title='bbox 296 955 405 989; x_wconf 90' lang='lat' dir='ltr'>huius</span> <span class='ocrx_word' id='word_1_75' title='bbox 431 954 518 989; x_wconf 87' lang='lat' dir='ltr'>libri</span> <span class='ocrx_word' id='word_1_76' title='bbox 535 954 744 1000; x_wconf 84' lang='lat' dir='ltr'>fragmenta</span> <span class='ocrx_word' id='word_1_77' title='bbox 762 954 951 999; x_wconf 84' lang='lat' dir='ltr'>publicam</span> <span class='ocrx_word' id='word_1_78' title='bbox 970 954 1174 989; x_wconf 84' lang='lat' dir='ltr'>iuventutis</span> <span class='ocrx_word' id='word_1_79' title='bbox 1195 953 1432 998; x_wconf 83' lang='lat' dir='ltr'>disciplinam</span> 
     </span>
     <span class='ocr_line' id='line_1_12' title="bbox 94 1000 1432 1046; baseline -0.001 -10"><span class='ocrx_word' id='word_1_80' title='bbox 94 1001 298 1046; x_wconf 83' lang='lat' dir='ltr'>attingunt,</span> <span class='ocrx_word' id='word_1_81' title='bbox 333 1002 395 1046; x_wconf 86' lang='lat' dir='ltr'>qui</span> <span class='ocrx_word' id='word_1_82' title='bbox 427 1002 473 1036; x_wconf 89' lang='lat' dir='ltr'>ab</span> <span class='ocrx_word' id='word_1_83' title='bbox 506 1001 589 1036; x_wconf 89' lang='lat' dir='ltr'>aliis</span> <span class='ocrx_word' id='word_1_84' title='bbox 623 1001 864 1046; x_wconf 82' lang='lat' dir='ltr'>scriptoribus</span> <span class='ocrx_word' id='word_1_85' title='bbox 889 1001 952 1036; x_wconf 79' lang='lat' dir='ltr'>vel</span> <span class='ocrx_word' id='word_1_86' title='bbox 977 1013 1020 1036; x_wconf 85' lang='lat' dir='ltr'>ex</span> <span class='ocrx_word' id='word_1_87' title='bbox 1044 1001 1115 1036; x_wconf 92' lang='lat' dir='ltr'>hoc</span> <span class='ocrx_word' id='word_1_88' title='bbox 1140 1001 1222 1046; x_wconf 87' lang='lat' dir='ltr'>ipso</span> <span class='ocrx_word' id='word_1_89' title='bbox 1248 1000 1342 1034; x_wconf 91' lang='lat' dir='ltr'>libro</span> <span class='ocrx_word' id='word_1_90' title='bbox 1369 1000 1432 1034; x_wconf 90' lang='lat' dir='ltr'>ad-</span> 
     </span>
     <span class='ocr_line' id='line_1_13' title="bbox 94 1046 1433 1093; baseline -0.001 -10"><span class='ocrx_word' id='word_1_91' title='bbox 94 1048 263 1083; x_wconf 81' lang='lat' dir='ltr'>feruntur</span> <span class='ocrx_word' id='word_1_92' title='bbox 287 1048 347 1083; x_wconf 87' lang='lat' dir='ltr'>vel</span> <span class='ocrx_word' id='word_1_93' title='bbox 372 1048 464 1083; x_wconf 86' lang='lat' dir='ltr'>Maii</span> <span class='ocrx_word' id='word_1_94' title='bbox 489 1048 638 1093; x_wconf 90' lang='lat' dir='ltr'>quidem</span> <span class='ocrx_word' id='word_1_95' title='bbox 662 1048 802 1083; x_wconf 87' lang='lat' dir='ltr'>iudicio</span> <span class='ocrx_word' id='word_1_96' title='bbox 828 1059 872 1082; x_wconf 82' lang='lat' dir='ltr'>ex</span> <span class='ocrx_word' id='word_1_97' title='bbox 898 1048 1028 1083; x_wconf 90' lang='lat' dir='ltr'>eodem</span> <span class='ocrx_word' id='word_1_98' title='bbox 1054 1049 1140 1082; x_wconf 90' lang='lat' dir='ltr'>sunt</span> <span class='ocrx_word' id='word_1_99' title='bbox 1163 1047 1333 1092; x_wconf 85' lang='lat' dir='ltr'>repetiti,</span> <span class='ocrx_word' id='word_1_100' title='bbox 1358 1046 1433 1081; x_wconf 90' lang='lat' dir='ltr'>loci</span> 
     </span>
     <span class='ocr_line' id='line_1_14' title="bbox 96 1093 1432 1140; baseline -0.001 -11"><span class='ocrx_word' id='word_1_101' title='bbox 96 1095 226 1130; x_wconf 90' lang='lat' dir='ltr'>eodem</span> <span class='ocrx_word' id='word_1_102' title='bbox 256 1095 444 1140; x_wconf 88' lang='lat' dir='ltr'>pertinent</span> <span class='ocrx_word' id='word_1_103' title='bbox 479 1107 614 1132; x_wconf 89' lang='lat' dir='ltr'>omnes.</span> <span class='ocrx_word' id='word_1_104' title='bbox 665 1095 759 1130; x_wconf 85' lang='lat' dir='ltr'>Sunt</span> <span class='ocrx_word' id='word_1_105' title='bbox 790 1095 889 1130; x_wconf 87' lang='lat' dir='ltr'>enim</span> <span class='ocrx_word' id='word_1_106' title='bbox 919 1095 1057 1140; x_wconf 86' lang='lat' dir='ltr'>partim</span> <span class='ocrx_word' id='word_1_107' title='bbox 1084 1095 1128 1129; x_wconf 90' lang='lat' dir='ltr'>de</span> <span class='ocrx_word' id='word_1_108' title='bbox 1153 1094 1301 1129; x_wconf 82' lang='lat' dir='ltr'>tuendis</span> <span class='ocrx_word' id='word_1_109' title='bbox 1327 1093 1432 1129; x_wconf 90' lang='lat' dir='ltr'>insti-</span> 
     </span>
     <span class='ocr_line' id='line_1_15' title="bbox 94 1141 1432 1188; baseline -0.001 -12"><span class='ocrx_word' id='word_1_110' title='bbox 94 1142 205 1186; x_wconf 89' lang='lat' dir='ltr'>tutis,</span> <span class='ocrx_word' id='word_1_111' title='bbox 230 1142 410 1186; x_wconf 87' lang='lat' dir='ltr'>moribus,</span> <span class='ocrx_word' id='word_1_112' title='bbox 436 1142 651 1185; x_wconf 77' lang='lat' dir='ltr'>virtutibus,</span> <span class='ocrx_word' id='word_1_113' title='bbox 676 1142 814 1188; x_wconf 87' lang='lat' dir='ltr'>partim</span> <span class='ocrx_word' id='word_1_114' title='bbox 840 1142 884 1176; x_wconf 90' lang='lat' dir='ltr'>de</span> <span class='ocrx_word' id='word_1_115' title='bbox 911 1143 1109 1177; x_wconf 83' lang='lat' dir='ltr'>earundem</span> <span class='ocrx_word' id='word_1_116' title='bbox 1133 1153 1255 1175; x_wconf 89' lang='lat' dir='ltr'>rerum</span> <span class='ocrx_word' id='word_1_117' title='bbox 1279 1141 1432 1176; x_wconf 88' lang='lat' dir='ltr'>tuenda-</span> 
     </span>
     <span class='ocr_line' id='line_1_16' title="bbox 95 1187 1432 1233; baseline -0.001 -10"><span class='ocrx_word' id='word_1_118' title='bbox 95 1201 175 1223; x_wconf 87' lang='lat' dir='ltr'>rum</span> <span class='ocrx_word' id='word_1_119' title='bbox 200 1189 416 1225; x_wconf 87' lang='lat' dir='ltr'>rationibus.</span> <span class='ocrx_word' id='word_1_120' title='bbox 460 1190 556 1224; x_wconf 82' lang='lat' dir='ltr'>Hinc</span> <span class='ocrx_word' id='word_1_121' title='bbox 582 1200 700 1224; x_wconf 86' lang='lat' dir='ltr'>sermo</span> <span class='ocrx_word' id='word_1_122' title='bbox 727 1189 771 1224; x_wconf 87' lang='lat' dir='ltr'>de</span> <span class='ocrx_word' id='word_1_123' title='bbox 798 1189 960 1224; x_wconf 86' lang='lat' dir='ltr'>virorum</span> <span class='ocrx_word' id='word_1_124' title='bbox 982 1189 1227 1223; x_wconf 83' lang='lat' dir='ltr'>notandorum</span> <span class='ocrx_word' id='word_1_125' title='bbox 1249 1187 1325 1223; x_wconf 84' lang='lat' dir='ltr'>iure</span> <span class='ocrx_word' id='word_1_126' title='bbox 1345 1191 1432 1233; x_wconf 78' lang='lat' dir='ltr'>po&#39;e-</span> 
     </span>
     <span class='ocr_line' id='line_1_17' title="bbox 95 1235 1432 1281; baseline -0.001 -11"><span class='ocrx_word' id='word_1_127' title='bbox 95 1236 160 1277; x_wconf 79' lang='lat' dir='ltr'>tis,</span> <span class='ocrx_word' id='word_1_128' title='bbox 192 1236 411 1281; x_wconf 87' lang='lat' dir='ltr'>praesertim</span> <span class='ocrx_word' id='word_1_129' title='bbox 441 1236 481 1270; x_wconf 88' lang='lat' dir='ltr'>in</span> <span class='ocrx_word' id='word_1_130' title='bbox 506 1247 654 1279; x_wconf 83' lang='lat' dir='ltr'>scaena,</span> <span class='ocrx_word' id='word_1_131' title='bbox 688 1236 905 1281; x_wconf 84' lang='lat' dir='ltr'>denegando</span> <span class='ocrx_word' id='word_1_132' title='bbox 931 1237 970 1270; x_wconf 91' lang='lat' dir='ltr'>et</span> <span class='ocrx_word' id='word_1_133' title='bbox 995 1235 1082 1270; x_wconf 87' lang='lat' dir='ltr'>solis</span> <span class='ocrx_word' id='word_1_134' title='bbox 1110 1235 1321 1270; x_wconf 83' lang='lat' dir='ltr'>censoribus</span> <span class='ocrx_word' id='word_1_135' title='bbox 1349 1246 1432 1269; x_wconf 88' lang='lat' dir='ltr'>con-</span> 
     </span>
     <span class='ocr_line' id='line_1_18' title="bbox 95 1282 1401 1326; baseline 0 -8"><span class='ocrx_word' id='word_1_136' title='bbox 95 1283 272 1326; x_wconf 86' lang='lat' dir='ltr'>cedendo,</span> <span class='ocrx_word' id='word_1_137' title='bbox 299 1283 344 1318; x_wconf 88' lang='lat' dir='ltr'>de</span> <span class='ocrx_word' id='word_1_138' title='bbox 369 1283 566 1318; x_wconf 77' lang='lat' dir='ltr'>mulierum</span> <span class='ocrx_word' id='word_1_139' title='bbox 592 1285 716 1318; x_wconf 88' lang='lat' dir='ltr'>autem</span> <span class='ocrx_word' id='word_1_140' title='bbox 742 1294 895 1318; x_wconf 86' lang='lat' dir='ltr'>censura</span> <span class='ocrx_word' id='word_1_141' title='bbox 920 1283 1008 1318; x_wconf 89' lang='lat' dir='ltr'>solis</span> <span class='ocrx_word' id='word_1_142' title='bbox 1033 1282 1123 1317; x_wconf 84' lang='lat' dir='ltr'>viris</span> <span class='ocrx_word' id='word_1_143' title='bbox 1148 1282 1401 1326; x_wconf 83' lang='lat' dir='ltr'>relinquenda.</span> 
     </span>
    </p>
   </div>
   <div class='ocr_carea' id='block_1_6' title="bbox 622 1371 776 1374">
    <p class='ocr_par' dir='ltr' id='par_1_6' title="bbox 622 1371 776 1374">
     <span class='ocr_line' id='line_1_19' title="bbox 622 1371 776 1374; baseline 0 0"><span class='ocrx_word' id='word_1_144' title='bbox 622 1371 776 1374; x_wconf 95' lang='lat' dir='ltr'> </span> 
     </span>
    </p>
   </div>
   <div class='ocr_carea' id='block_1_7' title="bbox 777 1370 902 1373">
    <p class='ocr_par' dir='ltr' id='par_1_7' title="bbox 777 1370 902 1373">
     <span class='ocr_line' id='line_1_20' title="bbox 777 1370 902 1373; baseline 0 0"><span class='ocrx_word' id='word_1_145' title='bbox 777 1370 902 1373; x_wconf 95' lang='lat' dir='ltr'> </span> 
     </span>
    </p>
   </div>
   <div class='ocr_carea' id='block_1_8' title="bbox 46 1419 1481 2413">
    <p class='ocr_par' dir='ltr' id='par_1_8' title="bbox 93 1419 1481 1656">
     <span class='ocr_line' id='line_1_21' title="bbox 186 1419 1481 1480; baseline -0.001 -12"><span class='ocrx_word' id='word_1_146' title='bbox 186 1427 360 1469; x_wconf 76' lang='lat' dir='ltr'>Tentabo</span> <span class='ocrx_word' id='word_1_147' title='bbox 380 1430 525 1477; x_wconf 72' lang='lat' dir='ltr'>tamen,</span> <span class='ocrx_word' id='word_1_148' title='bbox 544 1428 738 1480; x_wconf 75' lang='lat' dir='ltr'>quoniam</span> <span class='ocrx_word' id='word_1_149' title='bbox 757 1428 936 1479; x_wconf 82' lang='lat' dir='ltr'>corporis</span> <span class='ocrx_word' id='word_1_150' title='bbox 953 1429 992 1468; x_wconf 88' lang='lat' dir='ltr'>et</span> <span class='ocrx_word' id='word_1_151' title='bbox 1007 1427 1141 1468; x_wconf 77' lang='lat' dir='ltr'>animi</span> <span class='ocrx_word' id='word_1_152' title='bbox 1157 1426 1269 1478; x_wconf 80' lang='lat' dir='ltr'>facta</span> <span class='ocrx_word' id='word_1_153' title='bbox 1282 1427 1430 1467; x_wconf 75' lang='lat' dir='ltr'>mentio</span> <span class='ocrx_word' id='word_1_154' title='bbox 1459 1419 1481 1460; x_wconf 89' lang='lat' dir='ltr'>l</span> 
     </span>
     <span class='ocr_line' id='line_1_22' title="bbox 93 1486 1430 1539; baseline -0.001 -12"><span class='ocrx_word' id='word_1_155' title='bbox 93 1489 166 1536; x_wconf 89' lang='lat' dir='ltr'>est,</span> <span class='ocrx_word' id='word_1_156' title='bbox 196 1487 406 1539; x_wconf 78' lang='lat' dir='ltr'>utriusque</span> <span class='ocrx_word' id='word_1_157' title='bbox 435 1487 645 1536; x_wconf 75' lang='lat' dir='ltr'>rationem,</span> <span class='ocrx_word' id='word_1_158' title='bbox 676 1489 875 1538; x_wconf 70' lang='lat' dir='ltr'>qzcaoitam</span> <span class='ocrx_word' id='word_1_159' title='bbox 897 1486 1110 1538; x_wconf 73' lang='lat' dir='ltr'>pusillitas</span> <span class='ocrx_word' id='word_1_160' title='bbox 1140 1486 1430 1538; x_wconf 59' lang='lat' dir='ltr'>intellegentiae</span> 
     </span>
     <span class='ocr_line' id='line_1_23' title="bbox 94 1543 1432 1599; baseline -0.001 -13"><span class='ocrx_word' id='word_1_161' title='bbox 94 1558 205 1586; x_wconf 85' lang='lat' dir='ltr'>meae</span> <span class='ocrx_word' id='word_1_162' title='bbox 233 1546 430 1599; x_wconf 73' lang='lat' dir='ltr'>pervidet,</span> <span class='ocrx_word' id='word_1_163' title='bbox 466 1546 676 1598; x_wconf 73' lang='lat' dir='ltr'>explicare.</span> <span class='ocrx_word' id='word_1_164' title='bbox 739 1544 856 1596; x_wconf 71' lang='lat' dir='ltr'>Quod</span> <span class='ocrx_word' id='word_1_165' title='bbox 889 1545 1071 1596; x_wconf 75' lang='lat' dir='ltr'>officium</span> <span class='ocrx_word' id='word_1_166' title='bbox 1107 1543 1183 1586; x_wconf 77' lang='lat' dir='ltr'>liae</span> <span class='ocrx_word' id='word_1_167' title='bbox 1223 1545 1271 1585; x_wconf 84' lang='lat' dir='ltr'>de</span> <span class='ocrx_word' id='word_1_168' title='bbox 1308 1557 1432 1585; x_wconf 81' lang='lat' dir='ltr'>causa</span> 
     </span>
     <span class='ocr_line' id='line_1_24' title="bbox 95 1603 1433 1656; baseline -0.001 -11"><span class='ocrx_word' id='word_1_169' title='bbox 95 1604 273 1645; x_wconf 76' lang='lat' dir='ltr'>maxime</span> <span class='ocrx_word' id='word_1_170' title='bbox 301 1604 600 1656; x_wconf 77' lang='lat' dir='ltr'>suscipiendum</span> <span class='ocrx_word' id='word_1_171' title='bbox 627 1606 736 1656; x_wconf 78' lang='lat' dir='ltr'>puto,</span> <span class='ocrx_word' id='word_1_172' title='bbox 767 1604 875 1656; x_wconf 78' lang='lat' dir='ltr'>quod</span> <span class='ocrx_word' id='word_1_173' title='bbox 895 1603 958 1645; x_wconf 83' lang='lat' dir='ltr'>M.</span> <span class='ocrx_word' id='word_1_174' title='bbox 987 1603 1159 1653; x_wconf 76' lang='lat' dir='ltr'>Tullius,</span> <span class='ocrx_word' id='word_1_175' title='bbox 1189 1603 1255 1644; x_wconf 85' lang='lat' dir='ltr'>vir</span> <span class='ocrx_word' id='word_1_176' title='bbox 1279 1604 1433 1656; x_wconf 70' lang='lat' dir='ltr'>ioiycnii</span> 
     </span>
    </p>

    <p class='ocr_par' dir='ltr' id='par_1_9' title="bbox 61 1662 1435 1940">
     <span class='ocr_line' id='line_1_25' title="bbox 61 1662 1434 1716; baseline 0.002 -16"><span class='ocrx_word' id='word_1_177' title='bbox 61 1674 79 1700; x_wconf 82' lang='lat'>5</span> <span class='ocrx_word' id='word_1_178' title='bbox 96 1662 337 1716; x_wconf 71' lang='lat' dir='ltr'>sirzyularis,</span> <span class='ocrx_word' id='word_1_179' title='bbox 368 1663 414 1703; x_wconf 80' lang='lat' dir='ltr'>in</span> <span class='ocrx_word' id='word_1_180' title='bbox 444 1666 587 1715; x_wconf 80' lang='lat' dir='ltr'>quarto</span> <span class='ocrx_word' id='word_1_181' title='bbox 619 1664 666 1704; x_wconf 83' lang='lat' dir='ltr'>cle</span> <span class='ocrx_word' id='word_1_182' title='bbox 694 1676 739 1703; x_wconf 87' lang='lat' dir='ltr'>re</span> <span class='ocrx_word' id='word_1_183' title='bbox 765 1662 928 1715; x_wconf 82' lang='lat' dir='ltr'>publiea</span> <span class='ocrx_word' id='word_1_184' title='bbox 959 1662 1077 1712; x_wconf 86' lang='lat' dir='ltr'>libro,</span> <span class='ocrx_word' id='word_1_185' title='bbox 1108 1675 1199 1703; x_wconf 79' lang='lat' dir='ltr'>cum</span> <span class='ocrx_word' id='word_1_186' title='bbox 1228 1662 1274 1703; x_wconf 82' lang='lat' dir='ltr'>id</span> <span class='ocrx_word' id='word_1_187' title='bbox 1300 1663 1434 1714; x_wconf 79' lang='lat' dir='ltr'>facere</span> 
     </span>
     <span class='ocr_line' id='line_1_26' title="bbox 96 1720 1433 1774; baseline -0.001 -11"><span class='ocrx_word' id='word_1_188' title='bbox 96 1724 294 1772; x_wconf 76' lang='lat' dir='ltr'>tentasset,</span> <span class='ocrx_word' id='word_1_189' title='bbox 324 1722 539 1762; x_wconf 81' lang='lat' dir='ltr'>materiam</span> <span class='ocrx_word' id='word_1_190' title='bbox 571 1722 648 1763; x_wconf 90' lang='lat' dir='ltr'>late</span> <span class='ocrx_word' id='word_1_191' title='bbox 670 1724 876 1774; x_wconf 73' lang='lat' dir='ltr'>patentem</span> <span class='ocrx_word' id='word_1_192' title='bbox 906 1721 1091 1774; x_wconf 73' lang='lat' dir='ltr'>anyastis</span> <span class='ocrx_word' id='word_1_193' title='bbox 1119 1720 1271 1774; x_wconf 72' lang='lat' dir='ltr'>finibus</span> <span class='ocrx_word' id='word_1_194' title='bbox 1296 1721 1433 1762; x_wconf 84' lang='lat' dir='ltr'>termi-</span> 
     </span>
     <span class='ocr_line' id='line_1_27' title="bbox 95 1779 1435 1833; baseline -0.001 -11"><span class='ocrx_word' id='word_1_195' title='bbox 95 1781 213 1822; x_wconf 77' lang='lat' dir='ltr'>navit</span> <span class='ocrx_word' id='word_1_196' title='bbox 242 1780 378 1821; x_wconf 86' lang='lat' dir='ltr'>leviter</span> <span class='ocrx_word' id='word_1_197' title='bbox 406 1793 568 1821; x_wconf 80' lang='lat' dir='ltr'>summa</span> <span class='ocrx_word' id='word_1_198' title='bbox 596 1794 774 1833; x_wconf 77' lang='lat' dir='ltr'>quaeque</span> <span class='ocrx_word' id='word_1_199' title='bbox 803 1781 1022 1832; x_wconf 74' lang='lat' dir='ltr'>decerpens.</span> <span class='ocrx_word' id='word_1_200' title='bbox 1064 1779 1129 1821; x_wconf 80' lang='lat' dir='ltr'>Ac</span> <span class='ocrx_word' id='word_1_201' title='bbox 1151 1793 1202 1821; x_wconf 74' lang='lat' dir='ltr'>ne</span> <span class='ocrx_word' id='word_1_202' title='bbox 1225 1779 1314 1821; x_wconf 80' lang='lat' dir='ltr'>alla</span> <span class='ocrx_word' id='word_1_203' title='bbox 1337 1782 1435 1821; x_wconf 86' lang='lat' dir='ltr'>esset</span> 
     </span>
     <span class='ocr_line' id='line_1_28' title="bbox 95 1839 1431 1891; baseline -0.001 -10"><span class='ocrx_word' id='word_1_204' title='bbox 95 1839 311 1890; x_wconf 74' lang='lat' dir='ltr'>excusatio,</span> <span class='ocrx_word' id='word_1_205' title='bbox 342 1852 414 1880; x_wconf 80' lang='lat' dir='ltr'>cur</span> <span class='ocrx_word' id='word_1_206' title='bbox 437 1852 528 1880; x_wconf 83' lang='lat' dir='ltr'>eum</span> <span class='ocrx_word' id='word_1_207' title='bbox 554 1839 683 1880; x_wconf 80' lang='lat' dir='ltr'>locum</span> <span class='ocrx_word' id='word_1_208' title='bbox 706 1853 789 1880; x_wconf 72' lang='lat' dir='ltr'>non</span> <span class='ocrx_word' id='word_1_209' title='bbox 811 1839 939 1891; x_wconf 79' lang='lat' dir='ltr'>fuerit</span> <span class='ocrx_word' id='word_1_210' title='bbox 962 1841 1175 1888; x_wconf 75' lang='lat' dir='ltr'>eoesecutus,</span> <span class='ocrx_word' id='word_1_211' title='bbox 1206 1839 1290 1891; x_wconf 87' lang='lat' dir='ltr'>ipse</span> <span class='ocrx_word' id='word_1_212' title='bbox 1315 1841 1431 1880; x_wconf 86' lang='lat' dir='ltr'>testa-</span> 
     </span>
     <span class='ocr_line' id='line_1_29' title="bbox 97 1897 1434 1940; baseline -0.001 -1"><span class='ocrx_word' id='word_1_213' title='bbox 97 1901 162 1940; x_wconf 82' lang='lat' dir='ltr'>tus</span> <span class='ocrx_word' id='word_1_214' title='bbox 197 1901 256 1939; x_wconf 83' lang='lat' dir='ltr'>est</span> <span class='ocrx_word' id='word_1_215' title='bbox 288 1912 367 1939; x_wconf 84' lang='lat' dir='ltr'>nec</span> <span class='ocrx_word' id='word_1_216' title='bbox 403 1897 672 1939; x_wconf 85' lang='lat' dir='ltr'>voluntatem</span> <span class='ocrx_word' id='word_1_217' title='bbox 709 1897 792 1938; x_wconf 91' lang='lat' dir='ltr'>sibi</span> <span class='ocrx_word' id='word_1_218' title='bbox 829 1897 1013 1938; x_wconf 85' lang='lat' dir='ltr'>defuisse</span> <span class='ocrx_word' id='word_1_219' title='bbox 1050 1911 1127 1938; x_wconf 89' lang='lat' dir='ltr'>nec</span> <span class='ocrx_word' id='word_1_220' title='bbox 1159 1912 1316 1938; x_wconf 86' lang='lat' dir='ltr'>curam.</span> <span class='ocrx_word' id='word_1_221' title='bbox 1377 1897 1434 1938; x_wconf 78' lang='lat' dir='ltr'>In</span> 
     </span>
    </p>

    <p class='ocr_par' dir='ltr' id='par_1_10' title="bbox 47 1956 1434 2187">
     <span class='ocr_line' id='line_1_30' title="bbox 47 1956 1434 2009; baseline -0.001 -11"><span class='ocrx_word' id='word_1_222' title='bbox 47 1968 79 1994; x_wconf 85' lang='lat'>10</span> <span class='ocrx_word' id='word_1_223' title='bbox 98 1957 198 1999; x_wconf 81' lang='lat' dir='ltr'>libro</span> <span class='ocrx_word' id='word_1_224' title='bbox 235 1957 343 1998; x_wconf 74' lang='lat' dir='ltr'>enim</span> <span class='ocrx_word' id='word_1_225' title='bbox 378 1957 426 1998; x_wconf 83' lang='lat' dir='ltr'>de</span> <span class='ocrx_word' id='word_1_226' title='bbox 464 1957 612 2009; x_wconf 69' lang='lat' dir='ltr'>leqc‘bas</span> <span class='ocrx_word' id='word_1_227' title='bbox 645 1957 796 2009; x_wconf 85' lang='lat' dir='ltr'>primo,</span> <span class='ocrx_word' id='word_1_228' title='bbox 833 1970 924 1997; x_wconf 78' lang='lat' dir='ltr'>cum</span> <span class='ocrx_word' id='word_1_229' title='bbox 959 1956 1031 1997; x_wconf 79' lang='lat' dir='ltr'>hoc</span> <span class='ocrx_word' id='word_1_230' title='bbox 1060 1957 1166 1997; x_wconf 82' lang='lat' dir='ltr'>idem</span> <span class='ocrx_word' id='word_1_231' title='bbox 1196 1957 1434 1997; x_wconf 77' lang='lat' dir='ltr'>summatim</span> 
     </span>
     <span class='ocr_line' id='line_1_31' title="bbox 95 2014 1434 2069; baseline -0.001 -12"><span class='ocrx_word' id='word_1_232' title='bbox 95 2016 322 2069; x_wconf 72' lang='lat' dir='ltr'>strinyeret‚</span> <span class='ocrx_word' id='word_1_233' title='bbox 352 2016 410 2057; x_wconf 81' lang='lat' dir='ltr'>sie</span> <span class='ocrx_word' id='word_1_234' title='bbox 439 2016 521 2056; x_wconf 85' lang='lat' dir='ltr'>ait:</span> <span class='ocrx_word' id='word_1_235' title='bbox 552 2014 678 2056; x_wconf 89' lang='lat' dir='ltr'>Hunc</span> <span class='ocrx_word' id='word_1_236' title='bbox 708 2015 849 2056; x_wconf 88' lang='lat' dir='ltr'>locum</span> <span class='ocrx_word' id='word_1_237' title='bbox 881 2014 1006 2068; x_wconf 87' lang='lat' dir='ltr'>satis,</span> <span class='ocrx_word' id='word_1_238' title='bbox 1036 2017 1085 2055; x_wconf 90' lang='lat' dir='ltr'>ut</span> <span class='ocrx_word' id='word_1_239' title='bbox 1117 2014 1223 2056; x_wconf 89' lang='lat' dir='ltr'>mihi</span> <span class='ocrx_word' id='word_1_240' title='bbox 1253 2015 1434 2069; x_wconf 87' lang='lat' dir='ltr'>videtur,</span> 
     </span>
     <span class='ocr_line' id='line_1_32' title="bbox 97 2072 1434 2129; baseline -0.001 -14"><span class='ocrx_word' id='word_1_241' title='bbox 97 2074 142 2115; x_wconf 86' lang='lat' dir='ltr'>in</span> <span class='ocrx_word' id='word_1_242' title='bbox 165 2074 218 2115; x_wconf 91' lang='lat' dir='ltr'>iis</span> <span class='ocrx_word' id='word_1_243' title='bbox 244 2073 379 2127; x_wconf 88' lang='lat' dir='ltr'>libris,</span> <span class='ocrx_word' id='word_1_244' title='bbox 411 2089 517 2128; x_wconf 91' lang='lat' dir='ltr'>quos</span> <span class='ocrx_word' id='word_1_245' title='bbox 543 2074 725 2129; x_wconf 81' lang='lat' dir='ltr'>legistis,</span> <span class='ocrx_word' id='word_1_246' title='bbox 751 2073 960 2128; x_wconf 88' lang='lat' dir='ltr'>expressit</span> <span class='ocrx_word' id='word_1_247' title='bbox 987 2072 1140 2128; x_wconf 76' lang='lat' dir='ltr'>Scipio.</span> <span class='ocrx_word' id='word_1_248' title='bbox 1170 2073 1434 2127; x_wconf 76' lang='lat' dir='ltr'>(Lactantius</span> 
     </span>
     <span class='ocr_line' id='line_1_33' title="bbox 96 2133 718 2187; baseline -0.002 -12"><span class='ocrx_word' id='word_1_249' title='bbox 96 2134 144 2175; x_wconf 81' lang='lat' dir='ltr'>de</span> <span class='ocrx_word' id='word_1_250' title='bbox 172 2134 330 2187; x_wconf 77' lang='lat' dir='ltr'>opificio</span> <span class='ocrx_word' id='word_1_251' title='bbox 360 2134 425 2174; x_wconf 78' lang='lat' dir='ltr'>clei</span> <span class='ocrx_word' id='word_1_252' title='bbox 454 2137 491 2175; x_wconf 83' lang='lat'>1.</span> <span class='ocrx_word' id='word_1_253' title='bbox 522 2133 718 2185; x_wconf 82' lang='lat'><em>11-13.)</em></span> 
     </span>
    </p>

    <p class='ocr_par' dir='ltr' id='par_1_11' title="bbox 184 2190 1433 2246">
     <span class='ocr_line' id='line_1_34' title="bbox 184 2190 1433 2246; baseline -0.002 -12"><span class='ocrx_word' id='word_1_254' title='bbox 184 2193 246 2234; x_wconf 87' lang='lat' dir='ltr'>M.</span> <span class='ocrx_word' id='word_1_255' title='bbox 281 2191 442 2233; x_wconf 76' lang='lat' dir='ltr'>Tullius</span> <span class='ocrx_word' id='word_1_256' title='bbox 476 2193 525 2234; x_wconf 82' lang='lat' dir='ltr'>de</span> <span class='ocrx_word' id='word_1_257' title='bbox 558 2206 601 2233; x_wconf 90' lang='lat' dir='ltr'>re</span> <span class='ocrx_word' id='word_1_258' title='bbox 629 2191 742 2244; x_wconf 77' lang='lat' dir='ltr'>publ.</span> <span class='ocrx_word' id='word_1_259' title='bbox 772 2190 805 2232; x_wconf 90' lang='lat' dir='ltr'><strong><em>I</em></strong></span> <span class='ocrx_word' id='word_1_260' title='bbox 809 2191 864 2233; x_wconf 84' lang='lat' dir='ltr'>V:</span> <span class='ocrx_word' id='word_1_261' title='bbox 905 2191 1050 2245; x_wconf 87' lang='lat' dir='ltr'>Atque</span> <span class='ocrx_word' id='word_1_262' title='bbox 1087 2191 1183 2246; x_wconf 88' lang='lat' dir='ltr'>ipsa</span> <span class='ocrx_word' id='word_1_263' title='bbox 1219 2205 1339 2233; x_wconf 88' lang='lat' dir='ltr'>mens</span> <span class='ocrx_word' id='word_1_264' title='bbox 1371 2205 1433 2244; x_wconf 87' lang='lat' dir='ltr'>ea,</span> 
     </span>
    </p>

    <p class='ocr_par' dir='ltr' id='par_1_12' title="bbox 46 2249 1433 2306">
     <span class='ocr_line' id='line_1_35' title="bbox 46 2249 1433 2306; baseline -0.001 -14"><span class='ocrx_word' id='word_1_265' title='bbox 46 2261 79 2288; x_wconf 84' lang='lat'>15</span> <span class='ocrx_word' id='word_1_266' title='bbox 98 2265 206 2306; x_wconf 87' lang='lat' dir='ltr'>quae</span> <span class='ocrx_word' id='word_1_267' title='bbox 230 2250 377 2292; x_wconf 85' lang='lat' dir='ltr'>futura</span> <span class='ocrx_word' id='word_1_268' title='bbox 402 2250 530 2305; x_wconf 85' lang='lat' dir='ltr'>videt,</span> <span class='ocrx_word' id='word_1_269' title='bbox 555 2249 790 2305; x_wconf 87' lang='lat' dir='ltr'>praeterita</span> <span class='ocrx_word' id='word_1_270' title='bbox 814 2250 1019 2292; x_wconf 88' lang='lat' dir='ltr'>meminit.</span> <span class='ocrx_word' id='word_1_271' title='bbox 1058 2250 1186 2303; x_wconf 71' lang='lat' dir='ltr'>(Nori.</span> <span class='ocrx_word' id='word_1_272' title='bbox 1199 2264 1242 2303; x_wconf 89' lang='lat' dir='ltr'>p.</span> <span class='ocrx_word' id='word_1_273' title='bbox 1262 2252 1354 2291; x_wconf 87' lang='lat'><em>500.</em></span> <span class='ocrx_word' id='word_1_274' title='bbox 1374 2249 1433 2302; x_wconf 85' lang='lat'>9.)</span> 
     </span>
    </p>

    <p class='ocr_par' dir='ltr' id='par_1_13' title="bbox 185 2308 1434 2363">
     <span class='ocr_line' id='line_1_36' title="bbox 185 2308 1434 2363; baseline -0.002 -11"><span class='ocrx_word' id='word_1_275' title='bbox 185 2310 403 2352; x_wconf 81' lang='lat' dir='ltr'>Praeclare</span> <span class='ocrx_word' id='word_1_276' title='bbox 431 2311 496 2352; x_wconf 85' lang='lat' dir='ltr'>M.</span> <span class='ocrx_word' id='word_1_277' title='bbox 526 2310 708 2352; x_wconf 77' lang='lat' dir='ltr'>Tullius:</span> <span class='ocrx_word' id='word_1_278' title='bbox 739 2308 923 2363; x_wconf 86' lang='lat' dir='ltr'>Etenim,</span> <span class='ocrx_word' id='word_1_279' title='bbox 955 2309 993 2350; x_wconf 89' lang='lat' dir='ltr'>si</span> <span class='ocrx_word' id='word_1_280' title='bbox 1021 2324 1147 2350; x_wconf 87' lang='lat' dir='ltr'>nemo</span> <span class='ocrx_word' id='word_1_281' title='bbox 1181 2311 1257 2362; x_wconf 84' lang='lat' dir='ltr'>est,</span> <span class='ocrx_word' id='word_1_282' title='bbox 1288 2309 1434 2361; x_wconf 66' lang='lat' dir='ltr'>inquit,</span> 
     </span>
    </p>

    <p class='ocr_par' dir='ltr' id='par_1_14' title="bbox 169 2381 1149 2413">
     <span class='ocr_line' id='line_1_37' title="bbox 169 2381 1149 2413; baseline 0 -1"><span class='ocrx_word' id='word_1_283' title='bbox 169 2385 240 2413; x_wconf 80' lang='lat' dir='ltr'>cm.</span> <span class='ocrx_word' id='word_1_284' title='bbox 260 2386 313 2411; x_wconf 85' lang='lat' dir='ltr'>Iv.</span> <span class='ocrx_word' id='word_1_285' title='bbox 333 2387 358 2412; x_wconf 81' lang='lat'>2.</span> <span class='ocrx_word' id='word_1_286' title='bbox 1104 2381 1149 2412; x_wconf 83' lang='lat'>23</span> 
     </span>
    </p>
   </div>
  </div>
 </body>
</html>
