1685 2568
411 94 498 129 LIB.
524 95 551 129 I.
587 93 689 128 CAP.
720 97 810 128 5-7
837 96 856 135 ξ
883 97 1030 127 11-16.
1370 91 1396 132 9

58 206 146 234 11011
189 191 422 236 levissuma
459 190 509 232 de
544 204 606 243 re,
649 191 698 230 ut
736 188 928 243 queritur
958 187 1032 228 ille
1071 187 1142 227 ‘in
1179 187 1397 228 civitate

61 250 182 292 fieri
213 250 447 291 facinora
479 246 769 302 capitalia':

149 332 208 373 ab
241 332 400 373 amico
434 333 634 373 amante
667 331 936 384 argentum
976 328 1211 382 accipere
1244 341 1398 368 mere-

903 386 1007 427 trix
1037 400 1136 427 non
1168 386 1296 440 vult,

62 485 136 526 sed
166 487 215 526 ut
247 484 400 537 adsint,
431 484 704 538 cognoscant,
735 480 1091 534 animadvertant,
1123 479 1225 534 quid
1256 479 1306 520 de
1337 493 1398 520 re·
1427 488 1469 519 14

26 554 43 580 5
62 544 241 599 ligione,
271 543 449 598 pietate,
490 540 736 593 sanctitate,
769 539 1055 593 caerimoniis,
1086 538 1186 592 fide,
1217 538 1308 579 iure
1340 538 1399 579 iu-

62 602 208 656 rando,
240 601 340 656 quid
368 600 418 641 de
449 599 642 654 templis,
675 598 862 640 delubris
895 597 1198 652 sacrificiisque
1231 597 1400 638 sollem-

61 661 205 715 nibus,
244 659 344 714 quid
376 659 425 700 de
457 658 564 713 ipsis
591 657 809 712 auspiciis,
836 657 991 711 quibus
1025 671 1103 698 nos
1135 670 1400 711 praesumus,

63 718 391 761 existimandum
429 717 503 771 sit3
545 717 652 758 haec
689 716 802 757 enim
840 716 983 758 omnia
1015 715 1068 756 ad
1103 715 1216 756 hanc
1253 714 1302 756 de
1335 714 1399 755 dis

61 777 364 819 inmortalibus
392 776 685 830 quaestionem
711 774 934 816 referenda
959 777 1069 816 sunt.
1106 773 1305 815 Profecto
1327 787 1399 814 eos

10 849 43 874 ιο
62 837 192 892 ipsos,
222 836 296 890 qui
327 850 371 877 se
404 834 566 889 aliquid
597 834 704 876 certi
734 834 891 875 habere
918 834 1195 887 arbitrantur,
1228 832 1400 873 addubi-

61 898 154 937 tare
198 897 323 950 coget
367 894 712 936 doctissimorum
754 893 977 934 hominum
1022 892 1072 933 de
1112 906 1313 933 maxuma
1355 905 1401 932 re

61 956 185 996 tanta
217 953 436 995 dissensio.
499 951 620 1001 Quod
652 967 747 994 cum
779 966 906 1006 saepe
939 951 1058 1004 alias,
1090 953 1184 992 tum
1215 950 1400 992 maxime
1428 958 1470 990 15

64 1012 358 1066 animadverti,
390 1026 486 1053 cum
518 1010 631 1065 apud
663 1009 706 1052 C.
739 1009 926 1064 Cottam,
956 1009 1215 1051 familiarem
1247 1023 1402 1063 meum,

64 1074 259 1114 accurate
291 1085 393 1112 sane
426 1073 468 1111 et
500 1070 729 1125 diligenter
754 1069 804 1110 (10
831 1069 894 1110 (118
926 1068 1229 1110 inmortalibus
1262 1068 1402 1123 dispu-

11 1142 44 1168 15
63 1133 204 1172 tatum
236 1132 312 1171 est.
352 1128 467 1170 Nam
499 1143 594 1170 cum
619 1128 738 1169 feriis
763 1127 930 1169 Latinis
964 1127 1017 1168 ad
1049 1142 1145 1168 eum
1175 1126 1310 1182 ipsius
1338 1141 1403 1168 ro-

65 1192 170 1246 gatu
201 1188 492 1242 arcessituque
523 1187 753 1241 venissem,
792 1186 948 1228 offendi
980 1200 1076 1227 eum
1109 1185 1326 1227 sedentem
1357 1186 1404 1226 in
1676 1190 1685 1239 ,⁸¹

65 1248 218 1290 exedra
260 1250 304 1289 et
346 1262 443 1289 cum
479 1244 524 1288 C.
556 1244 724 1286 Velleio
764 1247 960 1286 senatore
1002 1245 1311 1299 disputantem,
1350 1244 1403 1286 ad

65 1321 190 1361 quem
227 1309 320 1347 tum
350 1305 553 1360 Epicurei
583 1304 745 1359 primas
778 1318 828 1345 ex
864 1303 1025 1345 nostris
1057 1303 1304 1345 hominibus
1337 1303 1404 1344 (10-

63 1365 271 1407 ferebant.
314 1364 478 1406 Aderat
510 1363 641 1405 etiam
670 1362 717 1411 Q.
736 1362 925 1404 Lucilius
945 1361 1121 1417 Balbus,
1154 1362 1227 1416 qui
1257 1364 1403 1404 tantos

11 1436 46 1462 20
63 1438 318 1480 progressus
355 1423 546 1465 habebat
582 1422 628 1463 in
665 1420 837 1476 Stoicis,
875 1424 924 1463 ut
962 1436 1058 1463 cum
1097 1421 1403 1462 excellentibus

64 1484 110 1524 in
135 1498 183 1525 eo
211 1497 364 1539 genere
385 1481 559 1524 Graecis
586 1483 918 1536 compararetur.
959 1479 1080 1534 Tum,
1112 1482 1161 1522 ut
1185 1495 1253 1521 me
1274 1479 1405 1522 Cotta
1674 1487 1683 1529 j

65 1542 191 1596 vidit,
233 1541 546 1597 Peroportune,
589 1540 747 1595 inquit,
784 1539 922 1593 venis3
967 1539 1103 1581 oritur
1142 1539 1256 1580 enim
1297 1538 1405 1580 mihi
1677 1543 1683 1590 ἰ

66 1615 224 1657 magna
255 1600 305 1642 de
336 1615 382 1642 re
414 1599 638 1642 altercatio
671 1614 767 1640 cum
791 1597 971 1652 Velleio,
1004 1598 1071 1640 cui
1101 1612 1180 1653 pro
1211 1601 1286 1639 tuo
1318 1600 1404 1640 stu-
1677 1597 1683 1649 ξ

67 1660 135 1701 dio
166 1674 253 1701 non
278 1661 343 1700 est
368 1659 555 1700 alienum
586 1660 630 1699 te
655 1658 872 1699 interesse.
933 1657 1078 1711 Atque
1103 1656 1212 1698 mihi
1237 1671 1404 1711 quoque
1432 1636 1475 1721 '175
1676 1660 1685 1695 ²¹1

15 1729 49 1755 25
67 1718 224 1773 videor,
255 1718 444 1773 inquam,
467 1717 647 1770 venisse,
677 1719 726 1758 ut
752 1716 869 1771 dicis,
894 1718 1115 1771 oportune.
1160 1715 1264 1756 Tres
1291 1715 1405 1757 enim
1676 1724 1685 1773 'f

67 1777 198 1818 trium
230 1777 552 1832 disciplinarum
589 1775 802 1830 principes
841 1774 1111 1817 convenistis.
1172 1773 1228 1816 M.
1261 1777 1406 1816 autem

66 1835 166 1878 Piso
205 1836 241 1877 si
279 1835 464 1890 adesset,
506 1834 666 1876 nullius
704 1833 1005 1889 philosophiae
1045 1848 1191 1875 earum
1224 1833 1406 1887 quidem,

70 1909 176 1949 quae
206 1895 251 1936 in
286 1895 449 1936 honore
482 1896 599 1948 sunt,
630 1895 804 1934 vacaret
834 1893 965 1934 locus.
1021 1892 1132 1933 Tum
1163 1891 1311 1934 Cotta:
1350 1891 1406 1947 Si,

68 1953 218 2007 inquit,
242 1953 352 1995 liber
370 1952 577 1995 Antiochi
600 1952 751 2006 nostri,
784 1951 856 2006 qui
881 1952 935 1993 ab
969 1966 1017 1993 eo
1048 1966 1185 2006 nuper
1216 1951 1270 1992 ad
1294 1951 1408 1993 1111110

17 2022 50 2048 30
68 2010 253 2053 Balbum
284 2012 439 2054 missus
472 2014 549 2067 est,
580 2025 682 2053 vera
712 2010 915 2065 loquitur,
945 2010 1054 2051 nihil
1087 2013 1163 2064 est,
1196 2010 1309 2064 quod
1340 2009 1408 2051 Pi-

70 2084 235 2125 sonem,
275 2070 532 2112 familiarem
570 2073 708 2124 tuum,
753 2069 983 2124 desideres3
1032 2068 1248 2110 Antiocho
1294 2069 1407 2110 enim

70 2127 202 2171 Stoici
233 2143 329 2170 cum
358 2129 656 2185 Peripateticis
690 2143 734 2170 re
766 2128 986 2170 concinere
1017 2128 1232 2183 videntur,
1263 2128 1406 2169 verbis

70 2188 326 2242 discrepare3
358 2203 440 2242 quo
473 2188 523 2230 de
554 2188 678 2242 libro,
703 2186 850 2242 Balbe,
881 2187 1012 2229 velim
1044 2187 1151 2229 scire
1183 2186 1285 2241 quid
1316 2201 1407 2228 sen-

69 2247 164 2288 tias.
201 2246 384 2301 Egone?
422 2246 562 2301 inquit
591 2247 678 2288 ille.
715 2245 850 2288 Miror
881 2245 1157 2300 Antiochum,
1188 2245 1405 2287 hominem

18 2304 114 2346 85111
138 2305 289 2360 primis
316 2307 498 2360 acutum,
521 2320 608 2347 non
632 2305 789 2347 vidisse
808 2305 1015 2346 interesse
1034 2305 1268 2360 plurimum
1293 2303 1406 2344 inter

1676 1986 1683 2002 „-
1675 1958 1685 1974 4·
1676 1777 1685 1943 -‚-;„.„,-41-.2

1678 2356 1680 2364 ν
1678 2319 1680 2326 -
1678 2303 1680 2306 -
1677 2151 1685 2292 ..n-*anx*
1676 2005 1685 2143 msa—23.
