1685 2568
372 161 461 198 LIB.
486 161 530 197 II.
558 160 657 196 CAP.
684 164 835 196 54—56.
861 165 881 203 ξ
909 165 1102 197 136-141.
1351 162 1409 203 97

73 256 324 299 diffunditur
362 259 405 299 et
442 256 617 312 spiritus
654 270 731 311 per
762 255 954 298 arterias.
1014 255 1234 310 Utraeque
1266 260 1411 299 autem

73 316 247 358 crebrae
279 317 521 370 multaeque
552 317 647 356 toto
674 328 849 370 corpore
874 315 1063 356 intextae
1087 314 1175 356 vim
1195 315 1410 369 quandam

72 374 366 416 incredibilem
386 373 603 416 artificiosi
622 373 763 428 operis
784 373 1000 428 divinique
1019 375 1247 414 testantur.
1283 372 1393 422 Quid
1415 382 1480 413 139

75 432 213 474 dicam
255 434 305 476 de
349 432 545 475 ossibus?
589 446 698 487 quae
742 432 936 474 subiecta
978 432 1147 487 corpori
1190 432 1411 474 mirabiles

38 492 377 534 ⁵commissuras
418 491 580 532 habent
621 493 664 532 et
701 491 755 532 ad
792 490 1077 532 stabilitatem
1114 492 1240 545 aptas
1277 493 1321 532 et
1358 491 1411 533 ad

74 552 193 591 artus
237 549 444 592 finiendos
489 549 837 591 adcommodatas
881 551 924 591 et
965 549 1018 590 ad
1060 552 1227 591 motum
1271 551 1314 591 et
1358 550 1411 591 ad

73 623 243 650 omnem
269 608 459 664 corporis
486 608 711 650 actionem.
760 608 856 650 Huc
883 607 989 650 adde
1014 622 1182 662 nervos,
1208 623 1234 649 a
1253 608 1407 662 quibus

74 670 194 708 artus
214 667 496 720 continentur,
517 681 748 721 eorumque
768 666 1094 722 inplicationem
1115 681 1292 722 corpore
1313 669 1408 708 toto

72 726 372 792 pertinentem,
404 725 476 780 qui
507 725 618 767 sicut
642 740 775 767 venae
801 728 844 767 et
870 725 1053 767 arteriae
1079 740 1105 768 a
1130 725 1254 767 corde
1279 725 1410 767 tracti

21 795 54 819 10
74 787 116 825 et
146 785 329 840 profecti
357 785 401 826 in
432 798 585 839 corpus
618 799 744 826 omne
752 779 995 826 ducuntur.
1056 783 1125 825 Ad
1155 784 1266 826 hanc
1296 765 1481 848 pro-1523)

73 843 306 885 videntiam
350 845 529 885 naturae
573 845 664 884 tam
697 843 946 897 diligentem
981 846 1156 898 tamque
1187 843 1410 884 sollertem

74 902 248 958 adiungi
279 902 414 944 multa
443 904 637 956 possunt,
670 917 691 943 e
723 902 877 956 quibus
901 902 1192 958 intellegatur,
1225 905 1410 956 quantae

73 974 139 1002 res
171 961 415 1003 hominibus
449 961 492 1012 [a
523 960 604 1012 dis]
639 975 850 1015 quamque
883 960 1063 1002 eximiae
1094 961 1284 1002 tributae
1311 960 1410 1002 sint.

75 1018 191 1068 Quae
230 1021 416 1074 primum
456 1033 527 1060 eos
568 1019 699 1061 humo
740 1020 948 1061 excitatos
989 1019 1126 1061 celsos
1165 1021 1208 1061 et
1245 1021 1409 1061 erectos

21 1088 53 1114 15
74 1079 317 1133 constituit,
359 1080 408 1119 ut
445 1077 619 1120 deorum
659 1078 951 1134 cognitionem
988 1078 1153 1120 caelum
1191 1077 1410 1120 intuentes

0 1146 1 1175 l
75 1152 225 1192 capere
255 1139 442 1192 possent.
504 1136 612 1178 Sunt
644 1137 757 1178 enim
788 1152 839 1178 ex
870 1139 988 1178 terra
1017 1136 1213 1178 homines
1244 1151 1332 1178 non
1361 1139 1412 1178 ut

72 1196 237 1237 incolae
278 1198 404 1250 atque
440 1195 728 1250 habitatores,
772 1196 846 1236 sed
882 1195 1005 1250 quasi
1042 1197 1307 1250 spectatores
1345 1209 1410 1237 su—

72 1270 274 1309 perarum
298 1269 440 1296 rerum
466 1257 595 1309 atque
621 1254 879 1307 caelestium,
912 1268 1093 1308 quarum
1119 1253 1411 1309 spectaculum

74 1314 127 1354 ad
163 1313 331 1354 nullum
367 1313 481 1355 aliud
513 1327 646 1368 genus
679 1312 961 1355 animantium
992 1312 1190 1368 pertinet.
1253 1310 1410 1354 Sensus

19 1382 53 1407 20
74 1374 219 1413 autem
248 1372 505 1427 interpretes
538 1387 587 1414 ac
616 1372 758 1414 nuntii
782 1386 924 1413 rerum
949 1371 994 1412 in
1020 1371 1161 1426 capite
1186 1373 1410 1426 tamquam

71 1432 116 1472 in
154 1445 248 1473 arce
284 1431 460 1472 mirifice
499 1431 553 1472 ad
589 1446 691 1473 usus
728 1430 990 1472 necessarios
1029 1432 1072 1472 et
1101 1429 1207 1472 facti
1239 1433 1282 1472 et
1313 1444 1410 1472 con-

72 1489 203 1531 locati
235 1492 342 1531 sunt.
390 1488 505 1531 Nam
537 1490 648 1532 oculi
678 1492 901 1544 tamquam
934 1489 1224 1544 speculatores
1252 1488 1410 1530 altissi-

72 1564 189 1590 mum
230 1549 371 1590 locum
410 1549 626 1604 obtinent,
669 1563 719 1590 ex
758 1563 840 1603 quo
878 1548 1066 1603 plurima
1096 1547 1410 1603 conspicientes

70 1607 306 1662 fungantur
331 1622 405 1649 suo
431 1622 624 1661 munere3
656 1610 698 1649 et
724 1621 859 1661 aures,
885 1621 981 1649 cum
1007 1621 1159 1648 sonum
1178 1607 1396 1662 percipere
1414 1615 1475 1646 141

18 1675 52 1702 85
72 1666 267 1720 debeant,
299 1666 371 1721 qui
399 1669 556 1708 natura
588 1666 666 1719 [in]
700 1666 882 1708 sublime
913 1665 1060 1720 fertur,
1092 1667 1205 1707 recte
1236 1665 1283 1706 in
1308 1665 1410 1706 altis

72 1739 298 1780 corporum
328 1725 524 1780 partibus
557 1726 790 1767 collocatae
822 1727 938 1778 sunt3
978 1725 1167 1779 itemque
1197 1738 1323 1765 nares
1356 1726 1410 1778 et,

72 1783 186 1838 quod
218 1784 357 1825 omnis
389 1784 493 1826 odor
525 1784 578 1826 ad
609 1798 763 1839 supera
792 1783 942 1837 fertur,
973 1785 1088 1825 recte
1115 1797 1284 1824 sursum
1310 1785 1411 1824 sunt

73 1844 126 1896 et,
159 1842 271 1897 quod
303 1842 386 1884 cibi
417 1845 460 1883 et
483 1843 673 1898 potionis
698 1842 902 1884 iudicium
927 1856 1134 1897 magnum
1160 1856 1306 1883 earum
1333 1844 1410 1895 est,

70 1915 160 1943 non
203 1901 292 1943 sine
336 1916 463 1943 causa
501 1902 768 1943 vicinitatem
806 1902 892 1943 oris
930 1903 1101 1943 secutae
1139 1902 1251 1942 sunt.
1317 1899 1411 1942 Iam

19 1970 54 1997 ⁸0
73 1962 290 2016 gustatus,
323 1960 395 2014 qui
426 1960 582 2002 sentire
616 1975 780 2015 eorum,
813 1960 967 2015 quibus
998 1959 1222 2013 vescimur,
1254 1973 1412 2015 genera

72 2019 212 2073 debet,
240 2019 411 2060 habitat
440 2019 486 2060 in
517 2034 566 2061 ea
596 2022 721 2075 parte
753 2019 857 2072 oris,
890 2034 974 2073 qua
1006 2017 1231 2060 esculentis
1265 2020 1308 2059 et
1338 2032 1411 2073 po-

71 2078 250 2119 tulentis
282 2078 364 2118 iter
393 2080 548 2120 natura
577 2078 793 2133 patefecit.
843 2077 1001 2119 Tactus
1035 2079 1179 2119 autem
1202 2079 1296 2118 toto
1323 2091 1410 2118 cor-

71 2151 174 2203 pore
207 2136 489 2191 aequabiliter
517 2137 638 2178 fusus
672 2140 748 2192 est,
779 2139 828 2178 ut
860 2151 1008 2179 omnes
1038 2136 1150 2178 ictus
1177 2150 1410 2190 omnesque

71 2195 272 2237 minimos
306 2198 348 2237 et
378 2195 553 2250 frigoris
585 2198 628 2237 et
660 2196 814 2238 caloris
847 2195 1052 2250 adpulsus
1087 2194 1244 2236 sentire
1275 2194 1411 2249 possi-

21 2262 54 2290 ⁸5
71 2268 178 2296 mus.
239 2253 383 2308 Atque
425 2256 474 2294 ut
515 2254 562 2295 in
605 2254 806 2296 aedificiis
851 2254 1072 2296 architecti
1115 2255 1314 2295 avertunt
1355 2252 1408 2293 ab

72 2313 205 2354 oculis
236 2313 496 2366 naribusque
529 2312 799 2355 dominorum
831 2328 890 2366 ea,
924 2327 1032 2367 quae
1057 2312 1316 2368 profluentia
1340 2325 1409 2352 ne-

70 2372 256 2414 cessario
288 2371 419 2413 taetri
450 2374 593 2413 essent
624 2372 784 2427 aliquid
814 2371 1030 2426 habitura,
1062 2372 1121 2413 sic
1152 2373 1310 2412 natura
1339 2382 1408 2411 res

139 2445 212 2473 cic.
232 2447 287 2473 Π,
308 2448 323 2471 2
1103 2447 1123 2474 τ
