1685 2568
169 83 257 124 444
694 82 759 117 DE
784 81 987 118 LEGIBUS

172 194 222 221 ea
252 179 482 221 infundunt
512 179 557 221 in
588 179 821 232 civitatem,
851 192 988 233 neque
1020 175 1160 219 solum
1192 177 1361 231 obsunt,
1393 176 1506 232 quod

170 238 256 294 ipsi
287 240 628 293 corrumpuntur,
660 238 734 280 sed
765 238 896 278 etiam
928 236 1041 291 quod
1072 237 1361 291 corrumpunt,
1392 236 1506 291 plus-

173 311 253 352 que
291 298 485 352 exemplo
525 312 653 351 quam
690 298 864 351 peccato
901 297 1067 336 nocent.
1127 294 1270 349 Atque
1302 294 1407 335 haec
1438 294 1507 335 lex

174 356 357 398 dilatata
391 356 438 398 in
474 356 665 397 ordinem
702 357 900 397 cunctum
938 354 1215 409 coangustari
1251 353 1382 394 etiam
1414 354 1508 407 pot-

175 417 259 469 est3
284 415 410 470 pauci
435 414 548 456 enim
574 416 703 468 atque
728 413 957 454 admodum
981 412 1106 467 pauci
1124 412 1285 454 honore
1306 414 1349 453 et
1368 411 1508 467 gloria
1525 423 1543 448 5

177 473 429 528 amplificati
463 473 532 514 vel
570 486 840 526 corrumpere
878 485 1018 513 mores
1056 471 1244 513 civitatis
1281 470 1349 512 vel
1381 469 1508 512 corri-

175 547 274 589 gere
305 534 498 587 possunt.
548 529 629 572 Sed
660 531 765 572 haec
797 533 838 572 et
865 545 977 572 nunc
1003 530 1109 571 satis
1135 531 1179 571 613
1203 529 1248 571 111
1272 529 1360 570 11118
1386 528 1507 569 libris

174 593 364 633 tractata
395 593 495 632 sunt
526 589 788 645 diligentius.
837 588 976 637 Quare
1009 589 1061 630 ad
1086 588 1251 643 reliqua
1275 588 1508 630 veniamus.

262 650 511 692 Proximum
537 652 680 690 autem
707 651 772 689 est
798 648 848 689 de
875 647 1103 703 suffragiis,
1129 661 1236 702 quae
1259 647 1385 688 iubeo
1404 648 1510 688 nota

175 724 268 751 esse
306 708 608 764 optimatibus,
647 708 807 762 populo
840 707 988 748 libera.
1037 707 1136 748 ATT.
1169 705 1238 747 Ita
1268 705 1508 747 mehercule
1529 716 1562 741 ιο

175 767 340 810 attendi
363 782 441 809 nec
467 766 572 808 satis
598 766 803 820 intellexi,
829 766 930 820 quid
956 765 1039 807 sibi
1064 766 1132 806 lex
1158 767 1233 806 aut
1259 764 1359 819 quid
1378 764 1510 806 verba

173 828 259 868 ista
290 826 464 868 vellent.
517 826 580 867 M.
612 825 775 879 Dicam,
806 824 914 878 Tite,
947 827 989 866 et
1020 824 1224 866 versabor
1253 823 1298 864 in
1329 837 1374 865 re
1404 822 1510 863 diffi-

175 887 247 928 cili
285 900 334 927 ac
365 885 550 926 multum
583 886 626 925 et
658 899 784 939 saepe
816 884 1029 938 quaesita,
1066 882 1272 938 suffragia
1301 881 1346 923 in
1377 881 1510 937 magi-

175 947 315 986 stratu
354 943 595 986 mandando
628 957 677 985 66
709 943 759 984 de
790 957 862 984 reo
894 942 1118 984 iudicando
1150 942 1435 996 sciscendaque
1466 940 1511 981 in

175 1005 271 1060 lege
303 1006 377 1045 aut
408 1003 633 1058 rogatione
665 1002 775 1044 clam
808 1016 863 1043 an
893 1002 1039 1056 palam
1068 1000 1173 1042 ferri
1204 1000 1355 1042 melius
1387 1001 1512 1041 esset.
1531 1009 1564 1035 15
1631 1022 1635 1050 ·,

178 1063 223 1114 Q.
254 1062 325 1104 An
363 1062 492 1103 etiam
529 1061 574 1102 id
605 1061 780 1102 dubium
813 1061 907 1102 est‘?
945 1074 1111 1113 vereor,
1148 1074 1200 1100 116
1233 1074 1258 1101 6
1288 1061 1331 1100 te
1363 1072 1510 1100 rursus
1634 1067 1635 1070 ’

177 1121 441 1163 dissentiam.
484 1120 548 1162 M.
579 1119 680 1161 Non
710 1119 853 1173 facies,
885 1118 1050 1168 Quinte.
1100 1117 1214 1160 Nam
1246 1132 1325 1174 ego
1357 1117 1402 1159 in
1426 1117 1512 1159 ista

178 1195 272 1222 sum
317 1180 546 1232 sententia,
591 1194 676 1233 qua
711 1181 754 1220 136
796 1178 929 1219 fuisse
968 1192 1136 1233 semper
1174 1177 1278 1231 scio,
1317 1176 1426 1217 nihil
1463 1178 1512 1217 ut

176 1239 307 1281 fuerit
348 1239 394 1280 in
431 1238 647 1293 suffragiis
684 1252 787 1279 voce
828 1238 999 1291 melius;
1043 1237 1117 1278 sed
1154 1236 1342 1277 obtineri
1377 1249 1427 1277 ne
1465 1249 1512 1276 ea

106 1309 151 1340 34
177 1313 259 1340 non
284 1297 464 1353 possint,
495 1297 722 1338 videndum
749 1298 824 1338 est.
877 1296 921 1347 Q.
947 1295 1094 1350 Atqui,
1125 1295 1271 1349 frater,
1297 1295 1412 1336 bona
1436 1296 1511 1335 tua
1531 1304 1565 1329 20

178 1357 302 1399 venia
340 1356 538 1409 dixerim,
575 1356 660 1396 ista
697 1356 910 1397 sententia
948 1355 1131 1396 maxime
1162 1356 1206 1396 et
1235 1353 1350 1395 fallit
1381 1353 1511 1408 impe-

177 1417 286 1458 ritos
324 1418 367 1457 et
405 1416 529 1457 obest
566 1414 813 1469 saepissime
845 1414 906 1455 rei
937 1414 1150 1469 publicae,
1189 1427 1317 1467 quom
1350 1411 1511 1466 aliquid

178 1490 326 1518 verum
358 1477 401 1516 613
432 1477 596 1515 rectum
628 1487 719 1514 esse
751 1473 917 1526 dicitur,
950 1473 1022 1514 sed
1055 1471 1249 1525 obtineri,
1280 1471 1323 1512 id
1349 1473 1415 1512 est
1441 1471 1512 1512 ob-

179 1534 274 1576 sisti
305 1548 432 1589 posse
463 1533 636 1588 populo,
667 1535 861 1587 negatur.
910 1531 1102 1573 Primum
1133 1530 1247 1572 enim
1273 1529 1512 1583 obsistitur,

179 1607 309 1648 quom
341 1593 485 1648 agitur
517 1606 674 1645 severe,
706 1591 855 1632 deinde
886 1590 930 1632 vi
961 1590 1147 1645 opprimi
1176 1590 1222 1631 in
1246 1589 1360 1630 bona
1385 1603 1512 1630 causa
1531 1598 1565 1624 2⁵

179 1655 246 1694 6813
270 1652 424 1693 111611118
451 1666 580 1706 quam
605 1650 744 1691 malae
770 1650 927 1692 cedere.
972 1649 1074 1698 Quis
1101 1651 1243 1690 autem
1269 1662 1356 1690 non
1382 1647 1512 1689 sentit

179 1726 349 1753 omnem
393 1710 695 1752 auctoritatem
739 1708 1013 1764 optimatium
1056 1707 1331 1749 tabellariam
1374 1706 1512 1762 legem

180 1770 441 1812 abstulisse?
475 1784 603 1824 quam
634 1768 818 1824 populus
850 1767 959 1809 liber
984 1782 1218 1821 numquam
1245 1765 1512 1819 desideravit,

178 1829 291 1870 idem
330 1842 560 1884 oppressus
599 1827 820 1869 dominatu
858 1841 906 1868 ac
943 1826 1139 1881 potentia
1171 1825 1410 1881 principum
1441 1824 1513 1865 fia-

181 1888 347 1944 gitavit.
408 1887 561 1942 Itaque
599 1886 799 1942 graviora
829 1886 985 1926 iudicia
1016 1885 1066 1926 de
1096 1883 1408 1940 potentissimis
1440 1882 1512 1924 ho·
1532 1892 1566 1917 30

180 1947 365 1988 minibus
405 1948 553 1987 extant
590 1945 706 1987 vocis
744 1959 871 1999 quam
908 1944 1106 1986 tabellae.
1168 1942 1303 1992 Quam
1336 1943 1390 1984 ob
1422 1956 1511 1983 rem

181 2005 444 2062 suffragandi
474 2005 608 2046 nimia
639 2003 772 2045 libido
800 2003 845 2044 in
869 2018 956 2045 non
980 2003 1104 2045 bonis
1131 2001 1268 2044 causis
1297 2000 1512 2056 eripienda

178 2065 262 2106 fuit
293 2063 555 2120 potentibus,
585 2077 672 2105 non
702 2063 869 2104 latebra
895 2062 1034 2104 danda
1059 2062 1231 2117 populo,
1262 2060 1307 2101 in
1332 2074 1416 2115 qua
1441 2060 1512 2100 bo·

179 2124 246 2165 nis
278 2122 596 2179 ignorantibus,
629 2121 730 2176 quid
762 2121 940 2176 quisque
972 2121 1166 2173 sentiret,
1196 2119 1360 2162 tabella
1390 2118 1513 2160 vitio·

107 627 161 668 15

104 681 148 711 33

182 2198 275 2224 sum
314 2182 548 2224 occultaret
586 2180 849 2236 suffragium.
903 2179 1055 2234 Itaque
1092 2179 1167 2221 isti
1197 2177 1413 2234 rogationi
1443 2191 1512 2218 ne·
1532 2185 1564 2211 35

181 2256 261 2297 que
293 2241 408 2282 lator
439 2240 664 2295 quisquam
697 2242 763 2280 est
792 2239 991 2281 inventus
1022 2253 1099 2280 nec
1131 2240 1279 2280 auctor
1309 2250 1514 2290 umquam

112 2292 167 2376 ἐξ
181 2301 331 2342 bonus.
381 2298 490 2342 Sunt
520 2299 632 2341 enim
665 2300 869 2354 quattuor
894 2298 1011 2354 leges
1037 2296 1301 2351 tabellariae,
1333 2309 1514 2350 quarum
