1685 2568
171 1159 214 1190 19

174 1445 227 1486 12

171 2038 216 2070 20

244 58 327 100 152
705 59 769 93 DE
795 58 1120 94 DIVINATIONE

299 154 564 209 Multaque
595 155 801 196 misceri
831 157 1083 196 nocturna
1114 156 1289 210 strage
1320 153 1538 210 putasti,

301 212 442 262 Quod
483 213 643 255 ferme
688 213 849 254 dirum
892 213 943 254 in
986 215 1185 267 tempus
1225 214 1453 256 cecidere
1490 214 1580 256 Lav

1303 272 1462 326 tinae,

301 330 419 373 Cum
452 331 642 372 claram
674 330 897 384 speciem
929 332 1168 372 concreto
1200 330 1391 372 lumine
1422 331 1543 372 luna

300 389 515 430 Abdidit
533 391 581 430 et
598 389 770 430 subito
789 388 1194 430 stellantinocte
1210 392 1473 443 perempta
1493 392 1580 430 est.

301 447 430 496 Quid
460 462 580 489 vero
612 446 807 488 Phoebi
837 446 942 501 fax,
973 447 1150 488 tristis
1181 447 1361 487 nuntia
1391 448 1535 502 belli,
1616 460 1633 486 5

300 505 435 555 Quae
472 520 708 562 magnum
745 505 805 546 ad
836 505 1069 547 columen
1098 505 1367 547 flammato
1401 506 1581 547 ardore

1233 564 1463 619 volabat,

299 623 616 678 Praecipitis
642 622 774 664 caeli
798 622 965 677 partis
986 622 1260 677 obitusque
1285 623 1581 677 petessens‘?

300 682 402 723 Aut
434 697 543 724 cum
574 680 811 722 terribili
842 681 1110 736 perculsus
1140 681 1358 723 fulmine
1390 682 1517 723 civis

300 740 430 782 Luce
463 739 727 781 serenanti
758 739 947 781 vitalia
978 739 1173 781 lumina
1204 740 1391 795 liquit?

301 799 403 841 Aut
423 813 531 840 cum
551 813 601 840 se
621 798 835 854 gravido
856 797 1149 839 tremefecit
1165 813 1375 853 corpore
1393 799 1582 840 tellus?
1604 813 1636 838 ιο

299 858 406 899 Iam
436 872 554 899 vero
587 857 763 899 variae
794 859 1048 898 nocturno
1081 858 1312 911 tempore
1343 857 1482 899 visae

300 916 588 958 Terribiles
630 916 826 957 formae
869 915 1065 956 bellum
1108 918 1377 969 motusque
1417 930 1584 958 mone-

1325 974 1467 1028 bant,

299 1034 565 1088 Multaque
596 1047 684 1087 per
715 1035 885 1074 terras
916 1034 1063 1074 vates
1095 1033 1269 1074 oracla
1299 1032 1497 1074 furenti

298 1092 516 1134 Pectore
552 1091 840 1133 fundebant
876 1091 1050 1132 tristis
1089 1091 1389 1133 minitantia
1419 1106 1583 1145 caSUS,

300 1151 468 1206 Atque
511 1165 584 1205 ea,
633 1164 758 1205 quae
799 1150 949 1204 lapsu
992 1149 1195 1191 tandem
1237 1150 1462 1192 cecidere
1506 1164 1584 1192 ve-
1604 1161 1635 1187 1⁵

1305 1211 1447 1250 tusto

299 1267 435 1310 Haec
487 1267 597 1309 fore
646 1267 914 1322 perpetuis
965 1267 1131 1322 signis
1182 1243 1465 1322 clarisque⁷
1486 1267 1585 1309 fre-

1217 1328 1465 1380 quentans

299 1384 416 1440 Ipse
448 1385 592 1426 deum
625 1383 832 1439 genitor
863 1384 1005 1426 caelo
1039 1384 1295 1438 terrisque
1328 1385 1554 1426 canebat.

299 1443 442 1485 Nunc
475 1458 549 1498 ea,
581 1442 843 1497 Torquato
871 1457 996 1497 quae
1024 1443 1275 1497 quondam
1302 1445 1350 1483 et
1376 1443 1584 1484 consule

1312 1500 1467 1543 Cotta

300 1561 487 1616 Lydius
520 1560 754 1602 ediderat
785 1559 1079 1614 Tyrrhenae
1112 1560 1281 1615 gentis
1312 1560 1584 1615 haruspex,

302 1620 481 1662 Omnia
498 1619 607 1661 fixa
625 1621 747 1660 tuus
768 1619 1061 1674 glomerans
1083 1618 1393 1660 determinat
1412 1634 1584 1660 annus.
1603 1630 1638 1655 2⁰

300 1678 427 1721 Nam
451 1680 601 1734 pater
627 1677 917 1719 altitonans
939 1677 1183 1718 stellanti
1201 1677 1349 1719 nixus
1369 1677 1583 1732 Olympo

301 1737 416 1792 Ipse
444 1751 561 1779 suos
590 1736 841 1791 quondam
860 1736 1086 1778 tumulos
1107 1750 1161 1777 ac
1180 1736 1375 1790 templa
1393 1736 1584 1791 petivit

300 1796 365 1837 Et
396 1795 717 1851 Capitolinis
748 1795 934 1837 iniecit
966 1794 1172 1836 sedibus
1204 1794 1352 1850 ignis.

301 1854 423 1896 Tum
444 1854 640 1909 species
661 1868 718 1895 ex
738 1868 851 1895 aere
870 1856 1016 1895 vetus
1037 1855 1381 1907 venerataque
1394 1852 1583 1895 Nattae

301 1913 560 1967 Concidit,
599 1913 912 1967 elapsaeque
950 1914 1156 1953 vetusto
1187 1911 1390 1953 numine
1423 1912 1584 1968 leges,
1604 1921 1637 1948 2⁵

301 1971 367 2013 Et
399 1972 568 2013 divom
601 1971 878 2013 simulacra
908 1970 1126 2026 peremit
1155 1970 1389 2011 fulminis
1423 1970 1584 2013 ardor.

301 2030 396 2072 Hic
429 2030 694 2072 silvestris
726 2032 838 2071 erat
868 2029 1082 2070 Romani
1111 2028 1332 2070 nominis
1365 2029 1542 2084 altrix,

300 2089 507 2143 Martia,
546 2103 670 2143 quae
707 2103 893 2142 parvos
924 2087 1177 2129 Mavortis
1211 2087 1402 2129 semine
1432 2090 1582 2130 natos
1660 2130 1661 2135 ,

299 2147 559 2190 Uberibus
593 2146 824 2203 gravidis
856 2146 1011 2188 vitali
1042 2160 1157 2187 rore
1188 2145 1414 2201 rigabat3

301 2205 435 2256 Quae
461 2209 566 2248 tum
593 2220 701 2247 cum
726 2204 899 2260 pueris
925 2204 1192 2246 flammato
1218 2204 1454 2246 fulminis
1479 2205 1584 2247 ictu
1605 2214 1659 2247 ³0!

300 2264 539 2308 Concidit
572 2266 724 2319 atque
750 2264 930 2305 avolsa
954 2263 1135 2318 pedum
1161 2262 1389 2318 vestigia
1414 2263 1584 2318 liquit.
