1685 2568
151 252 194 282 33

220 86 306 128 418
757 86 822 121 DE
846 86 1050 123 LEGIBUS

219 197 315 224 rum
353 183 594 238 ostendere,
630 198 717 225 non
746 183 888 238 video,
925 198 998 226 cur
1030 198 1122 225 esse
1153 183 1458 225 divinationem
1488 198 1557 226 110-

222 256 339 298 gem3
371 245 470 283 sunt
503 245 646 284 autem
679 257 745 297 ea,
778 257 885 296 quae
910 242 1053 296 posui3
1085 257 1134 283 ex
1167 243 1320 296 quibus
1351 243 1412 295 id,
1443 243 1555 297 quod

220 301 438 356 volumus,
470 301 653 342 efficitur
686 304 729 341 et
761 301 940 355 cogitur.
990 300 1083 341 Iam
1113 315 1214 342 vero
1246 301 1555 355 permultorum

221 360 513 415 exemplorum
545 362 588 401 et
618 362 767 401 nostra
799 362 864 400 est
895 360 1023 414 plena
1053 373 1119 400 res
1146 360 1319 414 publica
1345 362 1388 401 et
1414 360 1557 401 omnia

220 433 354 474 regna
392 433 621 472 omnesque
659 418 808 473 populi
852 421 1111 472 cunctaeque
1149 421 1298 473 gentes
1346 433 1556 474 augurum

219 477 449 532 praedictis
493 478 631 518 multa
673 476 980 518 incredibiliter
1023 491 1125 518 vera
1161 477 1379 531 cecidisse,
1421 492 1556 531 neque

221 536 334 577 enim
370 535 539 590 Polyidi
579 550 715 590 neque
753 535 1037 590 Melampodis
1077 550 1213 590 neque
1245 535 1386 590 Mopsi
1421 550 1557 590 neque

220 595 476 650 Amphiarai
507 609 643 648 neque
669 593 918 636 Calchantis
949 609 1085 648 neque
1111 594 1266 635 Heleni
1290 597 1460 636 tantum
1484 609 1558 636 no-

220 668 318 695 men
366 653 535 707 fuisset,
585 667 721 707 neque
771 655 838 694 tot
880 653 1075 694 nationes
1128 653 1171 694 id
1221 653 1274 694 ad
1322 654 1402 695 hoc
1453 656 1557 694 tem-

220 727 300 768 pus
344 712 640 765 retinuissent,
689 714 737 753 ut
779 711 1019 767 Phrygum,
1068 711 1331 766 Lycaonum,
1376 712 1556 753 Cilicum

1575 430 1591 456 5

1576 722 1611 749 10
1674 721 1685 744 l(

221 771 489 825 maximeque
520 770 775 824 Pisidarum,
805 771 889 811 nisi
920 773 1113 812 vetustas
1146 786 1196 812 ea
1227 774 1344 813 certa
1369 785 1461 812 esse
1487 771 1557 812 do-
1618 807 1624 814 .

221 830 395 883 cuisset3
437 844 515 872 nec
558 844 658 871 vero
698 829 908 871 Romulus
950 832 1098 871 noster
1142 830 1362 885 auspicato
1406 830 1556 871 urbem

220 889 490 943 condidisset,
521 903 657 943 neque
682 888 779 929 Atti
804 887 934 930 Navii
964 903 1120 930 nomen
1151 889 1358 930 memoria
1385 889 1556 930 floreret

220 950 311 989 tam
349 947 438 1002 diu,
474 947 558 988 nisi
596 961 742 989 omnes
780 948 826 988 hi
863 948 1000 988 multa
1033 948 1085 988 ad
1116 947 1343 989 veritatem
1376 947 1556 989 admira-

221 1007 327 1048 bilia
358 1006 576 1047 dixissent.
626 1004 708 1047 Sed
740 1006 915 1047 dubium
945 1021 1033 1048 non
1063 1009 1140 1060 est,
1172 1007 1274 1061 quin
1304 1006 1409 1048 haec
1435 1006 1555 1048 disci-

221 1066 340 1120 plina
378 1068 421 1106 et
458 1079 528 1106 ars
567 1079 778 1120 augurum
816 1065 1036 1106 evanuerit
1072 1065 1159 1106 iam
1191 1068 1234 1106 et
1264 1067 1480 1107 vetustate
1513 1067 1556 1106 et

220 1124 506 1179 neglegentia.
554 1123 624 1165 Ita
653 1138 790 1179 neque
821 1124 888 1165 illi
919 1124 1148 1178 adsentior,
1181 1124 1252 1178 qui
1283 1124 1394 1166 hanc
1426 1124 1555 1165 scien-

220 1183 326 1224 tiam
363 1185 495 1238 negat
531 1197 733 1237 umquam
764 1183 809 1224 in
839 1185 988 1224 nostro
1020 1183 1203 1238 collegio
1233 1183 1383 1237 fuisse,
1419 1197 1554 1237 neque

221 1242 304 1296 illi,
349 1242 421 1296 qui
465 1256 557 1283 esse
594 1242 724 1282 etiam
761 1256 872 1283 nunc
909 1244 1053 1296 putat3
1097 1256 1204 1296 quae
1242 1242 1348 1283 mihi
1387 1241 1555 1283 videtur

222 1300 334 1355 apud
373 1300 555 1342 maiores
592 1300 724 1342 fuisse
757 1300 929 1355 dupleX,
966 1303 1014 1341 ut
1046 1301 1099 1341 ad
1130 1301 1192 1342 rei
1223 1301 1419 1356 publicae
1450 1302 1554 1341 tem-

222 1374 301 1415 pus
343 1373 431 1401 non
466 1374 718 1413 numquam,
762 1360 815 1400 ad
853 1359 1006 1414 agendi
1044 1359 1269 1401 consilium
1306 1359 1555 1414 saepissime

153 1428 198 1458 34
224 1418 470 1474 pertineret.
519 1419 619 1460 ATT.
652 1417 787 1460 Credo
819 1418 961 1459 hercle
992 1418 1055 1459 ita
1086 1432 1177 1459 esse
1208 1418 1365 1472 istique
1396 1418 1555 1459 rationi

156 1538 209 1578 14

221 1477 496 1533 potissimum
528 1477 756 1518 adsentior.
806 1475 888 1518 Sed
918 1476 1045 1518 redde
1076 1479 1227 1518 cetera.

309 1536 372 1578 M
403 1535 595 1577 Reddam
621 1550 733 1590 vero,
766 1539 808 1577 et
832 1535 886 1590 id,
919 1535 955 1576 si
979 1538 1142 1590 potero,
1173 1535 1304 1577 brevi.
1355 1533 1556 1590 Sequitur

224 1595 336 1636 enim
362 1595 412 1636 de
437 1595 528 1636 iure
554 1595 676 1649 belli3
701 1595 745 1635 in
771 1609 853 1649 quo
881 1596 923 1635 et
948 1594 1216 1649 suscipiendo
1244 1597 1286 1635 et
1307 1594 1491 1650 gerendo
1512 1596 1555 1635 et

223 1654 470 1708 deponendo
487 1653 554 1695 ius
573 1656 622 1695 ut
641 1654 874 1709 plurimum
892 1653 1056 1694 valeret
1072 1656 1115 1694 et
1128 1653 1246 1708 fides,
1264 1667 1493 1707 eorumque
1507 1655 1555 1694 ut

221 1712 382 1768 publici
406 1712 662 1767 interpretes
683 1715 835 1766 essent,
861 1712 955 1767 lege
977 1712 1205 1754 sanximus.
1248 1711 1342 1753 Iam
1361 1712 1411 1753 de
1431 1713 1555 1753 haru-

224 1771 388 1826 spicum
419 1772 645 1827 religione,
678 1771 727 1813 de
759 1771 1073 1826 expiationibus
1106 1774 1149 1812 et
1179 1771 1554 1826 procurationibus

224 1832 291 1871 sat
312 1844 403 1871 esse
422 1831 547 1885 plane
567 1830 612 1871 in
630 1830 725 1885 ipsa
743 1830 837 1885 lege
858 1830 1018 1870 dictum
1037 1832 1153 1884 puto.
1193 1830 1293 1872 ATT.
1312 1830 1555 1883 Adsentior,

224 1888 425 1943 quoniam
447 1889 584 1930 omnis
604 1889 709 1930 haec
727 1888 773 1929 in
791 1888 998 1943 religione
1019 1891 1214 1930 versatur
1234 1888 1383 1930 oratio.
1415 1889 1477 1930 M.
1494 1888 1554 1929 At

223 1961 323 1988 vero
364 1947 476 2001 quod
508 1948 717 2002 sequitur,
755 1962 837 2001 quo
871 1947 996 1988 modo
1029 1950 1103 1988 aut
1133 1950 1181 1988 tu
1213 1947 1453 1988 adsentiare
1482 1951 1557 1989 aut

156 2015 197 2046 35
225 2020 304 2062 ego
335 2006 661 2060 reprehendam,
693 2021 794 2047 sane
827 2021 1002 2060 quaero,
1034 2005 1141 2047 Tite.
1190 2007 1290 2049 ATT.
1323 2005 1432 2055 Quid
1462 2008 1555 2047 tan-

225 2065 320 2105 dem
359 2064 403 2105 id
444 2066 536 2106 est?
598 2067 660 2107 M.
695 2065 760 2106 De
800 2065 1019 2106 nocturnis
1061 2065 1278 2106 sacrificiis
1317 2065 1554 2106 mulierum.

223 2125 322 2165 Am
354 2123 448 2177 Ego
486 2138 587 2166 vero
620 2124 854 2177 adsentior,
895 2125 1070 2178 excepto
1101 2124 1355 2178 praesertim
1385 2124 1430 2164 in
1460 2124 1555 2178 ipsa

223 2183 318 2238 lege
345 2182 543 2223 sollemni
569 2183 775 2224 sacrificio
802 2197 850 2224 ac
875 2182 1058 2237 publico.
1101 2183 1164 2224 M.
1191 2182 1299 2230 Quid
1326 2197 1427 2237 ergo
1454 2184 1555 2237 aget

222 2240 399 2282 Iacchus
431 2241 796 2296 Eumolpidaeque
832 2241 970 2282 vostri
1005 2243 1047 2281 et
1079 2244 1262 2296 augusta
1291 2241 1369 2282 illa
1400 2243 1554 2295 myste-

223 2300 298 2353 ria,
334 2300 543 2354 siquidem
576 2315 697 2342 sacra
727 2302 936 2341 nocturna
967 2299 1189 2341 tollimus?
1221 2314 1307 2341 non
1339 2299 1451 2341 enim
1481 2314 1554 2354 po-

1576 1016 1609 1042 15

1574 1311 1608 1336 20

1574 1603 1608 1629 25
1679 1606 1684 1630 2

1574 1899 1608 1923 30

1573 2191 1608 2217 35
