1685 2568
191 96 239 131 VI
600 95 878 132 ADNOTATIO
905 96 1103 131 CRITICA.

189 191 396 225 concludere
427 190 500 224 dici
533 201 640 234 quam
671 202 744 225 rem
767 202 897 236 neyare
921 191 986 224 aut
1009 192 1191 226 veritatem
1213 191 1292 225 rei.'
1343 190 1436 225 Mihi
1460 203 1519 226 ar-

188 239 486 282 yumentationem
511 239 718 272 concludere
741 237 850 281 plane
870 237 1001 272 eodem
1025 237 1135 271 modo
1161 237 1234 271 dici
1259 237 1421 280 videtur,
1448 249 1518 281 quo

190 286 228 318 ct
252 289 500 330 aryumentum
530 294 573 317 ac
596 286 772 319 rationem
797 285 965 327 (utroque
990 283 1089 327 loco,
1122 294 1231 328 quem
1255 283 1361 318 affert
1384 284 1518 327 Madv.,

188 341 262 364 non
293 331 338 365 de
369 330 439 365 fine
474 331 511 365 et
543 331 705 365 extrema
728 332 833 375 parte
860 330 1191 375 argumentationis
1216 330 1356 375 agitur,
1384 331 1448 365 sed
1473 331 1519 365 de

190 377 289 411 omni
308 377 641 422 argumentatione)
663 378 701 411 et
719 378 916 411 orationem
936 377 1061 420 (Acad.
1082 378 1098 410 Ι
1118 382 1149 412 8.
1170 382 1225 420 32,
1247 388 1296 411 or.
1319 381 1350 411 5.
1365 381 1409 411 20
1423 378 1519 421 eto),

188 425 397 458 sententiam
423 424 535 467 (Brut.
564 429 594 459 8.
623 426 692 467 34),
719 425 824 468 Ieyem
850 423 959 468 (legg.
987 424 1021 457 ΙΙ
1042 428 1094 459 10.
1123 427 1180 468 23)
1209 424 1246 458 et
1270 423 1347 457 sine
1374 423 1519 459 obiecto

189 472 416 513 concludam,
443 472 475 505 si
493 475 637 515 potero,
670 471 804 505 Latine
828 470 900 512 (fin.
927 471 961 504 ΙΙ
986 475 1041 506 32.
1071 472 1163 514 105),
1194 470 1217 505 1.
1245 481 1274 506 0.
1300 470 1355 504 ita
1380 470 1520 505 confor-

189 528 287 551 mare
321 520 357 551 ot
390 517 715 561 comprehendere,
747 518 789 550 ut
821 518 906 561 apte
948 517 1228 562 (²00ncluse’que
1266 528 1316 552 or.
1349 522 1404 553 53.
1441 520 1519 559 177)

190 564 298 597 cadat
330 566 367 598 ct
399 564 570 608 quadret,
608 574 675 598 nec
706 563 826 597 minus
856 564 956 598 recte
988 564 1062 599 dici
1093 565 1183 609 puto
1214 566 1424 599 sententiam
1461 564 1521 598 vel

188 615 398 656 aryumento
423 610 483 644 vel
508 612 815 656 aryurnentcztione
840 610 1010 645 concludi
1035 622 1145 654 quam
1169 613 1365 646 orationem
1382 612 1522 646 ratione

188 657 358 701 idemque
384 657 459 691 fere
484 658 624 700 valere,
656 657 728 691 nisi
762 657 860 700 quod
885 662 1133 702 argumentum
1157 657 1275 702 magis
1301 657 1448 702 proprie
1473 658 1521 691 ad

192 703 487 738 ‘dialecticorum
512 704 664 738 morem’
694 704 839 748 spectat
863 715 972 747 quam
996 706 1106 747 ratio,
1140 706 1178 739 et
1201 704 1300 748 quod
1325 706 1440 740 oratio
1464 706 1522 740 est

188 753 364 786 sententia
383 750 504 785 verbis
524 750 799 802 comprehensa.
819 771 862 775 —
882 750 920 784 Ρ.
938 755 1049 785 3317
1074 751 1145 796 Qui
1163 762 1229 796 pro
1242 753 1330 797 quid
1343 751 1521 794 Schoem„

192 798 288 842 Quzd
311 818 357 823 -—
381 797 588 844 gradatim?
613 797 738 842 spuria
761 797 904 832 censuit
928 797 1101 841 XValker„
1136 799 1173 832 et
1203 798 1242 832 in
1268 798 1372 832 codd.
1398 798 1522 842 posita

190 847 275 878 sunt
299 845 384 879 ante
409 845 616 889 sumpsisses
639 848 701 879 tuo
724 846 814 879 iure.
832 864 878 869 -—
897 843 935 879 P.
958 849 1011 879 33.
1033 849 1076 879 29
1102 856 1209 889 eaque
1233 844 1335 888 Bak„
1361 844 1456 879 Bait.
1476 865 1522 870 —

188 891 227 925 P.
254 896 308 926 34.
335 896 356 925 4
382 902 532 936 possem
563 890 729 924 Lactant.
761 890 845 925 inst.
879 890 952 925 div.
980 891 1014 924 ΙΙ
1040 896 1071 925 3.
1098 895 1142 925 24
1168 893 1207 925 et
1231 891 1276 925 de
1302 891 1357 925 ira
1384 896 1520 935 11.10,

188 937 325 982 Davis,
340 937 471 972 Heind.
484 937 720 972 ‘Academico
737 936 865 972 Cottae
878 937 983 972 unice
999 948 1092 972 conv
1096 937 1209 972 enire’
1226 938 1338 981 ratus,
1354 938 1519 972 Schoem.

188 985 230 1018 V.
258 985 305 1018 ad
331 984 438 1028 Seyff.
471 984 571 1018 Lael.
603 996 637 1029 p.
665 988 732 1019 273
765 985 803 1018 et
828 983 871 1018 cf.
898 997 932 1029 p.
959 989 1014 1019 47.
1039 989 1091 1019 10.
1117 1005 1163 1009 —
1188 984 1225 1017 Ρ.
1253 989 1308 1019 34.
1339 990 1380 1019 10
1406 986 1521 1020 decre-

187 1033 327 1067 verint
358 1032 432 1076 opt.
470 1031 587 1074 codd,
624 1032 852 1066 decreverunt
889 1030 970 1066 edd.
1022 1030 1256 1065 Coniunctivi
1294 1031 1428 1076 duplex
1466 1033 1521 1066 est

190 1089 316 1120 causa,
355 1089 389 1112 v.
421 1090 456 1123 p.
491 1082 544 1113 16.
578 1082 619 1112 31
653 1079 692 1112 et
722 1083 776 1112 37.
809 1082 864 1112 21.
896 1098 942 1104 —
972 1077 1009 1112 P.
1043 1083 1097 1112 34.
1134 1083 1174 1112 15
1207 1079 1317 1113 deser.
1350 1078 1444 1112 Bait.
1476 1079 1520 1121 ΙΙ,

190 1124 374 1167 Schoem.3
406 1136 440 1159 v.
472 1124 519 1158 ad
550 1136 585 1168 p.
620 1129 673 1159 13.
708 1129 761 1159 14.
788 1145 833 1150 —
863 1124 901 1158 P.
929 1129 984 1159 35.
1011 1129 1054 1159 33
1081 1124 1211 1167 Ratio,
1236 1126 1375 1170 inquis,
1401 1127 1522 1160 docuit

190 1183 208 1206 0
243 1172 320 1206 cod.
354 1171 459 1216 Glog.
492 1171 637 1214 Heind.,
670 1170 834 1205 Schoem.
860 1191 907 1197 —
940 1171 978 1206 P.
1006 1176 1059 1206 35.
1088 1176 1132 1206 34
1163 1173 1322 1206 docebat
1354 1171 1519 1206 Schoem.

188 1226 259 1252 tac.
285 1239 331 1244 ——
362 1218 400 1252 P.
433 1223 487 1253 36.
521 1222 541 1252 3
572 1219 718 1253 deorum
744 1218 842 1252 suasi
874 1218 967 1252 coni.
995 1218 1090 1253 Tull.
1117 1218 1259 1262 Regina.
1288 1223 1377 1253 1860
1402 1231 1437 1263 p.
1467 1224 1520 1262 17,

188 1266 285 1300 Bait.
319 1265 374 1299 ed.
407 1265 452 1307 ΙΙ,
483 1265 547 1300 deo
578 1265 695 1308 codd,
728 1264 823 1298 Bait.
850 1265 905 1299 ed.
932 1266 959 1308 Ι,
990 1266 1048 1300 dei
1072 1264 1209 1309 Lamb„
1237 1264 1414 1309 Schoem.,
1442 1277 1522 1300 cum

189 1314 252 1347 deo
283 1313 320 1347 F.
347 1311 406 1346 W.
440 1311 609 1346 Schmidt
640 1322 760 1356 progr.
793 1311 1049 1346 Neu—StrelitZ.
1095 1315 1183 1346 1868
1215 1323 1250 1356 p.
1286 1316 1327 1346 12
1349 1323 1400 1356 sq.
1435 1314 1521 1356 (uon

188 1360 278 1405 puto
305 1358 517 1393 Ciceronem
550 1358 685 1392 dixisse
716 1359 915 1394 similitudo
941 1370 1020 1393 cum
1043 1379 1090 1384 —
1120 1358 1192 1392 nisi
1218 1358 1346 1392 addito
1372 1359 1432 1393 vel
1459 1359 1522 1392 da-

188 1406 284 1440 tivzo
310 1407 399 1440 mzhi
417 1410 466 1440 est
484 1410 613 1448 tecum,
632 1405 693 1439 vel
714 1405 904 1449 genetivo:
924 1406 1078 1440 hominis
1097 1416 1177 1440 cum
1195 1406 1274 1448 deo,
1301 1405 1362 1439 vel
1380 1416 1465 1450 poss
1470 1417 1521 1440 es-

189 1452 285 1487 sivo:
317 1463 395 1488 mea
424 1454 561 1494 tecum).
586 1471 632 1478 --
662 1451 701 1486 P.
727 1456 782 1486 36.
810 1457 829 1487 6
860 1454 1073 1498 yiynuntur
1099 1451 1262 1487 Schoem.
1294 1453 1377 1496 tao,
1410 1452 1520 1497 plane

190 1511 234 1533 ex
259 1500 354 1541 alte,
381 1499 446 1533 sed
465 1498 549 1532 vide
570 1510 615 1533 ne
635 1498 795 1532 voluerit
821 1497 947 1533 Cicero
966 1499 1037 1534 hoc
1063 1498 1201 1542 dicere,
1227 1500 1303 1532 tam
1329 1481 1521 1552 ptieriliter

188 1546 318 1589 11110011
338 1545 555 1590 Epicui·,e0s
575 1546 632 1589 ut,
659 1545 730 1579 etsi
750 1545 906 1579 sciamus
926 1545 1102 1580 immania
1120 1545 1309 1579 belnaium
1329 1557 1464 1590 genera
1482 1547 1521 1580 in

189 1575 294 1627 India
331 1593 451 1637 gigni,
488 1593 613 1626 tamen
644 1591 791 1626 illorum
822 1592 965 1627 ratione
996 1593 1158 1627 statuere
1188 1603 1255 1627 nos
1286 1603 1434 1627 necesse
1473 1593 1522 1627 sit

190 1651 247 1682 ea,
274 1651 367 1683 quae
394 1639 539 1674 constet
564 1649 659 1683 esse,
686 1650 764 1674 esse
789 1639 902 1675 nulla.
953 1637 1005 1673 Cf.
1033 1639 1080 1673 ad
1104 1651 1139 1684 p.
1168 1643 1221 1674 16.
1248 1644 1302 1674 31.
1328 1660 1374 1664 -
1398 1639 1436 1673 P.
1464 1644 1518 1674 36.

192 1691 233 1721 16
265 1689 313 1721 ad
342 1687 498 1732 fiquram
530 1686 647 1729 codd,
672 1685 768 1720 Bait.
796 1707 839 1712 —
872 1687 911 1721 P.
937 1690 993 1721 36.
1025 1690 1070 1721 23
1101 1687 1310 1721 aduleverit
1340 1686 1434 1720 Bait.
1462 1687 1518 1722 ed.

188 1733 361 1776 Tauchn.,
392 1733 483 1767 item
514 1745 548 1777 p.
583 1737 661 1767 307.
695 1737 739 1767 24
772 1734 810 1767 013
839 1736 917 1768 388.
954 1737 997 1768 36
1029 1732 1081 1776 (111
1107 1733 1212 1767 codd.
1239 1733 1296 1767 est
1319 1733 1378 1767 fin.
1405 1733 1439 1767 V
1464 1738 1518 1768 20.

189 1782 259 1824 55).
281 1801 323 1806 —-
349 1780 387 1814 P.
409 1785 463 1814 36.
485 1785 528 1814 35
548 1790 612 1814 nec
630 1781 743 1824 specie
767 1791 830 1814 7700
855 1791 925 1815 usu
949 1779 1126 1823 Bouhier,
1152 1779 1258 1822 Bait,
1284 1791 1349 1814 7700
1372 1782 1519 1824 speciem

187 1838 251 1862 uec
275 1839 379 1862 usum
405 1827 521 1869 codd,
546 1838 610 1862 uec
635 1828 683 1861 (αἱ
707 1838 758 1871 sp.
783 1838 848 1862 ‘nec
872 1828 921 1862 acl
945 1837 1049 1862 usum
1074 1837 1092 1860 0
1125 1826 1204 1861 cod.
1237 1826 1342 1871 Glog.
1374 1827 1518 1869 Heind.,

189 1873 355 1908 Schoem.
388 1874 471 1907 soit.
505 1884 600 1908 vere.
635 1894 677 1898 -
710 1874 747 1908 P.
783 1878 838 1908 37.
874 1878 916 1908 13
947 1875 1114 1917 effecisset
1145 1873 1223 1907 cod.
1256 1873 1296 1916 B,
1328 1873 1421 1907 Bait.
1462 1873 1517 1907 ed.

188 1921 300 1965 Lips.,
320 1922 457 1964 fecisset
475 1920 551 1962 AH,
578 1920 689 1963 vulg„
709 1922 884 1963 ecfecisset
901 1920 996 1955 Bait.
1017 1920 1072 1954 ed.
1101 1919 1158 1954 Or.
1182 1940 1224 1945 -
1249 1919 1288 1953 P.
1309 1924 1364 1954 37.
1385 1924 1427 1955 21
1454 1922 1518 1955 tri-

188 1969 318 2002 buant
344 1970 418 2012 opt.
445 1967 562 2010 codd,
589 1969 755 2002 tribuunt
780 1967 858 2002 cod.
885 1967 1022 2010 Heins„
1049 1967 1232 2008 Schoem.;
1259 1965 1303 2001 cf.
1330 1978 1365 2011 p.
1386 1971 1441 2000 34.
1466 1972 1518 2008 10,

187 2014 235 2049 ad
255 2015 367 2048 Amul.
389 2019 442 2048 53.
468 2019 496 2048 1.
519 2035 559 2039 -
581 2014 618 2047 P.
646 2017 700 2048 38.
730 2019 770 2049 17
798 2015 959 2059 superior
983 2015 1077 2057 aeri,
1102 2014 1269 2048 aetheriis
1294 2024 1373 2056 SOL,
1398 2015 1520 2058 superi

186 2063 304 2096 aether
331 2062 408 2096 cod.
437 2062 478 2103 A,
504 2062 626 2106 superi
651 2062 784 2096 aetheri
813 2061 853 2103 B,
885 2062 1007 2106 superi
1037 2061 1162 2096 etheris
1193 2060 1237 2102 H,
1269 2061 1432 2104 superior
1463 2072 1518 2095 ae-

186 2109 277 2143 theri
295 2109 398 2151 Dav,
419 2108 524 2150 Bait,
550 2109 712 2152 super‘wor
737 2109 814 2143 ae'ri
831 2107 939 2150 Μο11.,
958 2107 1096 2150 Lamb,
1116 2088 1260 2150 Heind.,
1287 2106 1453 2141 Schoem
1476 2128 1518 2132 -—-

186 2155 223 2188 P.
251 2159 305 2189 38.
333 2160 376 2189 20
403 2156 443 2189 in
468 2166 548 2199 ique
574 2155 676 2196 Dav„
702 2154 874 2197 13010777
897 2155 978 2200 iyni
1001 2153 1144 2196 Heind.,
1176 2134 1260 2199 eqni,
1281 2153 1448 2188 Schoem.
1475 2174 1519 2179 —-

186 2202 223 2235 P
251 2206 305 2236 39.
334 2206 376 2235 10
404 2203 636 2245 peffrzerzerim
667 2200 763 2244 Em,
795 2201 926 2236 Heind.
955 2211 974 2235 0
1000 2200 1078 2235 cod.
1107 2200 1224 2244 Glog„
1250 2199 1385 2244 Madv„
1411 2200 1518 2243 Bait,

181 2260 268 2292 peri
271 2250 409 2283 eneriut
430 2248 546 2291 codd„
568 2248 733 2282 Schoem.
771 2248 841 2282 Hic
861 2247 1040 2292 Madvigii
1061 2247 1283 2281 sententiam
1308 2229 1518 2291 improbans

187 2295 453 2330 demonstravit
477 2277 739 2339 Epicureoium
771 2294 956 2329 sententia
990 2294 1207 2328 ‘remanere’
1238 2293 1420 2338 imagines
1445 2305 1520 2328 11011
