1685 2568
199 305 238 335 16

195 2007 237 2038 18

265 83 350 124 258
824 83 888 118 DE
914 83 1038 118 FATo

1676 174 1680 220 ί

265 179 441 221 maximi
478 180 603 222 orbes
641 180 770 221 medii
805 180 918 221 inter
956 194 1000 221 se
1032 179 1312 233 dividuntur’,
1353 179 1427 222 sed
1457 180 1602 235 potius

264 238 341 279 illo
373 238 518 280 modo:
552 238 667 280 ‘Non
698 242 740 280 et
773 241 872 279 sunt
902 238 948 279 in
979 238 1163 292 sphaera
1188 238 1365 279 maximi
1391 238 1527 292 orbes,
1559 241 1603 280 et

265 297 296 337 ii
325 311 412 338 non
443 297 572 338 medii
597 297 711 339 inter
737 312 781 338 se
808 295 1081 337 dividuntur?
1133 295 1244 344 Quid
1270 299 1349 351 est,
1380 297 1492 351 quod
1516 311 1604 338 non

264 356 404 411 possit
440 356 525 397 isto
563 355 689 397 modo
729 370 779 396 ex
811 369 970 396 conexo
1002 354 1227 396 transferri
1260 355 1313 396 ad
1344 355 1602 397 conjunctio-

265 429 368 455 num
398 414 703 469 negationem?
746 413 804 454 Et
837 413 1007 467 quidem
1040 413 1135 454 aliis
1168 413 1305 455 modis
1339 414 1509 455 easdem
1533 423 1639 455 res⁵

266 473 413 514 efferre
445 486 685 526 possumus.
734 471 862 513 Modo
896 471 997 512 dixi:
1032 470 1103 513 ‘In
1129 472 1313 526 sphaera
1337 472 1513 513 maximi
1539 487 1603 514 or-

264 531 339 572 bes
384 531 512 572 medii
555 531 667 571 inter
711 544 755 572 se
800 529 1079 584 dividuntur'3
1122 545 1299 584 possum
1337 531 1492 572 dicere:
1538 529 1603 572 eSi

264 590 309 630 in
341 589 525 644 sphaera
549 588 726 630 maximi
753 589 877 630 orbes
905 588 1056 642 erunt',
1087 603 1264 644 possum
1291 589 1445 631 dicere:
1480 588 1604 638 ‘Quia

264 649 309 689 in
350 648 532 702 sphaera
573 647 749 689 maximi
781 648 906 689 orbes
938 646 1089 689 erunt'.
1143 647 1284 689 Multa
1316 662 1473 703 genera
1504 651 1604 689 sunt

266 707 515 748 enuntiandi
545 721 624 748 nec
654 706 791 747 ullum
824 706 1047 747 distortius
1081 720 1210 760 quam
1236 706 1328 760 hoc,
1361 721 1444 760 quo
1472 704 1603 761 Chry·
1622 717 1657 743 ιο

266 766 413 821 sippus
434 768 579 820 sperat
594 763 832 807 Chaldaeos
854 767 1077 807 contentos
1092 763 1333 806 Stoicorum
1354 779 1481 806 causa
1500 765 1603 806 fore.

353 824 534 866 Illorum
566 826 713 865 tamen
742 838 867 865 nemo
899 823 963 865 ita
993 823 1202 878 loquitur3
1235 824 1371 865 maius
1399 826 1464 865 est
1490 823 1604 865 enim

265 883 342 924 has
382 883 672 924 contortiones
706 882 914 924 orationis
947 897 1075 936 quam
1106 882 1330 937 signorum
1363 885 1483 924 ortus
1515 883 1604 924 obi-

264 945 418 996 tusque
444 942 695 996 perdiscere.
739 939 821 982 Sed
847 941 901 982 ad
925 941 1048 982 illam
1067 940 1247 982 Diodori
1273 941 1602 995 contentionem,

266 1015 394 1055 quam
437 998 535 1055 περὶ
573 1000 778 1042 δυνατῶν
817 1000 1057 1054 appellant,
1099 1002 1383 1054 revertamur,
1422 1000 1467 1041 in
1508 1014 1603 1054 qua,

266 1059 367 1113 quid
404 1059 547 1101 valeat
587 1059 648 1113 id,
687 1059 799 1113 quod
831 1058 923 1099 fieri
953 1058 1111 1113 possit,
1149 1059 1400 1113 anquiritur.
1455 1058 1603 1101 Placet

264 1118 399 1173 igitur
429 1118 619 1160 Diodoro
651 1117 695 1159 id
727 1118 867 1159 solum
898 1117 992 1158 fieri
1022 1131 1167 1172 posse,
1205 1117 1317 1172 quod
1350 1120 1424 1159 aut
1454 1132 1603 1159 verum

266 1177 323 1218 sit
361 1178 435 1218 aut
471 1191 619 1218 verum
656 1176 850 1218 futurum
888 1176 956 1217 sit.
1013 1175 1094 1225 Qui
1131 1176 1249 1218 locus
1283 1177 1462 1232 attingit
1493 1176 1604 1218 hanc

266 1236 579 1290 quaestionem,
615 1235 725 1276 nihil
756 1235 868 1288 fieri,
906 1235 1018 1289 quod
1049 1249 1136 1276 non
1165 1249 1337 1277 necesse
1368 1235 1516 1289 fuerit,
1548 1237 1603 1289 et,

265 1294 465 1349 quicquid
508 1294 600 1335 fieri
644 1294 801 1348 possit,
845 1294 888 1334 id
932 1296 1005 1334 aut
1045 1308 1137 1335 esse
1173 1293 1260 1335 iam
1299 1296 1373 1335 aut
1408 1294 1602 1335 futurum

264 1367 367 1407 esse,
398 1367 477 1394 nec
508 1353 647 1408 magis
680 1352 934 1394 commutari
967 1367 1016 1393 ex
1042 1352 1154 1394 veris
1181 1353 1227 1393 in
1251 1352 1364 1394 falsa
1388 1367 1514 1407 posse
1541 1367 1602 1406 ea,

264 1426 372 1466 quae
402 1411 567 1464 futura,
600 1426 727 1465 quam
760 1426 820 1465 ea,
852 1425 960 1465 quae
991 1411 1108 1452 facta
1140 1413 1257 1464 sunt3
1296 1412 1368 1452 sed
1399 1411 1445 1452 in
1474 1411 1601 1453 factis

263 1470 647 1512 inmutabilitatem
679 1484 903 1525 apparere,
933 1470 978 1510 in
1007 1469 1164 1510 futuris
1198 1470 1470 1524 quibusdam,
1503 1469 1603 1524 quia

262 1544 348 1571 non
387 1531 583 1584 apparet,
621 1543 673 1570 ne
705 1529 843 1570 inesse
876 1528 1046 1582 quidem
1077 1528 1230 1582 videri,
1267 1531 1316 1569 ut
1347 1529 1391 1570 in
1424 1543 1491 1582 eo,
1530 1528 1602 1583 qui

263 1588 486 1629 mortifero
525 1587 675 1629 morbo
713 1590 936 1643 urgeatur,
972 1602 1121 1628 verum
1159 1587 1216 1628 sit
1255 1586 1357 1629 ‘Hie
1394 1587 1602 1629 morietur

263 1647 344 1688 hoc
375 1646 554 1700 morbo’,
586 1648 631 1687 at
661 1646 743 1688 hoc
768 1646 881 1687 idem
907 1646 943 1687 si
969 1660 1066 1687 vere
1093 1646 1258 1687 dicatur
1283 1646 1329 1687 in
1354 1661 1415 1700 eo,
1446 1646 1491 1687 in
1518 1661 1600 1700 quo

263 1707 328 1747 vis
350 1705 490 1747 morbi
509 1708 632 1746 tanta
651 1720 737 1746 non
758 1707 977 1759 appareat,
1004 1705 1140 1746 nihilo
1161 1705 1301 1746 minus
1319 1705 1513 1746 futurum
1533 1705 1601 1746 sit.

263 1764 331 1805 Ita
361 1765 423 1818 fit,
455 1766 503 1805 ut
535 1764 815 1805 commutatio
848 1778 897 1805 ex
926 1778 1026 1805 vero
1052 1763 1098 1804 in
1122 1763 1281 1805 falsum
1306 1778 1360 1805 ne
1385 1765 1430 1805 in
1454 1763 1599 1805 futuro

264 1823 434 1877 quidem
465 1823 556 1864 ulla
579 1823 672 1864 fieri
697 1822 846 1878 possit.
897 1821 1010 1863 Nam
1038 1822 1261 1864 ‘Morietur
1284 1820 1441 1877 Scipio'
1467 1823 1600 1864 talem

263 1882 350 1923 vim
372 1882 515 1935 habet,
540 1884 600 1936 ut7
621 1896 880 1936 quamquam
901 1881 950 1922 de
970 1881 1115 1922 futuro
1136 1881 1301 1935 dicitur,
1327 1883 1471 1922 tamen
1491 1884 1539 1922 ut
1557 1881 1601 1922 id

262 1955 348 1981 non
367 1940 506 1995 possit
526 1942 772 1982 convertere
791 1940 836 1981 in
854 1940 1031 1993 falsum3
1051 1940 1101 1980 de
1121 1940 1293 1981 homine
1309 1940 1420 1981 enim
1436 1940 1599 1994 dicitur,

264 1999 331 2041 cui
355 2014 525 2040 necesse
553 2002 618 2040 est
642 1999 763 2040 mori.
813 1997 882 2040 Sic
908 1999 943 2040 si
970 1999 1197 2041 diceretur:
1224 1998 1448 2040 ‘Morietur
1471 2001 1600 2041 noctu

263 2058 307 2098 in
345 2058 539 2099 cubiculo
579 2072 654 2099 suo
692 2057 735 2099 vi
773 2072 1002 2113 oppressus
1035 2056 1206 2112 Scipio',
1242 2072 1340 2099 vere
1373 2057 1600 2112 diceretur3

262 2116 306 2157 id
338 2116 449 2158 enim
482 2117 573 2157 fore
606 2116 833 2171 diceretur,
873 2117 985 2171 quod
1017 2119 1131 2157 esset
1161 2116 1371 2170 futurum3
1407 2116 1599 2158 futurum
1654 2163 1657 2167 ,

265 2177 407 2217 autem
438 2175 570 2216 fuisse
603 2190 653 2216 ex
685 2190 752 2229 eo,
789 2175 889 2229 quia
919 2175 1081 2217 factum
1113 2177 1196 2228 est,
1233 2175 1429 2230 intellegi
1461 2175 1597 2216 debet.
1615 2170 1665 2243 8511

262 2233 353 2276 Nec
391 2234 529 2288 magis
568 2236 660 2275 erat
697 2248 844 2276 verum
884 2234 1106 2275 <Morietur
1138 2232 1295 2288 Scipio'
1329 2248 1457 2288 quam
1496 2233 1598 2275 ‘Mo-
1643 2242 1685 2285 ,221

263 2292 398 2334 rietur
431 2293 508 2334 illo
553 2291 708 2347 modo',
750 2307 827 2334 nec
871 2292 1010 2349 magis
1054 2307 1225 2334 necesse
1263 2292 1373 2334 mori
1410 2290 1598 2349 Scipioni
1641 2288 1685 2376 fl

1648 2352 1653 2372 1

1672 455 1675 472 l

1670 2175 1681 2221 1)
