<?xml version="1.0" encoding="UTF-8"?>
<!DOCTYPE html PUBLIC "-//W3C//DTD XHTML 1.0 Transitional//EN"
    "http://www.w3.org/TR/xhtml1/DTD/xhtml1-transitional.dtd">
<html xmlns="http://www.w3.org/1999/xhtml" xml:lang="en" lang="en">
 <head>
  <title>
</title>
<meta http-equiv="Content-Type" content="text/html;charset=utf-8" />
  <meta name='ocr-system' content='tesseract 3.04.00' />
  <meta name='ocr-capabilities' content='ocr_page ocr_carea ocr_par ocr_line ocrx_word'/>
</head>
<body>
  <div class='ocr_page' id='page_1' title='image "./p2scriptaquaemanse04ciceuoft_0090.png"; bbox 0 0 1685 2568; ppageno 0'>
   <div class='ocr_carea' id='block_1_1' title="bbox 241 79 1164 122">
    <p class='ocr_par' dir='ltr' id='par_1_1' title="bbox 241 79 1164 122">
     <span class='ocr_line' id='line_1_1' title="bbox 241 79 1164 122; baseline -0.001 -8"><span class='ocrx_word' id='word_1_1' title='bbox 241 82 296 122; x_wconf 85' lang='lat'>38</span> <span class='ocrx_word' id='word_1_2' title='bbox 647 80 710 114; x_wconf 85' lang='lat' dir='ltr'>DE</span> <span class='ocrx_word' id='word_1_3' title='bbox 736 80 936 115; x_wconf 78' lang='lat' dir='ltr'>NATURA</span> <span class='ocrx_word' id='word_1_4' title='bbox 961 79 1164 114; x_wconf 79' lang='lat' dir='ltr'>DEORUM</span> 
     </span>
    </p>
   </div>
   <div class='ocr_carea' id='block_1_2' title="bbox 171 176 1576 1873">
    <p class='ocr_par' dir='ltr' id='par_1_2' title="bbox 173 176 1574 290">
     <span class='ocr_line' id='line_1_2' title="bbox 173 176 1574 231; baseline 0.001 -15"><span class='ocrx_word' id='word_1_5' title='bbox 173 185 236 216; x_wconf 82' lang='lat'>102</span> <span class='ocrx_word' id='word_1_6' title='bbox 259 177 442 219; x_wconf 89' lang='lat' dir='ltr'>omnino.</span> <span class='ocrx_word' id='word_1_7' title='bbox 504 176 626 218; x_wconf 86' lang='lat' dir='ltr'>Nihil</span> <span class='ocrx_word' id='word_1_8' title='bbox 657 176 800 230; x_wconf 87' lang='lat' dir='ltr'>habet,</span> <span class='ocrx_word' id='word_1_9' title='bbox 832 176 984 230; x_wconf 88' lang='lat' dir='ltr'>inquit,</span> <span class='ocrx_word' id='word_1_10' title='bbox 1016 176 1190 231; x_wconf 79' lang='lat' dir='ltr'>negotii.</span> <span class='ocrx_word' id='word_1_11' title='bbox 1246 176 1442 218; x_wconf 86' lang='lat' dir='ltr'>Profecto</span> <span class='ocrx_word' id='word_1_12' title='bbox 1473 176 1574 231; x_wconf 85' lang='lat' dir='ltr'>Epi-</span> 
     </span>
     <span class='ocr_line' id='line_1_3' title="bbox 241 234 1574 290; baseline -0.001 -13"><span class='ocrx_word' id='word_1_13' title='bbox 241 250 365 277; x_wconf 84' lang='lat' dir='ltr'>curus</span> <span class='ocrx_word' id='word_1_14' title='bbox 399 236 520 290; x_wconf 87' lang='lat' dir='ltr'>quasi</span> <span class='ocrx_word' id='word_1_15' title='bbox 551 235 672 290; x_wconf 90' lang='lat' dir='ltr'>pueri</span> <span class='ocrx_word' id='word_1_16' title='bbox 704 235 875 276; x_wconf 74' lang='lat' dir='ltr'>delicati</span> <span class='ocrx_word' id='word_1_17' title='bbox 905 235 1013 275; x_wconf 84' lang='lat' dir='ltr'>nihil</span> <span class='ocrx_word' id='word_1_18' title='bbox 1046 234 1282 276; x_wconf 84' lang='lat' dir='ltr'>cessatione</span> <span class='ocrx_word' id='word_1_19' title='bbox 1314 235 1465 276; x_wconf 89' lang='lat' dir='ltr'>melius</span> <span class='ocrx_word' id='word_1_20' title='bbox 1492 235 1574 276; x_wconf 82' lang='lat' dir='ltr'>exi-</span> 
     </span>
    </p>

    <p class='ocr_par' dir='ltr' id='par_1_3' title="bbox 171 293 1574 700">
     <span class='ocr_line' id='line_1_4' title="bbox 171 293 1574 348; baseline -0.001 -12"><span class='ocrx_word' id='word_1_21' title='bbox 171 295 223 336; x_wconf 83' lang='lat'>37</span> <span class='ocrx_word' id='word_1_22' title='bbox 242 295 401 335; x_wconf 89' lang='lat' dir='ltr'>stimat.</span> <span class='ocrx_word' id='word_1_23' title='bbox 470 294 530 334; x_wconf 90' lang='lat' dir='ltr'>At</span> <span class='ocrx_word' id='word_1_24' title='bbox 573 294 655 348; x_wconf 86' lang='lat' dir='ltr'>ipsi</span> <span class='ocrx_word' id='word_1_25' title='bbox 705 296 849 334; x_wconf 89' lang='lat' dir='ltr'>tamen</span> <span class='ocrx_word' id='word_1_26' title='bbox 893 293 1030 348; x_wconf 84' lang='lat' dir='ltr'>pueri,</span> <span class='ocrx_word' id='word_1_27' title='bbox 1081 293 1211 334; x_wconf 87' lang='lat' dir='ltr'>etiam</span> <span class='ocrx_word' id='word_1_28' title='bbox 1256 308 1350 334; x_wconf 90' lang='lat' dir='ltr'>cum</span> <span class='ocrx_word' id='word_1_29' title='bbox 1394 296 1574 347; x_wconf 87' lang='lat' dir='ltr'>cessant,</span> 
     </span>
     <span class='ocr_line' id='line_1_5' title="bbox 241 351 1574 406; baseline -0.002 -12"><span class='ocrx_word' id='word_1_30' title='bbox 241 352 545 394; x_wconf 71' lang='lat' dir='ltr'>exercitatione</span> <span class='ocrx_word' id='word_1_31' title='bbox 577 351 722 406; x_wconf 88' lang='lat' dir='ltr'>aliqua</span> <span class='ocrx_word' id='word_1_32' title='bbox 754 352 917 392; x_wconf 87' lang='lat' dir='ltr'>ludicra</span> <span class='ocrx_word' id='word_1_33' title='bbox 949 352 1232 405; x_wconf 71' lang='lat' dir='ltr'>delectantur,</span> <span class='ocrx_word' id='word_1_34' title='bbox 1270 352 1395 392; x_wconf 89' lang='lat' dir='ltr'>deum</span> <span class='ocrx_word' id='word_1_35' title='bbox 1427 352 1486 393; x_wconf 90' lang='grc'>310</span> <span class='ocrx_word' id='word_1_36' title='bbox 1517 351 1574 392; x_wconf 85' lang='lat' dir='ltr'>fe-</span> 
     </span>
     <span class='ocr_line' id='line_1_6' title="bbox 240 410 1573 464; baseline 0 -12"><span class='ocrx_word' id='word_1_37' title='bbox 240 412 399 452; x_wconf 88' lang='lat' dir='ltr'>riatum</span> <span class='ocrx_word' id='word_1_38' title='bbox 431 411 628 452; x_wconf 88' lang='lat' dir='ltr'>volumus</span> <span class='ocrx_word' id='word_1_39' title='bbox 661 410 897 451; x_wconf 86' lang='lat' dir='ltr'>cessatione</span> <span class='ocrx_word' id='word_1_40' title='bbox 929 413 1116 464; x_wconf 90' lang='lat' dir='ltr'>torpere,</span> <span class='ocrx_word' id='word_1_41' title='bbox 1148 413 1213 464; x_wconf 90' lang='lat' dir='ltr'>ut,</span> <span class='ocrx_word' id='word_1_42' title='bbox 1246 410 1283 450; x_wconf 92' lang='lat' dir='ltr'>si</span> <span class='ocrx_word' id='word_1_43' title='bbox 1314 424 1358 451; x_wconf 89' lang='lat' dir='ltr'>se</span> <span class='ocrx_word' id='word_1_44' title='bbox 1391 425 1573 452; x_wconf 90' lang='lat' dir='ltr'>commo-</span> 
     </span>
     <span class='ocr_line' id='line_1_7' title="bbox 240 468 1574 523; baseline -0.001 -12"><span class='ocrx_word' id='word_1_45' title='bbox 240 470 367 523; x_wconf 88' lang='lat' dir='ltr'>verit,</span> <span class='ocrx_word' id='word_1_46' title='bbox 412 483 652 522; x_wconf 76' lang='lat' dir='ltr'>vereamur,</span> <span class='ocrx_word' id='word_1_47' title='bbox 695 482 748 509; x_wconf 87' lang='lat' dir='ltr'>ne</span> <span class='ocrx_word' id='word_1_48' title='bbox 790 469 941 509; x_wconf 88' lang='lat' dir='ltr'>beatus</span> <span class='ocrx_word' id='word_1_49' title='bbox 979 484 1070 510; x_wconf 89' lang='lat' dir='ltr'>esse</span> <span class='ocrx_word' id='word_1_50' title='bbox 1107 483 1192 510; x_wconf 95' lang='lat' dir='ltr'>non</span> <span class='ocrx_word' id='word_1_51' title='bbox 1229 469 1395 523; x_wconf 77' lang='lat' dir='ltr'>possit?</span> <span class='ocrx_word' id='word_1_52' title='bbox 1456 468 1574 511; x_wconf 90' lang='lat' dir='ltr'>Haec</span> 
     </span>
     <span class='ocr_line' id='line_1_8' title="bbox 241 527 1574 582; baseline 0 -13"><span class='ocrx_word' id='word_1_53' title='bbox 241 528 378 570; x_wconf 87' lang='lat' dir='ltr'>oratio</span> <span class='ocrx_word' id='word_1_54' title='bbox 410 542 497 569; x_wconf 90' lang='lat' dir='ltr'>non</span> <span class='ocrx_word' id='word_1_55' title='bbox 528 527 653 568; x_wconf 91' lang='lat' dir='ltr'>modo</span> <span class='ocrx_word' id='word_1_56' title='bbox 687 527 786 568; x_wconf 89' lang='lat' dir='ltr'>deos</span> <span class='ocrx_word' id='word_1_57' title='bbox 819 527 979 581; x_wconf 86' lang='lat' dir='ltr'>spoliat</span> <span class='ocrx_word' id='word_1_58' title='bbox 1010 530 1130 569; x_wconf 92' lang='lat' dir='ltr'>motu</span> <span class='ocrx_word' id='word_1_59' title='bbox 1159 530 1201 568; x_wconf 89' lang='lat' dir='ltr'>et</span> <span class='ocrx_word' id='word_1_60' title='bbox 1227 527 1393 568; x_wconf 88' lang='lat' dir='ltr'>actione</span> <span class='ocrx_word' id='word_1_61' title='bbox 1420 527 1574 582; x_wconf 87' lang='lat' dir='ltr'>divina,</span> 
     </span>
     <span class='ocr_line' id='line_1_9' title="bbox 241 586 1574 641; baseline -0.001 -13"><span class='ocrx_word' id='word_1_62' title='bbox 241 587 314 628; x_wconf 87' lang='lat' dir='ltr'>sed</span> <span class='ocrx_word' id='word_1_63' title='bbox 346 586 476 627; x_wconf 88' lang='lat' dir='ltr'>etiam</span> <span class='ocrx_word' id='word_1_64' title='bbox 507 586 700 627; x_wconf 88' lang='lat' dir='ltr'>homines</span> <span class='ocrx_word' id='word_1_65' title='bbox 732 586 881 626; x_wconf 88' lang='lat' dir='ltr'>inertis</span> <span class='ocrx_word' id='word_1_66' title='bbox 915 586 1061 640; x_wconf 88' lang='lat' dir='ltr'>efficit,</span> <span class='ocrx_word' id='word_1_67' title='bbox 1095 586 1303 640; x_wconf 80' lang='lat' dir='ltr'>siquidem</span> <span class='ocrx_word' id='word_1_68' title='bbox 1336 600 1468 641; x_wconf 80' lang='lat' dir='ltr'>agens</span> <span class='ocrx_word' id='word_1_69' title='bbox 1501 586 1574 627; x_wconf 84' lang='lat' dir='ltr'>ali-</span> 
     </span>
     <span class='ocr_line' id='line_1_10' title="bbox 242 644 1255 700; baseline -0.001 -14"><span class='ocrx_word' id='word_1_70' title='bbox 242 645 341 700; x_wconf 85' lang='lat' dir='ltr'>quid</span> <span class='ocrx_word' id='word_1_71' title='bbox 372 659 425 686; x_wconf 89' lang='lat' dir='ltr'>ne</span> <span class='ocrx_word' id='word_1_72' title='bbox 458 645 558 686; x_wconf 90' lang='lat' dir='ltr'>deus</span> <span class='ocrx_word' id='word_1_73' title='bbox 593 644 762 699; x_wconf 88' lang='lat' dir='ltr'>quidem</span> <span class='ocrx_word' id='word_1_74' title='bbox 794 659 885 685; x_wconf 90' lang='grc'>0330</span> <span class='ocrx_word' id='word_1_75' title='bbox 917 645 1068 685; x_wconf 90' lang='lat' dir='ltr'>beatus</span> <span class='ocrx_word' id='word_1_76' title='bbox 1099 647 1255 699; x_wconf 90' lang='lat' dir='ltr'>potest.</span> 
     </span>
    </p>

    <p class='ocr_par' dir='ltr' id='par_1_4' title="bbox 172 703 1576 1345">
     <span class='ocr_line' id='line_1_11' title="bbox 172 703 1574 758; baseline 0.002 -17"><span class='ocrx_word' id='word_1_77' title='bbox 172 710 236 742; x_wconf 89' lang='lat'>103</span> <span class='ocrx_word' id='word_1_78' title='bbox 329 704 490 745; x_wconf 89' lang='lat' dir='ltr'>Verum</span> <span class='ocrx_word' id='word_1_79' title='bbox 523 704 579 744; x_wconf 89' lang='lat' dir='ltr'>sit</span> <span class='ocrx_word' id='word_1_80' title='bbox 605 718 717 757; x_wconf 90' lang='lat' dir='ltr'>sane,</span> <span class='ocrx_word' id='word_1_81' title='bbox 748 705 797 744; x_wconf 88' lang='lat' dir='ltr'>ut</span> <span class='ocrx_word' id='word_1_82' title='bbox 822 703 966 756; x_wconf 87' lang='lat' dir='ltr'>vultis,</span> <span class='ocrx_word' id='word_1_83' title='bbox 998 703 1098 744; x_wconf 90' lang='lat' dir='ltr'>deus</span> <span class='ocrx_word' id='word_1_84' title='bbox 1126 703 1291 758; x_wconf 79' lang='lat' dir='ltr'>effigies</span> <span class='ocrx_word' id='word_1_85' title='bbox 1317 703 1504 744; x_wconf 85' lang='lat' dir='ltr'>hominis</span> <span class='ocrx_word' id='word_1_86' title='bbox 1533 706 1574 744; x_wconf 89' lang='lat' dir='ltr'>et</span> 
     </span>
     <span class='ocr_line' id='line_1_12' title="bbox 240 761 1575 818; baseline -0.001 -14"><span class='ocrx_word' id='word_1_87' title='bbox 240 763 401 818; x_wconf 79' lang='lat' dir='ltr'>imago3</span> <span class='ocrx_word' id='word_1_88' title='bbox 447 762 558 816; x_wconf 88' lang='lat' dir='ltr'>quod</span> <span class='ocrx_word' id='word_1_89' title='bbox 597 762 685 803; x_wconf 89' lang='lat' dir='ltr'>eius</span> <span class='ocrx_word' id='word_1_90' title='bbox 724 764 789 803; x_wconf 90' lang='lat' dir='ltr'>est</span> <span class='ocrx_word' id='word_1_91' title='bbox 827 761 1116 803; x_wconf 79' lang='lat' dir='ltr'>domicilium?</span> <span class='ocrx_word' id='word_1_92' title='bbox 1161 777 1268 816; x_wconf 89' lang='lat' dir='ltr'>quae</span> <span class='ocrx_word' id='word_1_93' title='bbox 1306 762 1456 803; x_wconf 75' lang='lat' dir='ltr'>sedes?</span> <span class='ocrx_word' id='word_1_94' title='bbox 1503 762 1575 816; x_wconf 91' lang='lat' dir='ltr'>qui</span> 
     </span>
     <span class='ocr_line' id='line_1_13' title="bbox 240 820 1574 875; baseline -0.001 -12"><span class='ocrx_word' id='word_1_95' title='bbox 240 822 389 863; x_wconf 78' lang='lat' dir='ltr'>locus?</span> <span class='ocrx_word' id='word_1_96' title='bbox 423 836 530 875; x_wconf 88' lang='lat' dir='ltr'>quae</span> <span class='ocrx_word' id='word_1_97' title='bbox 560 820 708 861; x_wconf 89' lang='lat' dir='ltr'>deinde</span> <span class='ocrx_word' id='word_1_98' title='bbox 734 820 844 862; x_wconf 88' lang='lat' dir='ltr'>actio</span> <span class='ocrx_word' id='word_1_99' title='bbox 871 820 1013 861; x_wconf 78' lang='lat' dir='ltr'>vitae?</span> <span class='ocrx_word' id='word_1_100' title='bbox 1047 820 1198 874; x_wconf 89' lang='lat' dir='ltr'>quibus</span> <span class='ocrx_word' id='word_1_101' title='bbox 1224 821 1363 875; x_wconf 89' lang='lat' dir='ltr'>rebus,</span> <span class='ocrx_word' id='word_1_102' title='bbox 1394 821 1436 861; x_wconf 87' lang='lat' dir='ltr'>id</span> <span class='ocrx_word' id='word_1_103' title='bbox 1463 820 1574 875; x_wconf 89' lang='lat' dir='ltr'>quod</span> 
     </span>
     <span class='ocr_line' id='line_1_14' title="bbox 239 879 1576 934; baseline -0.001 -13"><span class='ocrx_word' id='word_1_104' title='bbox 239 880 390 933; x_wconf 89' lang='lat' dir='ltr'>vultis,</span> <span class='ocrx_word' id='word_1_105' title='bbox 423 880 572 921; x_wconf 90' lang='lat' dir='ltr'>beatus</span> <span class='ocrx_word' id='word_1_106' title='bbox 606 879 699 920; x_wconf 84' lang='lat' dir='ltr'>est‘?</span> <span class='ocrx_word' id='word_1_107' title='bbox 742 881 889 920; x_wconf 84' lang='lat' dir='ltr'>utatur</span> <span class='ocrx_word' id='word_1_108' title='bbox 921 879 1031 919; x_wconf 85' lang='lat' dir='ltr'>enim</span> <span class='ocrx_word' id='word_1_109' title='bbox 1065 879 1151 919; x_wconf 90' lang='lat' dir='ltr'>suis</span> <span class='ocrx_word' id='word_1_110' title='bbox 1182 879 1306 920; x_wconf 90' lang='lat' dir='ltr'>bonis</span> <span class='ocrx_word' id='word_1_111' title='bbox 1339 882 1509 934; x_wconf 89' lang='lat' dir='ltr'>oportet</span> <span class='ocrx_word' id='word_1_112' title='bbox 1539 882 1576 920; x_wconf 71' lang='lat' dir='ltr'>et</span> 
     </span>
     <span class='ocr_line' id='line_1_15' title="bbox 239 936 1574 993; baseline -0.001 -14"><span class='ocrx_word' id='word_1_113' title='bbox 239 938 426 992; x_wconf 83' lang='lat' dir='ltr'>fruatur,</span> <span class='ocrx_word' id='word_1_114' title='bbox 464 938 537 993; x_wconf 87' lang='lat' dir='ltr'>qui</span> <span class='ocrx_word' id='word_1_115' title='bbox 573 938 724 979; x_wconf 90' lang='lat' dir='ltr'>beatus</span> <span class='ocrx_word' id='word_1_116' title='bbox 761 937 930 978; x_wconf 86' lang='lat' dir='ltr'>futurus</span> <span class='ocrx_word' id='word_1_117' title='bbox 968 940 1044 978; x_wconf 90' lang='lat' dir='ltr'>est.</span> <span class='ocrx_word' id='word_1_118' title='bbox 1104 936 1217 979; x_wconf 89' lang='lat' dir='ltr'>Nam</span> <span class='ocrx_word' id='word_1_119' title='bbox 1254 938 1372 979; x_wconf 91' lang='lat' dir='ltr'>locus</span> <span class='ocrx_word' id='word_1_120' title='bbox 1406 938 1574 992; x_wconf 89' lang='lat' dir='ltr'>quidem</span> 
     </span>
     <span class='ocr_line' id='line_1_16' title="bbox 240 996 1574 1050; baseline -0.001 -12"><span class='ocrx_word' id='word_1_121' title='bbox 240 998 293 1038; x_wconf 86' lang='lat' dir='ltr'>iis</span> <span class='ocrx_word' id='word_1_122' title='bbox 315 998 444 1038; x_wconf 91' lang='lat' dir='ltr'>etiam</span> <span class='ocrx_word' id='word_1_123' title='bbox 464 997 642 1050; x_wconf 83' lang='lat' dir='ltr'>naturiS,</span> <span class='ocrx_word' id='word_1_124' title='bbox 664 1011 770 1050; x_wconf 89' lang='lat' dir='ltr'>quae</span> <span class='ocrx_word' id='word_1_125' title='bbox 792 997 881 1038; x_wconf 88' lang='lat' dir='ltr'>sine</span> <span class='ocrx_word' id='word_1_126' title='bbox 903 996 1055 1037; x_wconf 87' lang='lat' dir='ltr'>animis</span> <span class='ocrx_word' id='word_1_127' title='bbox 1076 999 1187 1050; x_wconf 89' lang='lat' dir='ltr'>sunt,</span> <span class='ocrx_word' id='word_1_128' title='bbox 1220 1011 1319 1037; x_wconf 90' lang='lat' dir='ltr'>suus</span> <span class='ocrx_word' id='word_1_129' title='bbox 1340 999 1405 1037; x_wconf 90' lang='lat' dir='ltr'>est</span> <span class='ocrx_word' id='word_1_130' title='bbox 1425 997 1574 1050; x_wconf 86' lang='lat' dir='ltr'>cuique</span> 
     </span>
     <span class='ocr_line' id='line_1_17' title="bbox 240 1055 1576 1111; baseline -0.001 -14"><span class='ocrx_word' id='word_1_131' title='bbox 240 1056 452 1111; x_wconf 77' lang='lat' dir='ltr'>propriUS,</span> <span class='ocrx_word' id='word_1_132' title='bbox 483 1058 531 1096; x_wconf 88' lang='lat' dir='ltr'>ut</span> <span class='ocrx_word' id='word_1_133' title='bbox 562 1058 678 1097; x_wconf 87' lang='lat' dir='ltr'>terra</span> <span class='ocrx_word' id='word_1_134' title='bbox 709 1055 903 1096; x_wconf 89' lang='lat' dir='ltr'>infimum</span> <span class='ocrx_word' id='word_1_135' title='bbox 929 1057 1085 1108; x_wconf 88' lang='lat' dir='ltr'>teneat,</span> <span class='ocrx_word' id='word_1_136' title='bbox 1116 1055 1226 1096; x_wconf 85' lang='lat' dir='ltr'>hanc</span> <span class='ocrx_word' id='word_1_137' title='bbox 1251 1055 1428 1096; x_wconf 88' lang='lat' dir='ltr'>inundet</span> <span class='ocrx_word' id='word_1_138' title='bbox 1454 1070 1576 1109; x_wconf 83' lang='lat' dir='ltr'>aqua,</span> 
     </span>
     <span class='ocr_line' id='line_1_18' title="bbox 242 1113 1575 1169; baseline -0.002 -13"><span class='ocrx_word' id='word_1_139' title='bbox 242 1115 434 1169; x_wconf 82' lang='lat' dir='ltr'>superior</span> <span class='ocrx_word' id='word_1_140' title='bbox 465 1116 564 1168; x_wconf 70' lang='grc' dir='ltr'>αένί,</span> <span class='ocrx_word' id='word_1_141' title='bbox 597 1114 800 1155; x_wconf 73' lang='lat' dir='ltr'>aetheriis</span> <span class='ocrx_word' id='word_1_142' title='bbox 825 1113 996 1169; x_wconf 77' lang='lat' dir='ltr'>ignibus</span> <span class='ocrx_word' id='word_1_143' title='bbox 1024 1113 1236 1154; x_wconf 90' lang='lat' dir='ltr'>altissima</span> <span class='ocrx_word' id='word_1_144' title='bbox 1263 1128 1337 1155; x_wconf 91' lang='lat' dir='ltr'>ora</span> <span class='ocrx_word' id='word_1_145' title='bbox 1362 1113 1575 1155; x_wconf 76' lang='lat' dir='ltr'>reddatur.</span> 
     </span>
     <span class='ocr_line' id='line_1_19' title="bbox 241 1172 1575 1227; baseline -0.001 -13"><span class='ocrx_word' id='word_1_146' title='bbox 241 1174 482 1214; x_wconf 70' lang='lat' dir='ltr'>Bestiarum</span> <span class='ocrx_word' id='word_1_147' title='bbox 511 1175 654 1214; x_wconf 90' lang='lat' dir='ltr'>autem</span> <span class='ocrx_word' id='word_1_148' title='bbox 680 1175 873 1213; x_wconf 82' lang='lat' dir='ltr'>terrenae</span> <span class='ocrx_word' id='word_1_149' title='bbox 901 1175 999 1213; x_wconf 89' lang='lat' dir='ltr'>sunt</span> <span class='ocrx_word' id='word_1_150' title='bbox 1025 1172 1145 1226; x_wconf 86' lang='lat' dir='ltr'>aliae,</span> <span class='ocrx_word' id='word_1_151' title='bbox 1172 1173 1331 1227; x_wconf 90' lang='lat' dir='ltr'>partim</span> <span class='ocrx_word' id='word_1_152' title='bbox 1352 1173 1575 1226; x_wconf 77' lang='lat' dir='ltr'>aquatiles,</span> 
     </span>
     <span class='ocr_line' id='line_1_20' title="bbox 242 1231 1575 1286; baseline -0.001 -13"><span class='ocrx_word' id='word_1_153' title='bbox 242 1232 351 1273; x_wconf 87' lang='lat' dir='ltr'>aliae</span> <span class='ocrx_word' id='word_1_154' title='bbox 393 1232 515 1286; x_wconf 86' lang='lat' dir='ltr'>quasi</span> <span class='ocrx_word' id='word_1_155' title='bbox 557 1232 763 1286; x_wconf 86' lang='lat' dir='ltr'>ancipites</span> <span class='ocrx_word' id='word_1_156' title='bbox 800 1231 844 1272; x_wconf 92' lang='lat' dir='ltr'>in</span> <span class='ocrx_word' id='word_1_157' title='bbox 881 1234 1061 1285; x_wconf 87' lang='lat' dir='ltr'>utraque</span> <span class='ocrx_word' id='word_1_158' title='bbox 1094 1231 1190 1272; x_wconf 88' lang='lat' dir='ltr'>sede</span> <span class='ocrx_word' id='word_1_159' title='bbox 1222 1231 1431 1285; x_wconf 70' lang='lat' dir='ltr'>viventes,</span> <span class='ocrx_word' id='word_1_160' title='bbox 1476 1233 1575 1272; x_wconf 88' lang='lat' dir='ltr'>sunt</span> 
     </span>
     <span class='ocr_line' id='line_1_21' title="bbox 242 1290 1574 1345; baseline -0.002 -13"><span class='ocrx_word' id='word_1_161' title='bbox 242 1290 449 1345; x_wconf 87' lang='lat' dir='ltr'>quaedam</span> <span class='ocrx_word' id='word_1_162' title='bbox 475 1290 617 1344; x_wconf 86' lang='lat' dir='ltr'>etiam,</span> <span class='ocrx_word' id='word_1_163' title='bbox 644 1305 750 1344; x_wconf 85' lang='lat' dir='ltr'>quae</span> <span class='ocrx_word' id='word_1_164' title='bbox 775 1290 874 1345; x_wconf 80' lang='lat' dir='ltr'>igne</span> <span class='ocrx_word' id='word_1_165' title='bbox 894 1290 1011 1331; x_wconf 89' lang='lat' dir='ltr'>nasci</span> <span class='ocrx_word' id='word_1_166' title='bbox 1031 1292 1236 1344; x_wconf 84' lang='lat' dir='ltr'>putentur</span> <span class='ocrx_word' id='word_1_167' title='bbox 1256 1292 1574 1344; x_wconf 83' lang='lat' dir='ltr'>appareantque</span> 
     </span>
    </p>

    <p class='ocr_par' dir='ltr' id='par_1_5' title="bbox 173 1348 1576 1873">
     <span class='ocr_line' id='line_1_22' title="bbox 173 1348 1576 1404; baseline 0.001 -17"><span class='ocrx_word' id='word_1_168' title='bbox 173 1357 238 1387; x_wconf 84' lang='lat'>104</span> <span class='ocrx_word' id='word_1_169' title='bbox 257 1351 302 1390; x_wconf 88' lang='lat' dir='ltr'>in</span> <span class='ocrx_word' id='word_1_170' title='bbox 329 1349 575 1390; x_wconf 84' lang='lat' dir='ltr'>ardentibus</span> <span class='ocrx_word' id='word_1_171' title='bbox 600 1348 846 1390; x_wconf 83' lang='lat' dir='ltr'>fornacibus</span> <span class='ocrx_word' id='word_1_172' title='bbox 873 1363 998 1402; x_wconf 86' lang='lat' dir='ltr'>saepe</span> <span class='ocrx_word' id='word_1_173' title='bbox 1024 1349 1268 1389; x_wconf 83' lang='lat' dir='ltr'>volitantes.</span> <span class='ocrx_word' id='word_1_174' title='bbox 1312 1348 1476 1396; x_wconf 76' lang='lat' dir='ltr'>Quaero</span> <span class='ocrx_word' id='word_1_175' title='bbox 1498 1348 1576 1404; x_wconf 79' lang='lat' dir='ltr'>igi-</span> 
     </span>
     <span class='ocr_line' id='line_1_23' title="bbox 241 1406 1574 1462; baseline -0.001 -13"><span class='ocrx_word' id='word_1_176' title='bbox 241 1411 328 1462; x_wconf 89' lang='lat' dir='ltr'>tur,</span> <span class='ocrx_word' id='word_1_177' title='bbox 373 1411 515 1449; x_wconf 89' lang='lat' dir='ltr'>vester</span> <span class='ocrx_word' id='word_1_178' title='bbox 559 1408 659 1449; x_wconf 89' lang='lat' dir='ltr'>deus</span> <span class='ocrx_word' id='word_1_179' title='bbox 704 1408 889 1462; x_wconf 89' lang='lat' dir='ltr'>primum</span> <span class='ocrx_word' id='word_1_180' title='bbox 933 1407 1006 1447; x_wconf 90' lang='lat' dir='ltr'>ubi</span> <span class='ocrx_word' id='word_1_181' title='bbox 1049 1407 1234 1461; x_wconf 81' lang='lat' dir='ltr'>habitet,</span> <span class='ocrx_word' id='word_1_182' title='bbox 1278 1406 1425 1448; x_wconf 88' lang='lat' dir='ltr'>deinde</span> <span class='ocrx_word' id='word_1_183' title='bbox 1468 1422 1574 1461; x_wconf 83' lang='lat' dir='ltr'>quae</span> 
     </span>
     <span class='ocr_line' id='line_1_24' title="bbox 242 1465 1575 1520; baseline -0.002 -12"><span class='ocrx_word' id='word_1_184' title='bbox 242 1481 369 1508; x_wconf 82' lang='lat' dir='ltr'>causa</span> <span class='ocrx_word' id='word_1_185' title='bbox 401 1481 496 1507; x_wconf 90' lang='lat' dir='ltr'>eum</span> <span class='ocrx_word' id='word_1_186' title='bbox 528 1467 621 1508; x_wconf 93' lang='grc'>1000</span> <span class='ocrx_word' id='word_1_187' title='bbox 655 1469 842 1519; x_wconf 86' lang='lat' dir='ltr'>moveat,</span> <span class='ocrx_word' id='word_1_188' title='bbox 880 1465 915 1507; x_wconf 91' lang='lat' dir='ltr'>si</span> <span class='ocrx_word' id='word_1_189' title='bbox 948 1465 1072 1507; x_wconf 92' lang='lat' dir='ltr'>modo</span> <span class='ocrx_word' id='word_1_190' title='bbox 1106 1468 1301 1507; x_wconf 88' lang='lat' dir='ltr'>movetur</span> <span class='ocrx_word' id='word_1_191' title='bbox 1334 1466 1575 1520; x_wconf 87' lang='lat' dir='ltr'>aliquando,</span> 
     </span>
     <span class='ocr_line' id='line_1_25' title="bbox 240 1524 1574 1581; baseline -0.001 -15"><span class='ocrx_word' id='word_1_192' title='bbox 240 1540 387 1581; x_wconf 86' lang='lat' dir='ltr'>porro,</span> <span class='ocrx_word' id='word_1_193' title='bbox 420 1540 515 1566; x_wconf 89' lang='lat' dir='ltr'>cum</span> <span class='ocrx_word' id='word_1_194' title='bbox 547 1525 628 1567; x_wconf 91' lang='grc'>1100</span> <span class='ocrx_word' id='word_1_195' title='bbox 659 1525 881 1580; x_wconf 88' lang='lat' dir='ltr'>proprium</span> <span class='ocrx_word' id='word_1_196' title='bbox 913 1525 970 1565; x_wconf 88' lang='lat' dir='ltr'>sit</span> <span class='ocrx_word' id='word_1_197' title='bbox 1002 1524 1302 1578; x_wconf 88' lang='lat' dir='ltr'>animantium,</span> <span class='ocrx_word' id='word_1_198' title='bbox 1334 1527 1382 1565; x_wconf 90' lang='lat' dir='ltr'>ut</span> <span class='ocrx_word' id='word_1_199' title='bbox 1415 1525 1574 1579; x_wconf 86' lang='lat' dir='ltr'>aliquid</span> 
     </span>
     <span class='ocr_line' id='line_1_26' title="bbox 243 1583 1573 1639; baseline -0.001 -14"><span class='ocrx_word' id='word_1_200' title='bbox 243 1585 459 1639; x_wconf 86' lang='lat' dir='ltr'>adpetant,</span> <span class='ocrx_word' id='word_1_201' title='bbox 492 1584 605 1638; x_wconf 90' lang='lat' dir='ltr'>quod</span> <span class='ocrx_word' id='word_1_202' title='bbox 636 1584 693 1625; x_wconf 91' lang='lat' dir='ltr'>sit</span> <span class='ocrx_word' id='word_1_203' title='bbox 723 1586 901 1624; x_wconf 86' lang='lat' dir='ltr'>naturae</span> <span class='ocrx_word' id='word_1_204' title='bbox 934 1584 1314 1637; x_wconf 86' lang='lat' dir='ltr'>accommodatum,</span> <span class='ocrx_word' id='word_1_205' title='bbox 1347 1583 1446 1624; x_wconf 91' lang='lat' dir='ltr'>deus</span> <span class='ocrx_word' id='word_1_206' title='bbox 1474 1583 1573 1638; x_wconf 93' lang='lat' dir='ltr'>quid</span> 
     </span>
     <span class='ocr_line' id='line_1_27' title="bbox 242 1642 1573 1698; baseline -0.001 -14"><span class='ocrx_word' id='word_1_207' title='bbox 242 1645 431 1698; x_wconf 84' lang='lat' dir='ltr'>appetat,</span> <span class='ocrx_word' id='word_1_208' title='bbox 458 1643 511 1684; x_wconf 90' lang='lat' dir='ltr'>ad</span> <span class='ocrx_word' id='word_1_209' title='bbox 538 1657 664 1697; x_wconf 89' lang='lat' dir='ltr'>quam</span> <span class='ocrx_word' id='word_1_210' title='bbox 692 1642 870 1697; x_wconf 89' lang='lat' dir='ltr'>denique</span> <span class='ocrx_word' id='word_1_211' title='bbox 895 1657 984 1683; x_wconf 87' lang='lat' dir='ltr'>rem</span> <span class='ocrx_word' id='word_1_212' title='bbox 1011 1645 1131 1683; x_wconf 90' lang='lat' dir='ltr'>motu</span> <span class='ocrx_word' id='word_1_213' title='bbox 1156 1643 1312 1683; x_wconf 89' lang='lat' dir='ltr'>mentis</span> <span class='ocrx_word' id='word_1_214' title='bbox 1341 1657 1389 1684; x_wconf 87' lang='lat' dir='ltr'>ac</span> <span class='ocrx_word' id='word_1_215' title='bbox 1409 1643 1573 1683; x_wconf 86' lang='lat' dir='ltr'>ratione</span> 
     </span>
     <span class='ocr_line' id='line_1_28' title="bbox 241 1701 1573 1757; baseline 0 -15"><span class='ocrx_word' id='word_1_216' title='bbox 241 1704 406 1754; x_wconf 87' lang='lat' dir='ltr'>utatur,</span> <span class='ocrx_word' id='word_1_217' title='bbox 450 1704 668 1757; x_wconf 89' lang='lat' dir='ltr'>postremo</span> <span class='ocrx_word' id='word_1_218' title='bbox 714 1716 796 1756; x_wconf 92' lang='lat' dir='ltr'>quo</span> <span class='ocrx_word' id='word_1_219' title='bbox 841 1701 966 1742; x_wconf 87' lang='lat' dir='ltr'>modo</span> <span class='ocrx_word' id='word_1_220' title='bbox 1011 1701 1162 1742; x_wconf 81' lang='lat' dir='ltr'>beatus</span> <span class='ocrx_word' id='word_1_221' title='bbox 1207 1701 1279 1755; x_wconf 88' lang='lat' dir='ltr'>sit,</span> <span class='ocrx_word' id='word_1_222' title='bbox 1324 1715 1405 1755; x_wconf 87' lang='lat' dir='ltr'>quo</span> <span class='ocrx_word' id='word_1_223' title='bbox 1448 1701 1573 1742; x_wconf 89' lang='lat' dir='ltr'>modo</span> 
     </span>
     <span class='ocr_line' id='line_1_29' title="bbox 242 1759 1572 1814; baseline -0.001 -13"><span class='ocrx_word' id='word_1_224' title='bbox 242 1763 451 1802; x_wconf 85' lang='lat' dir='ltr'>aeternus.</span> <span class='ocrx_word' id='word_1_225' title='bbox 516 1759 724 1814; x_wconf 78' lang='lat' dir='ltr'>Quicquid</span> <span class='ocrx_word' id='word_1_226' title='bbox 763 1760 873 1801; x_wconf 91' lang='lat' dir='ltr'>enim</span> <span class='ocrx_word' id='word_1_227' title='bbox 906 1760 1059 1801; x_wconf 88' lang='lat' dir='ltr'>horum</span> <span class='ocrx_word' id='word_1_228' title='bbox 1092 1760 1307 1814; x_wconf 80' lang='lat' dir='ltr'>attigeris,</span> <span class='ocrx_word' id='word_1_229' title='bbox 1345 1760 1463 1801; x_wconf 88' lang='lat' dir='ltr'>ulcus</span> <span class='ocrx_word' id='word_1_230' title='bbox 1498 1762 1572 1800; x_wconf 90' lang='lat' dir='ltr'>est.</span> 
     </span>
     <span class='ocr_line' id='line_1_30' title="bbox 240 1819 1572 1873; baseline 0 -14"><span class='ocrx_word' id='word_1_231' title='bbox 240 1819 310 1860; x_wconf 81' lang='lat' dir='ltr'>Ita</span> <span class='ocrx_word' id='word_1_232' title='bbox 347 1819 457 1860; x_wconf 86' lang='lat' dir='ltr'>male</span> <span class='ocrx_word' id='word_1_233' title='bbox 494 1819 696 1860; x_wconf 86' lang='lat' dir='ltr'>instituta</span> <span class='ocrx_word' id='word_1_234' title='bbox 732 1819 843 1860; x_wconf 87' lang='lat' dir='ltr'>ratio</span> <span class='ocrx_word' id='word_1_235' title='bbox 883 1819 1041 1860; x_wconf 81' lang='lat' dir='ltr'>exitum</span> <span class='ocrx_word' id='word_1_236' title='bbox 1080 1819 1265 1873; x_wconf 87' lang='lat' dir='ltr'>reperire</span> <span class='ocrx_word' id='word_1_237' title='bbox 1302 1833 1387 1859; x_wconf 90' lang='lat' dir='ltr'>non</span> <span class='ocrx_word' id='word_1_238' title='bbox 1418 1821 1572 1873; x_wconf 89' lang='lat' dir='ltr'>potest.</span> 
     </span>
    </p>
   </div>
   <div class='ocr_carea' id='block_1_3' title="bbox 1595 714 1626 738">
    <p class='ocr_par' dir='ltr' id='par_1_6' title="bbox 1595 714 1626 738">
     <span class='ocr_line' id='line_1_31' title="bbox 1595 714 1626 738; baseline -0.032 0"><span class='ocrx_word' id='word_1_239' title='bbox 1595 714 1626 738; x_wconf 34' lang='grc'>11)</span> 
     </span>
    </p>
   </div>
   <div class='ocr_carea' id='block_1_4' title="bbox 1595 1007 1626 1032">
    <p class='ocr_par' dir='ltr' id='par_1_7' title="bbox 1595 1007 1626 1032">
     <span class='ocr_line' id='line_1_32' title="bbox 1595 1007 1626 1032; baseline 0.032 -1"><span class='ocrx_word' id='word_1_240' title='bbox 1595 1007 1626 1032; x_wconf 86' lang='grc'>15</span> 
     </span>
    </p>
   </div>
   <div class='ocr_carea' id='block_1_5' title="bbox 1595 1283 1676 1324">
    <p class='ocr_par' dir='ltr' id='par_1_8' title="bbox 1595 1283 1676 1324">
     <span class='ocr_line' id='line_1_33' title="bbox 1595 1283 1676 1324; baseline 0 0"><span class='ocrx_word' id='word_1_241' title='bbox 1595 1283 1676 1324; x_wconf 69' lang='lat' dir='ltr'>20v</span> 
     </span>
    </p>
   </div>
   <div class='ocr_carea' id='block_1_6' title="bbox 1595 1593 1627 1619">
    <p class='ocr_par' dir='ltr' id='par_1_9' title="bbox 1595 1593 1627 1619">
     <span class='ocr_line' id='line_1_34' title="bbox 1595 1593 1627 1619; baseline 0.031 -1"><span class='ocrx_word' id='word_1_242' title='bbox 1595 1593 1627 1619; x_wconf 83' lang='lat'>25</span> 
     </span>
    </p>
   </div>
   <div class='ocr_carea' id='block_1_7' title="bbox 174 1876 1675 1932">
    <p class='ocr_par' dir='ltr' id='par_1_10' title="bbox 174 1876 1675 1932">
     <span class='ocr_line' id='line_1_35' title="bbox 174 1876 1675 1932; baseline 0.001 -16"><span class='ocrx_word' id='word_1_243' title='bbox 174 1885 238 1916; x_wconf 81' lang='lat'>105</span> <span class='ocrx_word' id='word_1_244' title='bbox 261 1877 328 1919; x_wconf 81' lang='lat' dir='ltr'>Sic</span> <span class='ocrx_word' id='word_1_245' title='bbox 355 1878 466 1918; x_wconf 90' lang='lat' dir='ltr'>enim</span> <span class='ocrx_word' id='word_1_246' title='bbox 497 1878 677 1932; x_wconf 84' lang='lat' dir='ltr'>dicebas,</span> <span class='ocrx_word' id='word_1_247' title='bbox 705 1878 887 1932; x_wconf 85' lang='lat' dir='ltr'>speciem</span> <span class='ocrx_word' id='word_1_248' title='bbox 914 1877 978 1918; x_wconf 89' lang='lat' dir='ltr'>dei</span> <span class='ocrx_word' id='word_1_249' title='bbox 1005 1877 1165 1932; x_wconf 86' lang='lat' dir='ltr'>percipi</span> <span class='ocrx_word' id='word_1_250' title='bbox 1191 1876 1461 1931; x_wconf 74' lang='lat' dir='ltr'>cogitatione,</span> <span class='ocrx_word' id='word_1_251' title='bbox 1488 1891 1574 1918; x_wconf 88' lang='lat' dir='ltr'>non</span> <span class='ocrx_word' id='word_1_252' title='bbox 1592 1885 1626 1911; x_wconf 82' lang='lat'>30</span> <span class='ocrx_word' id='word_1_253' title='bbox 1672 1901 1675 1929; x_wconf 69' lang='lat'>3</span> 
     </span>
    </p>
   </div>
   <div class='ocr_carea' id='block_1_8' title="bbox 241 1936 1574 2167">
    <p class='ocr_par' dir='ltr' id='par_1_11' title="bbox 241 1936 1574 2167">
     <span class='ocr_line' id='line_1_36' title="bbox 243 1936 1574 1990; baseline -0.001 -13"><span class='ocrx_word' id='word_1_254' title='bbox 243 1951 380 1990; x_wconf 88' lang='lat' dir='ltr'>sensu,</span> <span class='ocrx_word' id='word_1_255' title='bbox 411 1951 488 1978; x_wconf 89' lang='lat' dir='ltr'>nec</span> <span class='ocrx_word' id='word_1_256' title='bbox 514 1951 606 1978; x_wconf 88' lang='lat' dir='ltr'>esse</span> <span class='ocrx_word' id='word_1_257' title='bbox 631 1937 675 1978; x_wconf 91' lang='lat' dir='ltr'>in</span> <span class='ocrx_word' id='word_1_258' title='bbox 702 1951 751 1978; x_wconf 89' lang='lat' dir='ltr'>ea</span> <span class='ocrx_word' id='word_1_259' title='bbox 776 1937 909 1978; x_wconf 85' lang='lat' dir='ltr'>ullam</span> <span class='ocrx_word' id='word_1_260' title='bbox 937 1936 1210 1989; x_wconf 88' lang='lat' dir='ltr'>soliditatem,</span> <span class='ocrx_word' id='word_1_261' title='bbox 1234 1950 1370 1989; x_wconf 89' lang='lat' dir='ltr'>neque</span> <span class='ocrx_word' id='word_1_262' title='bbox 1397 1936 1574 1977; x_wconf 85' lang='lat' dir='ltr'>eandem</span> 
     </span>
     <span class='ocr_line' id='line_1_37' title="bbox 243 1995 1573 2050; baseline -0.002 -13"><span class='ocrx_word' id='word_1_263' title='bbox 243 1995 295 2037; x_wconf 89' lang='lat' dir='ltr'>ad</span> <span class='ocrx_word' id='word_1_264' title='bbox 331 2010 555 2036; x_wconf 87' lang='lat' dir='ltr'>numerum</span> <span class='ocrx_word' id='word_1_265' title='bbox 592 2010 857 2050; x_wconf 87' lang='lat' dir='ltr'>permanere,</span> <span class='ocrx_word' id='word_1_266' title='bbox 896 2009 1072 2048; x_wconf 89' lang='lat' dir='ltr'>eamque</span> <span class='ocrx_word' id='word_1_267' title='bbox 1111 2008 1201 2035; x_wconf 90' lang='lat' dir='ltr'>esse</span> <span class='ocrx_word' id='word_1_268' title='bbox 1234 1995 1322 2035; x_wconf 88' lang='lat' dir='ltr'>eius</span> <span class='ocrx_word' id='word_1_269' title='bbox 1354 1995 1573 2047; x_wconf 81' lang='lat' dir='ltr'>visionem,</span> 
     </span>
     <span class='ocr_line' id='line_1_38' title="bbox 241 2053 1573 2107; baseline -0.001 -13"><span class='ocrx_word' id='word_1_270' title='bbox 241 2056 289 2095; x_wconf 92' lang='lat' dir='ltr'>ut</span> <span class='ocrx_word' id='word_1_271' title='bbox 322 2054 601 2095; x_wconf 88' lang='lat' dir='ltr'>similitudine</span> <span class='ocrx_word' id='word_1_272' title='bbox 634 2057 676 2095; x_wconf 90' lang='lat' dir='ltr'>et</span> <span class='ocrx_word' id='word_1_273' title='bbox 706 2054 961 2095; x_wconf 85' lang='lat' dir='ltr'>transitione</span> <span class='ocrx_word' id='word_1_274' title='bbox 993 2055 1206 2107; x_wconf 85' lang='lat' dir='ltr'>cernatur,</span> <span class='ocrx_word' id='word_1_275' title='bbox 1238 2067 1373 2107; x_wconf 86' lang='lat' dir='ltr'>neque</span> <span class='ocrx_word' id='word_1_276' title='bbox 1406 2053 1573 2094; x_wconf 83' lang='lat' dir='ltr'>deficiat</span> 
     </span>
     <span class='ocr_line' id='line_1_39' title="bbox 241 2112 1573 2167; baseline -0.001 -14"><span class='ocrx_word' id='word_1_277' title='bbox 241 2127 445 2166; x_wconf 89' lang='lat' dir='ltr'>umquam</span> <span class='ocrx_word' id='word_1_278' title='bbox 477 2128 526 2153; x_wconf 78' lang='lat' dir='ltr'>cx</span> <span class='ocrx_word' id='word_1_279' title='bbox 558 2113 736 2153; x_wconf 85' lang='lat' dir='ltr'>infinitis</span> <span class='ocrx_word' id='word_1_280' title='bbox 770 2113 1018 2167; x_wconf 87' lang='lat' dir='ltr'>corporibus</span> <span class='ocrx_word' id='word_1_281' title='bbox 1051 2112 1255 2153; x_wconf 87' lang='lat' dir='ltr'>similium</span> <span class='ocrx_word' id='word_1_282' title='bbox 1288 2112 1490 2165; x_wconf 88' lang='lat' dir='ltr'>accessio,</span> <span class='ocrx_word' id='word_1_283' title='bbox 1523 2126 1573 2152; x_wconf 78' lang='lat' dir='ltr'>ex</span> 
     </span>
    </p>
   </div>
   <div class='ocr_carea' id='block_1_9' title="bbox 243 2157 1667 2226">
    <p class='ocr_par' dir='ltr' id='par_1_12' title="bbox 243 2157 1667 2226">
     <span class='ocr_line' id='line_1_40' title="bbox 243 2157 1667 2226; baseline -0.001 -13"><span class='ocrx_word' id='word_1_284' title='bbox 243 2186 375 2226; x_wconf 88' lang='lat' dir='ltr'>eoque</span> <span class='ocrx_word' id='word_1_285' title='bbox 412 2171 522 2224; x_wconf 82' lang='lat' dir='ltr'>fieri,</span> <span class='ocrx_word' id='word_1_286' title='bbox 566 2174 613 2212; x_wconf 88' lang='lat' dir='ltr'>ut</span> <span class='ocrx_word' id='word_1_287' title='bbox 650 2172 694 2212; x_wconf 89' lang='lat' dir='ltr'>in</span> <span class='ocrx_word' id='word_1_288' title='bbox 730 2171 835 2212; x_wconf 80' lang='lat' dir='ltr'>haec</span> <span class='ocrx_word' id='word_1_289' title='bbox 871 2171 1037 2211; x_wconf 86' lang='lat' dir='ltr'>intenta</span> <span class='ocrx_word' id='word_1_290' title='bbox 1072 2185 1189 2211; x_wconf 90' lang='lat' dir='ltr'>mens</span> <span class='ocrx_word' id='word_1_291' title='bbox 1221 2173 1370 2212; x_wconf 88' lang='lat' dir='ltr'>nostra</span> <span class='ocrx_word' id='word_1_292' title='bbox 1401 2171 1572 2212; x_wconf 87' lang='lat' dir='ltr'>beatam</span> <span class='ocrx_word' id='word_1_293' title='bbox 1591 2178 1625 2205; x_wconf 76' lang='grc'>35</span> <span class='ocrx_word' id='word_1_294' title='bbox 1666 2157 1667 2166; x_wconf 30' lang='lat'>¹</span> 
     </span>
    </p>
   </div>
   <div class='ocr_carea' id='block_1_10' title="bbox 172 2228 1572 2343">
    <p class='ocr_par' dir='ltr' id='par_1_13' title="bbox 172 2228 1572 2343">
     <span class='ocr_line' id='line_1_41' title="bbox 172 2228 1572 2284; baseline -0.001 -13"><span class='ocrx_word' id='word_1_295' title='bbox 172 2230 226 2272; x_wconf 75' lang='lat'>38</span> <span class='ocrx_word' id='word_1_296' title='bbox 242 2230 361 2271; x_wconf 88' lang='lat' dir='ltr'>illam</span> <span class='ocrx_word' id='word_1_297' title='bbox 393 2232 591 2271; x_wconf 83' lang='lat' dir='ltr'>naturam</span> <span class='ocrx_word' id='word_1_298' title='bbox 624 2232 666 2271; x_wconf 86' lang='lat' dir='ltr'>et</span> <span class='ocrx_word' id='word_1_299' title='bbox 698 2230 1001 2284; x_wconf 82' lang='lat' dir='ltr'>sempiternam</span> <span class='ocrx_word' id='word_1_300' title='bbox 1033 2231 1166 2283; x_wconf 89' lang='lat' dir='ltr'>putot.</span> <span class='ocrx_word' id='word_1_301' title='bbox 1218 2228 1323 2283; x_wconf 92' lang='lat' dir='ltr'>Hoc,</span> <span class='ocrx_word' id='word_1_302' title='bbox 1355 2244 1431 2284; x_wconf 88' lang='lat' dir='ltr'>per</span> <span class='ocrx_word' id='word_1_303' title='bbox 1455 2229 1572 2283; x_wconf 89' lang='lat' dir='ltr'>ipsos</span> 
     </span>
     <span class='ocr_line' id='line_1_42' title="bbox 243 2286 1572 2343; baseline -0.002 -13"><span class='ocrx_word' id='word_1_304' title='bbox 243 2289 358 2343; x_wconf 86' lang='lat' dir='ltr'>deos,</span> <span class='ocrx_word' id='word_1_305' title='bbox 398 2289 447 2329; x_wconf 87' lang='lat' dir='ltr'>de</span> <span class='ocrx_word' id='word_1_306' title='bbox 486 2288 639 2343; x_wconf 90' lang='lat' dir='ltr'>quibus</span> <span class='ocrx_word' id='word_1_307' title='bbox 673 2288 905 2343; x_wconf 87' lang='lat' dir='ltr'>loquimur,</span> <span class='ocrx_word' id='word_1_308' title='bbox 945 2288 1068 2342; x_wconf 83' lang='lat' dir='ltr'>qualo</span> <span class='ocrx_word' id='word_1_309' title='bbox 1101 2287 1273 2329; x_wconf 82' lang='lat' dir='ltr'>tandem</span> <span class='ocrx_word' id='word_1_310' title='bbox 1305 2288 1397 2329; x_wconf 79' lang='lat' dir='ltr'>est?</span> <span class='ocrx_word' id='word_1_311' title='bbox 1458 2286 1572 2329; x_wconf 87' lang='lat' dir='ltr'>Nam</span> 
     </span>
    </p>
   </div>
   <div class='ocr_carea' id='block_1_11' title="bbox 1660 0 1685 1916">
    <p class='ocr_par' dir='ltr' id='par_1_14' title="bbox 1660 0 1685 1916">
     <span class='ocr_line' id='line_1_43' title="bbox 1660 0 1685 1916; baseline 0 0"><span class='ocrx_word' id='word_1_312' title='bbox 1660 0 1685 1916; x_wconf 95' lang='lat' dir='ltr'> </span> 
     </span>
    </p>
   </div>
   <div class='ocr_carea' id='block_1_12' title="bbox 1663 1912 1671 2554">
    <p class='ocr_par' dir='ltr' id='par_1_15' title="bbox 1663 1912 1671 2554">
     <span class='ocr_line' id='line_1_44' title="bbox 1663 1912 1671 2554; baseline 0 0"><span class='ocrx_word' id='word_1_313' title='bbox 1663 1912 1671 2554; x_wconf 95' lang='lat' dir='ltr'> </span> 
     </span>
    </p>
   </div>
  </div>
 </body>
</html>
