<?xml version="1.0" encoding="UTF-8"?>
<!DOCTYPE html PUBLIC "-//W3C//DTD XHTML 1.0 Transitional//EN"
    "http://www.w3.org/TR/xhtml1/DTD/xhtml1-transitional.dtd">
<html xmlns="http://www.w3.org/1999/xhtml" xml:lang="en" lang="en">
 <head>
  <title>
</title>
<meta http-equiv="Content-Type" content="text/html;charset=utf-8" />
  <meta name='ocr-system' content='tesseract 3.04.00' />
  <meta name='ocr-capabilities' content='ocr_page ocr_carea ocr_par ocr_line ocrx_word'/>
</head>
<body>
  <div class='ocr_page' id='page_1' title='image "./p2scriptaquaemanse04ciceuoft_0160.png"; bbox 0 0 1685 2568; ppageno 0'>
   <div class='ocr_carea' id='block_1_1' title="bbox 192 122 1124 164">
    <p class='ocr_par' dir='ltr' id='par_1_1' title="bbox 192 122 1124 164">
     <span class='ocr_line' id='line_1_1' title="bbox 192 122 1124 164; baseline -0.009 0"><span class='ocrx_word' id='word_1_1' title='bbox 192 123 274 164; x_wconf 85' lang='grc'>108</span> <span class='ocrx_word' id='word_1_2' title='bbox 604 122 668 156; x_wconf 86' lang='lat' dir='ltr'>DE</span> <span class='ocrx_word' id='word_1_3' title='bbox 694 122 895 157; x_wconf 83' lang='lat' dir='ltr'><strong>NATURA</strong></span> <span class='ocrx_word' id='word_1_4' title='bbox 919 122 1124 157; x_wconf 85' lang='lat' dir='ltr'>DEORUM</span> 
     </span>
    </p>
   </div>
   <div class='ocr_carea' id='block_1_2' title="bbox 138 193 161 275">
    <p class='ocr_par' dir='ltr' id='par_1_2' title="bbox 138 193 161 275">
     <span class='ocr_line' id='line_1_2' title="bbox 138 193 161 275; textangle 90"><span class='ocrx_word' id='word_1_5' title='bbox 138 193 161 275; x_wconf 57' lang='grc'>1-*1-4</span> 
     </span>
    </p>
   </div>
   <div class='ocr_carea' id='block_1_3' title="bbox 141 218 1591 2391">
    <p class='ocr_par' dir='ltr' id='par_1_3' title="bbox 143 218 1586 626">
     <span class='ocr_line' id='line_1_3' title="bbox 280 218 1532 272; baseline -0.002 -11"><span class='ocrx_word' id='word_1_6' title='bbox 280 218 396 268; x_wconf 83' lang='lat' dir='ltr'>Quae</span> <span class='ocrx_word' id='word_1_7' title='bbox 438 234 533 261; x_wconf 89' lang='lat' dir='ltr'>cum</span> <span class='ocrx_word' id='word_1_8' title='bbox 574 219 738 260; x_wconf 83' lang='lat' dir='ltr'>Balbus</span> <span class='ocrx_word' id='word_1_9' title='bbox 784 219 977 272; x_wconf 76' lang='lat' dir='ltr'>dixisset,</span> <span class='ocrx_word' id='word_1_10' title='bbox 1020 221 1112 260; x_wconf 89' lang='lat' dir='ltr'>tum</span> <span class='ocrx_word' id='word_1_11' title='bbox 1157 219 1354 260; x_wconf 80' lang='lat' dir='ltr'>adridens</span> <span class='ocrx_word' id='word_1_12' title='bbox 1386 218 1532 261; x_wconf 82' lang='lat' dir='ltr'>Cotta:</span> 
     </span>
     <span class='ocr_line' id='line_1_4' title="bbox 191 276 1532 333; baseline 0 -15"><span class='ocrx_word' id='word_1_13' title='bbox 191 276 314 333; x_wconf 81' lang='lat' dir='ltr'>Sero,</span> <span class='ocrx_word' id='word_1_14' title='bbox 351 278 510 332; x_wconf 87' lang='lat' dir='ltr'>inquit,</span> <span class='ocrx_word' id='word_1_15' title='bbox 548 278 672 332; x_wconf 86' lang='lat' dir='ltr'>mihi,</span> <span class='ocrx_word' id='word_1_16' title='bbox 709 277 861 332; x_wconf 87' lang='lat' dir='ltr'>Balbe,</span> <span class='ocrx_word' id='word_1_17' title='bbox 898 277 1127 332; x_wconf 80' lang='lat' dir='ltr'>praecipis,</span> <span class='ocrx_word' id='word_1_18' title='bbox 1166 278 1268 332; x_wconf 89' lang='lat' dir='ltr'>quid</span> <span class='ocrx_word' id='word_1_19' title='bbox 1299 278 1532 319; x_wconf 80' lang='lat' dir='ltr'>defendam.</span> 
     </span>
     <span class='ocr_line' id='line_1_5' title="bbox 189 336 1533 392; baseline -0.001 -13"><span class='ocrx_word' id='word_1_20' title='bbox 189 336 285 392; x_wconf 86' lang='lat' dir='ltr'>Ego</span> <span class='ocrx_word' id='word_1_21' title='bbox 319 337 432 378; x_wconf 87' lang='lat' dir='ltr'>enim</span> <span class='ocrx_word' id='word_1_22' title='bbox 465 339 509 377; x_wconf 89' lang='lat' dir='ltr'>te</span> <span class='ocrx_word' id='word_1_23' title='bbox 542 337 802 391; x_wconf 87' lang='lat' dir='ltr'>disputante,</span> <span class='ocrx_word' id='word_1_24' title='bbox 834 337 935 391; x_wconf 91' lang='lat' dir='ltr'>quid</span> <span class='ocrx_word' id='word_1_25' title='bbox 967 339 1116 378; x_wconf 89' lang='lat' dir='ltr'>contra</span> <span class='ocrx_word' id='word_1_26' title='bbox 1142 336 1336 390; x_wconf 77' lang='lat' dir='ltr'>dicerem,</span> <span class='ocrx_word' id='word_1_27' title='bbox 1368 351 1533 378; x_wconf 91' lang='lat' dir='ltr'>mecum</span> 
     </span>
     <span class='ocr_line' id='line_1_6' title="bbox 190 395 1533 451; baseline -0.001 -14"><span class='ocrx_word' id='word_1_28' title='bbox 190 396 282 451; x_wconf 90' lang='lat' dir='ltr'>ipse</span> <span class='ocrx_word' id='word_1_29' title='bbox 314 395 574 449; x_wconf 88' lang='lat' dir='ltr'>meditabar,</span> <span class='ocrx_word' id='word_1_30' title='bbox 605 409 742 449; x_wconf 90' lang='lat' dir='ltr'>neque</span> <span class='ocrx_word' id='word_1_31' title='bbox 774 398 865 436; x_wconf 87' lang='lat' dir='ltr'>tam</span> <span class='ocrx_word' id='word_1_32' title='bbox 896 395 1119 436; x_wconf 87' lang='lat' dir='ltr'>refellendi</span> <span class='ocrx_word' id='word_1_33' title='bbox 1150 395 1214 436; x_wconf 88' lang='lat' dir='ltr'>tui</span> <span class='ocrx_word' id='word_1_34' title='bbox 1246 409 1373 436; x_wconf 87' lang='lat' dir='ltr'>causa</span> <span class='ocrx_word' id='word_1_35' title='bbox 1405 409 1533 449; x_wconf 89' lang='lat' dir='ltr'>quam</span> 
     </span>
     <span class='ocr_line' id='line_1_7' title="bbox 191 453 1586 509; baseline -0.002 -13"><span class='ocrx_word' id='word_1_36' title='bbox 191 469 253 508; x_wconf 89' lang='lat' dir='ltr'>ea,</span> <span class='ocrx_word' id='word_1_37' title='bbox 286 469 394 508; x_wconf 90' lang='lat' dir='ltr'>quae</span> <span class='ocrx_word' id='word_1_38' title='bbox 426 454 567 494; x_wconf 89' lang='lat' dir='ltr'>minus</span> <span class='ocrx_word' id='word_1_39' title='bbox 599 453 920 509; x_wconf 90' lang='lat' dir='ltr'>intellegebam,</span> <span class='ocrx_word' id='word_1_40' title='bbox 951 453 1204 508; x_wconf 88' lang='lat' dir='ltr'>requirendi.</span> <span class='ocrx_word' id='word_1_41' title='bbox 1256 453 1363 495; x_wconf 83' lang='lat' dir='ltr'>Cum</span> <span class='ocrx_word' id='word_1_42' title='bbox 1390 456 1533 495; x_wconf 89' lang='lat' dir='ltr'>autem</span> <span class='ocrx_word' id='word_1_43' title='bbox 1570 466 1586 492; x_wconf 80' lang='lat'>5</span> 
     </span>
     <span class='ocr_line' id='line_1_8' title="bbox 191 511 1533 568; baseline -0.001 -13"><span class='ocrx_word' id='word_1_44' title='bbox 191 527 269 555; x_wconf 88' lang='lat' dir='ltr'>suo</span> <span class='ocrx_word' id='word_1_45' title='bbox 302 513 453 566; x_wconf 82' lang='lat' dir='ltr'>cuique</span> <span class='ocrx_word' id='word_1_46' title='bbox 485 512 640 554; x_wconf 86' lang='lat' dir='ltr'>iudicio</span> <span class='ocrx_word' id='word_1_47' title='bbox 674 513 732 554; x_wconf 86' lang='lat' dir='ltr'>sit</span> <span class='ocrx_word' id='word_1_48' title='bbox 763 513 980 568; x_wconf 88' lang='lat' dir='ltr'>utendum,</span> <span class='ocrx_word' id='word_1_49' title='bbox 1016 512 1188 554; x_wconf 81' lang='lat' dir='ltr'>difficile</span> <span class='ocrx_word' id='word_1_50' title='bbox 1220 511 1338 554; x_wconf 85' lang='lat' dir='ltr'>factu</span> <span class='ocrx_word' id='word_1_51' title='bbox 1370 515 1435 553; x_wconf 90' lang='lat' dir='ltr'>est</span> <span class='ocrx_word' id='word_1_52' title='bbox 1466 526 1533 553; x_wconf 90' lang='lat' dir='ltr'>me</span> 
     </span>
     <span class='ocr_line' id='line_1_9' title="bbox 143 570 1534 626; baseline -0.001 -14"><span class='ocrx_word' id='word_1_53' title='bbox 143 582 164 612; x_wconf 85' lang='lat'>2</span> <span class='ocrx_word' id='word_1_54' title='bbox 192 572 235 613; x_wconf 89' lang='lat' dir='ltr'>id</span> <span class='ocrx_word' id='word_1_55' title='bbox 273 571 450 626; x_wconf 88' lang='lat' dir='ltr'>sentire,</span> <span class='ocrx_word' id='word_1_56' title='bbox 489 571 602 626; x_wconf 91' lang='lat' dir='ltr'>quod</span> <span class='ocrx_word' id='word_1_57' title='bbox 638 574 687 613; x_wconf 92' lang='lat' dir='ltr'>tu</span> <span class='ocrx_word' id='word_1_58' title='bbox 718 571 836 613; x_wconf 87' lang='lat' dir='ltr'>velis.</span> <span class='ocrx_word' id='word_1_59' title='bbox 887 571 979 620; x_wconf 73' lang='lat' dir='ltr'>Hic</span> <span class='ocrx_word' id='word_1_60' title='bbox 1010 571 1221 613; x_wconf 87' lang='lat' dir='ltr'>Velleius:</span> <span class='ocrx_word' id='word_1_61' title='bbox 1265 570 1436 625; x_wconf 89' lang='lat' dir='ltr'>Nescis,</span> <span class='ocrx_word' id='word_1_62' title='bbox 1473 570 1534 611; x_wconf 86' lang='lat' dir='ltr'>in-</span> 
     </span>
    </p>

    <p class='ocr_par' dir='ltr' id='par_1_4' title="bbox 141 629 1591 2391">
     <span class='ocr_line' id='line_1_10' title="bbox 194 629 1532 685; baseline -0.001 -14"><span class='ocrx_word' id='word_1_63' title='bbox 194 630 298 685; x_wconf 88' lang='lat' dir='ltr'>quit,</span> <span class='ocrx_word' id='word_1_64' title='bbox 331 631 493 684; x_wconf 86' lang='lat' dir='ltr'>quanta</span> <span class='ocrx_word' id='word_1_65' title='bbox 525 644 620 672; x_wconf 88' lang='lat' dir='ltr'>cum</span> <span class='ocrx_word' id='word_1_66' title='bbox 653 630 982 684; x_wconf 84' lang='lat' dir='ltr'>exspectatione,</span> <span class='ocrx_word' id='word_1_67' title='bbox 1015 629 1156 685; x_wconf 87' lang='lat' dir='ltr'>Cotta,</span> <span class='ocrx_word' id='word_1_68' title='bbox 1189 629 1269 671; x_wconf 90' lang='lat' dir='ltr'>sim</span> <span class='ocrx_word' id='word_1_69' title='bbox 1300 633 1344 670; x_wconf 93' lang='lat' dir='ltr'>te</span> <span class='ocrx_word' id='word_1_70' title='bbox 1371 629 1532 671; x_wconf 88' lang='lat' dir='ltr'>auditu-</span> 
     </span>
     <span class='ocr_line' id='line_1_11' title="bbox 192 688 1536 731; baseline -0.001 -1"><span class='ocrx_word' id='word_1_71' title='bbox 192 704 277 731; x_wconf 85' lang='lat' dir='ltr'>rus.</span> <span class='ocrx_word' id='word_1_72' title='bbox 338 688 552 731; x_wconf 86' lang='lat' dir='ltr'>Iucundus</span> <span class='ocrx_word' id='word_1_73' title='bbox 585 689 698 730; x_wconf 86' lang='lat' dir='ltr'>enim</span> <span class='ocrx_word' id='word_1_74' title='bbox 729 688 868 731; x_wconf 87' lang='lat' dir='ltr'>Balbo</span> <span class='ocrx_word' id='word_1_75' title='bbox 899 692 1048 731; x_wconf 88' lang='lat' dir='ltr'>nostro</span> <span class='ocrx_word' id='word_1_76' title='bbox 1082 703 1221 730; x_wconf 90' lang='lat' dir='ltr'>sermo</span> <span class='ocrx_word' id='word_1_77' title='bbox 1254 691 1352 729; x_wconf 90' lang='lat' dir='ltr'>tuus</span> <span class='ocrx_word' id='word_1_78' title='bbox 1385 690 1536 730; x_wconf 88' lang='lat' dir='ltr'>contra</span> 
     </span>
     <span class='ocr_line' id='line_1_12' title="bbox 190 747 1588 804; baseline -0.004 -15"><span class='ocrx_word' id='word_1_79' title='bbox 190 747 426 803; x_wconf 82' lang='lat' dir='ltr'>Epicurum</span> <span class='ocrx_word' id='word_1_80' title='bbox 451 747 552 802; x_wconf 75' lang='lat' dir='ltr'>fuit3</span> <span class='ocrx_word' id='word_1_81' title='bbox 577 748 792 802; x_wconf 86' lang='lat' dir='ltr'>praebebo</span> <span class='ocrx_word' id='word_1_82' title='bbox 815 748 950 803; x_wconf 86' lang='lat' dir='ltr'>igitur</span> <span class='ocrx_word' id='word_1_83' title='bbox 970 762 1049 804; x_wconf 84' lang='lat' dir='ltr'>ego</span> <span class='ocrx_word' id='word_1_84' title='bbox 1071 763 1138 788; x_wconf 90' lang='lat' dir='ltr'>me</span> <span class='ocrx_word' id='word_1_85' title='bbox 1158 747 1238 788; x_wconf 87' lang='lat' dir='ltr'>tibi</span> <span class='ocrx_word' id='word_1_86' title='bbox 1264 747 1454 789; x_wconf 86' lang='lat' dir='ltr'>vicissim</span> <span class='ocrx_word' id='word_1_87' title='bbox 1475 749 1535 788; x_wconf 88' lang='lat' dir='ltr'>at·</span> <span class='ocrx_word' id='word_1_88' title='bbox 1555 760 1588 784; x_wconf 87' lang='grc' dir='ltr'>ιο</span> 
     </span>
     <span class='ocr_line' id='line_1_13' title="bbox 192 805 1536 861; baseline -0.001 -13"><span class='ocrx_word' id='word_1_89' title='bbox 192 809 362 848; x_wconf 88' lang='lat' dir='ltr'>tentum</span> <span class='ocrx_word' id='word_1_90' title='bbox 394 809 546 848; x_wconf 88' lang='lat' dir='ltr'>contra</span> <span class='ocrx_word' id='word_1_91' title='bbox 578 805 745 849; x_wconf 79' lang='lat' dir='ltr'>Stoicos</span> <span class='ocrx_word' id='word_1_92' title='bbox 778 807 1028 848; x_wconf 87' lang='lat' dir='ltr'>auditorem.</span> <span class='ocrx_word' id='word_1_93' title='bbox 1091 805 1222 861; x_wconf 78' lang='lat' dir='ltr'>Spero</span> <span class='ocrx_word' id='word_1_94' title='bbox 1256 806 1369 847; x_wconf 85' lang='lat' dir='ltr'>enim</span> <span class='ocrx_word' id='word_1_95' title='bbox 1401 809 1455 859; x_wconf 86' lang='lat' dir='ltr'>te,</span> <span class='ocrx_word' id='word_1_96' title='bbox 1487 808 1536 846; x_wconf 86' lang='lat' dir='ltr'>ut</span> 
     </span>
     <span class='ocr_line' id='line_1_14' title="bbox 146 863 1536 920; baseline -0.004 -11"><span class='ocrx_word' id='word_1_97' title='bbox 146 880 167 910; x_wconf 91' lang='lat'><strong>3</strong></span> <span class='ocrx_word' id='word_1_98' title='bbox 195 866 327 920; x_wconf 88' lang='lat' dir='ltr'>soles,</span> <span class='ocrx_word' id='word_1_99' title='bbox 360 866 467 907; x_wconf 88' lang='lat' dir='ltr'>bene</span> <span class='ocrx_word' id='word_1_100' title='bbox 499 868 699 920; x_wconf 87' lang='lat' dir='ltr'>paratum</span> <span class='ocrx_word' id='word_1_101' title='bbox 730 866 886 907; x_wconf 88' lang='lat' dir='ltr'>venire.</span> <span class='ocrx_word' id='word_1_102' title='bbox 946 866 1056 907; x_wconf 86' lang='lat' dir='ltr'>Tum</span> <span class='ocrx_word' id='word_1_103' title='bbox 1088 864 1234 907; x_wconf 87' lang='lat' dir='ltr'>Cotta:</span> <span class='ocrx_word' id='word_1_104' title='bbox 1274 863 1342 906; x_wconf 78' lang='lat' dir='ltr'>Sic</span> <span class='ocrx_word' id='word_1_105' title='bbox 1373 865 1536 906; x_wconf 88' lang='lat' dir='ltr'>meher-</span> 
     </span>
     <span class='ocr_line' id='line_1_15' title="bbox 193 923 1536 979; baseline -0.002 -12"><span class='ocrx_word' id='word_1_106' title='bbox 193 925 305 978; x_wconf 83' lang='lat' dir='ltr'>cule,</span> <span class='ocrx_word' id='word_1_107' title='bbox 342 924 501 978; x_wconf 85' lang='lat' dir='ltr'>inquit,</span> <span class='ocrx_word' id='word_1_108' title='bbox 540 924 699 979; x_wconf 84' lang='lat' dir='ltr'>Vellei3</span> <span class='ocrx_word' id='word_1_109' title='bbox 735 939 873 979; x_wconf 85' lang='lat' dir='ltr'>neque</span> <span class='ocrx_word' id='word_1_110' title='bbox 905 925 1018 966; x_wconf 89' lang='lat' dir='ltr'>enim</span> <span class='ocrx_word' id='word_1_111' title='bbox 1049 923 1156 965; x_wconf 90' lang='lat' dir='ltr'>mihi</span> <span class='ocrx_word' id='word_1_112' title='bbox 1186 938 1265 978; x_wconf 87' lang='lat' dir='ltr'>par</span> <span class='ocrx_word' id='word_1_113' title='bbox 1296 924 1407 965; x_wconf 87' lang='lat' dir='ltr'>ratio</span> <span class='ocrx_word' id='word_1_114' title='bbox 1441 938 1536 965; x_wconf 86' lang='lat' dir='ltr'>cum</span> 
     </span>
     <span class='ocr_line' id='line_1_16' title="bbox 192 982 1536 1036; baseline -0.001 -12"><span class='ocrx_word' id='word_1_115' title='bbox 192 983 357 1025; x_wconf 88' lang='lat' dir='ltr'>Lucilio</span> <span class='ocrx_word' id='word_1_116' title='bbox 398 986 463 1024; x_wconf 89' lang='lat' dir='ltr'>est</span> <span class='ocrx_word' id='word_1_117' title='bbox 501 997 550 1025; x_wconf 86' lang='lat' dir='ltr'>ac</span> <span class='ocrx_word' id='word_1_118' title='bbox 585 986 726 1025; x_wconf 89' lang='lat' dir='ltr'>tecum</span> <span class='ocrx_word' id='word_1_119' title='bbox 763 983 857 1024; x_wconf 84' lang='lat' dir='ltr'>fuit.</span> <span class='ocrx_word' id='word_1_120' title='bbox 919 982 1000 1031; x_wconf 90' lang='lat' dir='ltr'>Qui</span> <span class='ocrx_word' id='word_1_121' title='bbox 1032 983 1234 1025; x_wconf 79' lang='lat' dir='ltr'>tandem?</span> <span class='ocrx_word' id='word_1_122' title='bbox 1279 982 1419 1036; x_wconf 87' lang='lat' dir='ltr'>inquit</span> <span class='ocrx_word' id='word_1_123' title='bbox 1449 982 1536 1023; x_wconf 89' lang='lat' dir='ltr'>ille.</span> 
     </span>
     <span class='ocr_line' id='line_1_17' title="bbox 194 1041 1589 1096; baseline -0.001 -13"><span class='ocrx_word' id='word_1_124' title='bbox 194 1041 303 1091; x_wconf 91' lang='lat' dir='ltr'>Quia</span> <span class='ocrx_word' id='word_1_125' title='bbox 334 1041 441 1083; x_wconf 87' lang='lat' dir='ltr'>mihi</span> <span class='ocrx_word' id='word_1_126' title='bbox 471 1042 641 1084; x_wconf 86' lang='lat' dir='ltr'>videtur</span> <span class='ocrx_word' id='word_1_127' title='bbox 659 1042 870 1096; x_wconf 78' lang='lat' dir='ltr'>Epicurus</span> <span class='ocrx_word' id='word_1_128' title='bbox 896 1045 1039 1084; x_wconf 82' lang='lat' dir='ltr'>vester</span> <span class='ocrx_word' id='word_1_129' title='bbox 1065 1042 1115 1083; x_wconf 90' lang='lat' dir='ltr'>de</span> <span class='ocrx_word' id='word_1_130' title='bbox 1142 1041 1205 1082; x_wconf 90' lang='lat' dir='ltr'>dis</span> <span class='ocrx_word' id='word_1_131' title='bbox 1232 1041 1535 1082; x_wconf 87' lang='lat' dir='ltr'>inmortalibus</span> <span class='ocrx_word' id='word_1_132' title='bbox 1557 1052 1589 1077; x_wconf 89' lang='lat'>15</span> 
     </span>
     <span class='ocr_line' id='line_1_18' title="bbox 192 1100 1535 1156; baseline -0.002 -13"><span class='ocrx_word' id='word_1_133' title='bbox 192 1116 279 1143; x_wconf 88' lang='lat' dir='ltr'>non</span> <span class='ocrx_word' id='word_1_134' title='bbox 317 1115 580 1156; x_wconf 80' lang='lat' dir='ltr'>magnopere</span> <span class='ocrx_word' id='word_1_135' title='bbox 616 1115 829 1156; x_wconf 81' lang='lat' dir='ltr'>pugnare3</span> <span class='ocrx_word' id='word_1_136' title='bbox 872 1103 1043 1142; x_wconf 88' lang='lat' dir='ltr'>tantum</span> <span class='ocrx_word' id='word_1_137' title='bbox 1079 1100 1205 1142; x_wconf 86' lang='lat' dir='ltr'>modo</span> <span class='ocrx_word' id='word_1_138' title='bbox 1244 1114 1402 1155; x_wconf 87' lang='lat' dir='ltr'>negare</span> <span class='ocrx_word' id='word_1_139' title='bbox 1435 1100 1535 1141; x_wconf 90' lang='lat' dir='ltr'>deos</span> 
     </span>
     <span class='ocr_line' id='line_1_19' title="bbox 194 1158 1536 1215; baseline -0.002 -13"><span class='ocrx_word' id='word_1_140' title='bbox 194 1175 287 1202; x_wconf 89' lang='lat' dir='ltr'>esse</span> <span class='ocrx_word' id='word_1_141' title='bbox 316 1175 405 1202; x_wconf 87' lang='lat' dir='ltr'>non</span> <span class='ocrx_word' id='word_1_142' title='bbox 437 1160 576 1215; x_wconf 89' lang='lat' dir='ltr'>audet,</span> <span class='ocrx_word' id='word_1_143' title='bbox 607 1175 660 1201; x_wconf 89' lang='lat' dir='ltr'>ne</span> <span class='ocrx_word' id='word_1_144' title='bbox 693 1160 794 1214; x_wconf 88' lang='lat' dir='ltr'>quid</span> <span class='ocrx_word' id='word_1_145' title='bbox 824 1160 1008 1202; x_wconf 83' lang='lat' dir='ltr'>invidiae</span> <span class='ocrx_word' id='word_1_146' title='bbox 1041 1160 1194 1201; x_wconf 87' lang='lat' dir='ltr'>subeat</span> <span class='ocrx_word' id='word_1_147' title='bbox 1227 1161 1301 1200; x_wconf 86' lang='lat' dir='ltr'>aut</span> <span class='ocrx_word' id='word_1_148' title='bbox 1332 1158 1536 1200; x_wconf 87' lang='lat' dir='ltr'>criminis.</span> 
     </span>
     <span class='ocr_line' id='line_1_20' title="bbox 194 1218 1537 1274; baseline -0.003 -12"><span class='ocrx_word' id='word_1_149' title='bbox 194 1219 302 1262; x_wconf 82' lang='lat' dir='ltr'>Cum</span> <span class='ocrx_word' id='word_1_150' title='bbox 345 1233 446 1261; x_wconf 89' lang='lat' dir='ltr'>vero</span> <span class='ocrx_word' id='word_1_151' title='bbox 491 1219 592 1260; x_wconf 92' lang='lat' dir='ltr'>deos</span> <span class='ocrx_word' id='word_1_152' title='bbox 635 1219 745 1260; x_wconf 88' lang='lat' dir='ltr'>nihil</span> <span class='ocrx_word' id='word_1_153' title='bbox 790 1233 935 1274; x_wconf 85' lang='lat' dir='ltr'>agere,</span> <span class='ocrx_word' id='word_1_154' title='bbox 977 1219 1086 1260; x_wconf 84' lang='lat' dir='ltr'>nihil</span> <span class='ocrx_word' id='word_1_155' title='bbox 1125 1232 1272 1260; x_wconf 89' lang='lat' dir='ltr'>curare</span> <span class='ocrx_word' id='word_1_156' title='bbox 1311 1218 1537 1259; x_wconf 88' lang='lat' dir='ltr'>confirmat</span> 
     </span>
     <span class='ocr_line' id='line_1_21' title="bbox 195 1277 1536 1333; baseline -0.002 -14"><span class='ocrx_word' id='word_1_157' title='bbox 195 1278 484 1332; x_wconf 83' lang='lat' dir='ltr'>membrisque</span> <span class='ocrx_word' id='word_1_158' title='bbox 515 1278 717 1319; x_wconf 86' lang='lat' dir='ltr'>humanis</span> <span class='ocrx_word' id='word_1_159' title='bbox 750 1292 841 1319; x_wconf 88' lang='lat' dir='ltr'>esse</span> <span class='ocrx_word' id='word_1_160' title='bbox 872 1278 1103 1333; x_wconf 86' lang='lat' dir='ltr'>praeditos,</span> <span class='ocrx_word' id='word_1_161' title='bbox 1136 1277 1209 1319; x_wconf 89' lang='lat' dir='ltr'>sed</span> <span class='ocrx_word' id='word_1_162' title='bbox 1235 1290 1381 1318; x_wconf 88' lang='lat' dir='ltr'>eorum</span> <span class='ocrx_word' id='word_1_163' title='bbox 1408 1291 1536 1317; x_wconf 87' lang='lat' dir='ltr'>mem-</span> 
     </span>
     <span class='ocr_line' id='line_1_22' title="bbox 192 1335 1591 1391; baseline -0.003 -13"><span class='ocrx_word' id='word_1_164' title='bbox 192 1338 369 1379; x_wconf 90' lang='lat' dir='ltr'>brorum</span> <span class='ocrx_word' id='word_1_165' title='bbox 400 1351 525 1378; x_wconf 86' lang='lat' dir='ltr'>usum</span> <span class='ocrx_word' id='word_1_166' title='bbox 557 1337 724 1378; x_wconf 88' lang='lat' dir='ltr'>nullum</span> <span class='ocrx_word' id='word_1_167' title='bbox 756 1337 932 1391; x_wconf 87' lang='lat' dir='ltr'>habere,</span> <span class='ocrx_word' id='word_1_168' title='bbox 969 1337 1114 1378; x_wconf 90' lang='lat' dir='ltr'>ludere</span> <span class='ocrx_word' id='word_1_169' title='bbox 1145 1335 1314 1378; x_wconf 85' lang='lat' dir='ltr'>videtur</span> <span class='ocrx_word' id='word_1_170' title='bbox 1346 1335 1536 1389; x_wconf 87' lang='lat' dir='ltr'>satisque</span> <span class='ocrx_word' id='word_1_171' title='bbox 1556 1348 1591 1373; x_wconf 83' lang='lat'>20</span> 
     </span>
     <span class='ocr_line' id='line_1_23' title="bbox 193 1395 1538 1451; baseline -0.002 -14"><span class='ocrx_word' id='word_1_172' title='bbox 193 1398 364 1451; x_wconf 88' lang='lat' dir='ltr'>putare,</span> <span class='ocrx_word' id='word_1_173' title='bbox 407 1396 443 1436; x_wconf 93' lang='lat' dir='ltr'>si</span> <span class='ocrx_word' id='word_1_174' title='bbox 484 1396 639 1436; x_wconf 82' lang='lat' dir='ltr'>dixerit</span> <span class='ocrx_word' id='word_1_175' title='bbox 676 1410 768 1436; x_wconf 89' lang='lat' dir='ltr'>esse</span> <span class='ocrx_word' id='word_1_176' title='bbox 808 1395 1020 1450; x_wconf 88' lang='lat' dir='ltr'>quandam</span> <span class='ocrx_word' id='word_1_177' title='bbox 1057 1396 1231 1437; x_wconf 86' lang='lat' dir='ltr'>beatam</span> <span class='ocrx_word' id='word_1_178' title='bbox 1261 1396 1462 1435; x_wconf 85' lang='lat' dir='ltr'>naturam</span> <span class='ocrx_word' id='word_1_179' title='bbox 1495 1396 1538 1435; x_wconf 90' lang='lat' dir='ltr'>et</span> 
     </span>
     <span class='ocr_line' id='line_1_24' title="bbox 145 1453 1537 1507; baseline -0.002 -10"><span class='ocrx_word' id='word_1_180' title='bbox 145 1468 168 1498; x_wconf 91' lang='lat'>4</span> <span class='ocrx_word' id='word_1_181' title='bbox 195 1457 425 1496; x_wconf 87' lang='lat' dir='ltr'>aeternam.</span> <span class='ocrx_word' id='word_1_182' title='bbox 476 1454 516 1495; x_wconf 89' lang='lat' dir='ltr'><strong>A</strong></span> <span class='ocrx_word' id='word_1_183' title='bbox 535 1453 675 1495; x_wconf 88' lang='lat' dir='ltr'>Balbo</span> <span class='ocrx_word' id='word_1_184' title='bbox 697 1457 840 1495; x_wconf 87' lang='lat' dir='ltr'>autem</span> <span class='ocrx_word' id='word_1_185' title='bbox 861 1453 1218 1507; x_wconf 88' lang='lat' dir='ltr'>animadvertisti,</span> <span class='ocrx_word' id='word_1_186' title='bbox 1245 1453 1381 1507; x_wconf 87' lang='lat' dir='ltr'>credo,</span> <span class='ocrx_word' id='word_1_187' title='bbox 1409 1467 1537 1507; x_wconf 88' lang='lat' dir='ltr'>quam</span> 
     </span>
     <span class='ocr_line' id='line_1_25' title="bbox 195 1513 1537 1567; baseline -0.002 -12"><span class='ocrx_word' id='word_1_188' title='bbox 195 1514 333 1555; x_wconf 90' lang='lat' dir='ltr'>multa</span> <span class='ocrx_word' id='word_1_189' title='bbox 366 1513 480 1555; x_wconf 88' lang='lat' dir='ltr'>dicta</span> <span class='ocrx_word' id='word_1_190' title='bbox 513 1513 600 1554; x_wconf 90' lang='grc'>511113</span> <span class='ocrx_word' id='word_1_191' title='bbox 626 1528 851 1567; x_wconf 88' lang='lat' dir='ltr'>quamque,</span> <span class='ocrx_word' id='word_1_192' title='bbox 883 1513 1054 1554; x_wconf 88' lang='lat' dir='ltr'>etiamsi</span> <span class='ocrx_word' id='word_1_193' title='bbox 1079 1513 1221 1554; x_wconf 87' lang='lat' dir='ltr'>minus</span> <span class='ocrx_word' id='word_1_194' title='bbox 1247 1526 1360 1565; x_wconf 85' lang='lat' dir='ltr'>Vera,</span> <span class='ocrx_word' id='word_1_195' title='bbox 1392 1514 1537 1553; x_wconf 89' lang='lat' dir='ltr'>tamen</span> 
     </span>
     <span class='ocr_line' id='line_1_26' title="bbox 195 1570 1537 1628; baseline -0.002 -14"><span class='ocrx_word' id='word_1_196' title='bbox 195 1575 298 1628; x_wconf 84' lang='lat' dir='ltr'>apta</span> <span class='ocrx_word' id='word_1_197' title='bbox 335 1572 448 1613; x_wconf 88' lang='lat' dir='ltr'>inter</span> <span class='ocrx_word' id='word_1_198' title='bbox 481 1587 525 1613; x_wconf 89' lang='lat' dir='ltr'>se</span> <span class='ocrx_word' id='word_1_199' title='bbox 558 1575 601 1613; x_wconf 92' lang='grc'>613</span> <span class='ocrx_word' id='word_1_200' title='bbox 633 1571 918 1614; x_wconf 72' lang='lat' dir='ltr'>cohaerentia.</span> <span class='ocrx_word' id='word_1_201' title='bbox 979 1571 1132 1627; x_wconf 87' lang='lat' dir='ltr'>Itaque</span> <span class='ocrx_word' id='word_1_202' title='bbox 1164 1570 1327 1626; x_wconf 89' lang='lat' dir='ltr'>cogito,</span> <span class='ocrx_word' id='word_1_203' title='bbox 1358 1573 1406 1611; x_wconf 88' lang='lat' dir='ltr'>ut</span> <span class='ocrx_word' id='word_1_204' title='bbox 1439 1570 1537 1625; x_wconf 83' lang='lat' dir='ltr'>dixi,</span> 
     </span>
     <span class='ocr_line' id='line_1_27' title="bbox 194 1629 1589 1685; baseline -0.003 -13"><span class='ocrx_word' id='word_1_205' title='bbox 194 1646 280 1673; x_wconf 88' lang='lat' dir='ltr'>non</span> <span class='ocrx_word' id='word_1_206' title='bbox 312 1634 402 1673; x_wconf 89' lang='lat' dir='ltr'>tam</span> <span class='ocrx_word' id='word_1_207' title='bbox 434 1631 630 1672; x_wconf 83' lang='lat' dir='ltr'>refellere</span> <span class='ocrx_word' id='word_1_208' title='bbox 664 1631 753 1672; x_wconf 89' lang='lat' dir='ltr'>eius</span> <span class='ocrx_word' id='word_1_209' title='bbox 787 1631 1025 1672; x_wconf 87' lang='lat' dir='ltr'>orationem</span> <span class='ocrx_word' id='word_1_210' title='bbox 1060 1646 1189 1685; x_wconf 89' lang='lat' dir='ltr'>quam</span> <span class='ocrx_word' id='word_1_211' title='bbox 1222 1644 1289 1683; x_wconf 86' lang='lat' dir='ltr'>ea,</span> <span class='ocrx_word' id='word_1_212' title='bbox 1323 1644 1430 1683; x_wconf 87' lang='lat' dir='ltr'>quae</span> <span class='ocrx_word' id='word_1_213' title='bbox 1462 1629 1536 1670; x_wconf 89' lang='lat' dir='ltr'>mi·</span> <span class='ocrx_word' id='word_1_214' title='bbox 1557 1640 1589 1667; x_wconf 87' lang='lat'>25</span> 
     </span>
     <span class='ocr_line' id='line_1_28' title="bbox 194 1688 1537 1744; baseline -0.001 -13"><span class='ocrx_word' id='word_1_215' title='bbox 194 1705 274 1732; x_wconf 87' lang='lat' dir='ltr'>nus</span> <span class='ocrx_word' id='word_1_216' title='bbox 305 1690 518 1744; x_wconf 70' lang='lat' dir='ltr'>intellexi,</span> <span class='ocrx_word' id='word_1_217' title='bbox 556 1690 783 1744; x_wconf 86' lang='lat' dir='ltr'>requirere.</span> <span class='ocrx_word' id='word_1_218' title='bbox 846 1689 997 1743; x_wconf 81' lang='lat' dir='ltr'>Quare,</span> <span class='ocrx_word' id='word_1_219' title='bbox 1028 1689 1175 1744; x_wconf 79' lang='lat' dir='ltr'>Balbe,</span> <span class='ocrx_word' id='word_1_220' title='bbox 1207 1688 1288 1730; x_wconf 91' lang='lat' dir='ltr'>tibi</span> <span class='ocrx_word' id='word_1_221' title='bbox 1319 1688 1537 1743; x_wconf 88' lang='lat' dir='ltr'>permitto,</span> 
     </span>
     <span class='ocr_line' id='line_1_29' title="bbox 193 1747 1538 1804; baseline -0.002 -14"><span class='ocrx_word' id='word_1_222' title='bbox 193 1749 505 1804; x_wconf 85' lang='lat' dir='ltr'>responderene</span> <span class='ocrx_word' id='word_1_223' title='bbox 544 1748 650 1790; x_wconf 87' lang='lat' dir='ltr'>mihi</span> <span class='ocrx_word' id='word_1_224' title='bbox 686 1749 812 1790; x_wconf 89' lang='lat' dir='ltr'>malis</span> <span class='ocrx_word' id='word_1_225' title='bbox 852 1748 902 1790; x_wconf 90' lang='lat' dir='ltr'>de</span> <span class='ocrx_word' id='word_1_226' title='bbox 941 1749 1123 1804; x_wconf 87' lang='lat' dir='ltr'>singulis</span> <span class='ocrx_word' id='word_1_227' title='bbox 1156 1749 1283 1790; x_wconf 91' lang='lat' dir='ltr'>rebus</span> <span class='ocrx_word' id='word_1_228' title='bbox 1316 1747 1538 1801; x_wconf 73' lang='lat' dir='ltr'>quaerenti</span> 
     </span>
     <span class='ocr_line' id='line_1_30' title="bbox 194 1806 1536 1862; baseline -0.002 -13"><span class='ocrx_word' id='word_1_229' title='bbox 194 1823 245 1849; x_wconf 83' lang='lat' dir='ltr'>ex</span> <span class='ocrx_word' id='word_1_230' title='bbox 282 1810 325 1849; x_wconf 92' lang='lat' dir='ltr'>te</span> <span class='ocrx_word' id='word_1_231' title='bbox 364 1822 433 1862; x_wconf 88' lang='lat' dir='ltr'>ea,</span> <span class='ocrx_word' id='word_1_232' title='bbox 479 1822 587 1862; x_wconf 89' lang='lat' dir='ltr'>quae</span> <span class='ocrx_word' id='word_1_233' title='bbox 626 1823 779 1862; x_wconf 90' lang='lat' dir='ltr'>parum</span> <span class='ocrx_word' id='word_1_234' title='bbox 819 1808 978 1862; x_wconf 88' lang='lat' dir='ltr'>accepi,</span> <span class='ocrx_word' id='word_1_235' title='bbox 1019 1823 1073 1849; x_wconf 88' lang='lat' dir='ltr'>an</span> <span class='ocrx_word' id='word_1_236' title='bbox 1112 1807 1353 1849; x_wconf 88' lang='lat' dir='ltr'>universam</span> <span class='ocrx_word' id='word_1_237' title='bbox 1391 1806 1536 1847; x_wconf 90' lang='lat' dir='ltr'>audire</span> 
     </span>
     <span class='ocr_line' id='line_1_31' title="bbox 195 1864 1536 1920; baseline -0.002 -12"><span class='ocrx_word' id='word_1_238' title='bbox 195 1867 435 1909; x_wconf 88' lang='lat' dir='ltr'>orationem</span> <span class='ocrx_word' id='word_1_239' title='bbox 467 1881 618 1908; x_wconf 87' lang='lat' dir='ltr'>meam.</span> <span class='ocrx_word' id='word_1_240' title='bbox 670 1866 780 1908; x_wconf 89' lang='lat' dir='ltr'>Tum</span> <span class='ocrx_word' id='word_1_241' title='bbox 799 1866 982 1908; x_wconf 82' lang='lat' dir='ltr'>Balbus:</span> <span class='ocrx_word' id='word_1_242' title='bbox 1014 1866 1110 1920; x_wconf 80' lang='lat' dir='ltr'>Ego</span> <span class='ocrx_word' id='word_1_243' title='bbox 1136 1880 1249 1919; x_wconf 87' lang='lat' dir='ltr'>vero,</span> <span class='ocrx_word' id='word_1_244' title='bbox 1282 1865 1318 1905; x_wconf 93' lang='lat' dir='ltr'>si</span> <span class='ocrx_word' id='word_1_245' title='bbox 1345 1864 1445 1919; x_wconf 89' lang='lat' dir='ltr'>quid</span> <span class='ocrx_word' id='word_1_246' title='bbox 1471 1879 1536 1906; x_wconf 74' lang='lat' dir='ltr'>ex-</span> 
     </span>
     <span class='ocr_line' id='line_1_32' title="bbox 192 1923 1590 1982; baseline -0.004 -15"><span class='ocrx_word' id='word_1_247' title='bbox 192 1926 364 1982; x_wconf 87' lang='lat' dir='ltr'>planari</span> <span class='ocrx_word' id='word_1_248' title='bbox 401 1925 483 1966; x_wconf 88' lang='lat' dir='ltr'>tibi</span> <span class='ocrx_word' id='word_1_249' title='bbox 519 1925 657 1979; x_wconf 87' lang='lat' dir='ltr'>voles,</span> <span class='ocrx_word' id='word_1_250' title='bbox 695 1925 952 1980; x_wconf 85' lang='lat' dir='ltr'>respondere</span> <span class='ocrx_word' id='word_1_251' title='bbox 990 1926 1123 1979; x_wconf 83' lang='lat' dir='ltr'>malo3</span> <span class='ocrx_word' id='word_1_252' title='bbox 1162 1924 1228 1966; x_wconf 89' lang='lat' dir='ltr'>sin</span> <span class='ocrx_word' id='word_1_253' title='bbox 1259 1938 1326 1964; x_wconf 90' lang='lat' dir='ltr'>me</span> <span class='ocrx_word' id='word_1_254' title='bbox 1358 1923 1536 1964; x_wconf 87' lang='lat' dir='ltr'>interro-</span> <span class='ocrx_word' id='word_1_255' title='bbox 1556 1934 1590 1960; x_wconf 84' lang='lat'>30</span> 
     </span>
     <span class='ocr_line' id='line_1_33' title="bbox 195 1981 1538 2041; baseline -0.003 -15"><span class='ocrx_word' id='word_1_256' title='bbox 195 1998 298 2041; x_wconf 88' lang='lat' dir='ltr'>gare</span> <span class='ocrx_word' id='word_1_257' title='bbox 347 1999 434 2026; x_wconf 88' lang='lat' dir='ltr'>non</span> <span class='ocrx_word' id='word_1_258' title='bbox 483 1986 575 2025; x_wconf 90' lang='lat' dir='ltr'>tam</span> <span class='ocrx_word' id='word_1_259' title='bbox 624 1984 903 2040; x_wconf 80' lang='lat' dir='ltr'>intellegendi</span> <span class='ocrx_word' id='word_1_260' title='bbox 953 1998 1081 2026; x_wconf 89' lang='lat' dir='ltr'>causa</span> <span class='ocrx_word' id='word_1_261' title='bbox 1131 1998 1259 2038; x_wconf 89' lang='lat' dir='ltr'>quam</span> <span class='ocrx_word' id='word_1_262' title='bbox 1302 1981 1538 2037; x_wconf 83' lang='lat' dir='ltr'>refellendi,</span> 
     </span>
     <span class='ocr_line' id='line_1_34' title="bbox 193 2041 1538 2098; baseline -0.001 -14"><span class='ocrx_word' id='word_1_263' title='bbox 193 2046 339 2085; x_wconf 84' lang='lat' dir='ltr'>utrum</span> <span class='ocrx_word' id='word_1_264' title='bbox 377 2043 514 2097; x_wconf 83' lang='lat' dir='ltr'>voles,</span> <span class='ocrx_word' id='word_1_265' title='bbox 552 2043 726 2096; x_wconf 85' lang='lat' dir='ltr'>faciam,</span> <span class='ocrx_word' id='word_1_266' title='bbox 763 2044 832 2085; x_wconf 87' lang='lat' dir='ltr'>vel</span> <span class='ocrx_word' id='word_1_267' title='bbox 871 2043 924 2084; x_wconf 90' lang='lat' dir='ltr'>ad</span> <span class='ocrx_word' id='word_1_268' title='bbox 963 2043 1151 2098; x_wconf 85' lang='lat' dir='ltr'>singula,</span> <span class='ocrx_word' id='word_1_269' title='bbox 1190 2056 1297 2096; x_wconf 87' lang='lat' dir='ltr'>quae</span> <span class='ocrx_word' id='word_1_270' title='bbox 1335 2041 1538 2096; x_wconf 90' lang='lat' dir='ltr'>requires,</span> 
     </span>
     <span class='ocr_line' id='line_1_35' title="bbox 147 2099 1537 2156; baseline -0.002 -12"><span class='ocrx_word' id='word_1_271' title='bbox 147 2116 167 2146; x_wconf 81' lang='lat'>5</span> <span class='ocrx_word' id='word_1_272' title='bbox 195 2102 344 2144; x_wconf 87' lang='lat' dir='ltr'>statim</span> <span class='ocrx_word' id='word_1_273' title='bbox 369 2101 636 2156; x_wconf 87' lang='lat' dir='ltr'>respondebo</span> <span class='ocrx_word' id='word_1_274' title='bbox 662 2102 743 2155; x_wconf 86' lang='lat' dir='ltr'>vel,</span> <span class='ocrx_word' id='word_1_275' title='bbox 769 2117 865 2143; x_wconf 90' lang='lat' dir='ltr'>cum</span> <span class='ocrx_word' id='word_1_276' title='bbox 890 2101 1117 2156; x_wconf 86' lang='lat' dir='ltr'>peroraris,</span> <span class='ocrx_word' id='word_1_277' title='bbox 1144 2101 1197 2142; x_wconf 87' lang='lat' dir='ltr'>ad</span> <span class='ocrx_word' id='word_1_278' title='bbox 1223 2101 1378 2142; x_wconf 89' lang='lat' dir='ltr'>omnia.</span> <span class='ocrx_word' id='word_1_279' title='bbox 1428 2099 1537 2141; x_wconf 86' lang='lat' dir='ltr'>Tum</span> 
     </span>
     <span class='ocr_line' id='line_1_36' title="bbox 195 2159 1538 2215; baseline -0.002 -12"><span class='ocrx_word' id='word_1_280' title='bbox 195 2160 342 2204; x_wconf 83' lang='lat' dir='ltr'>Cotta:</span> <span class='ocrx_word' id='word_1_281' title='bbox 375 2160 560 2215; x_wconf 86' lang='lat' dir='ltr'>Optime,</span> <span class='ocrx_word' id='word_1_282' title='bbox 591 2160 743 2214; x_wconf 86' lang='lat' dir='ltr'>inquit.</span> <span class='ocrx_word' id='word_1_283' title='bbox 794 2159 931 2208; x_wconf 85' lang='lat' dir='ltr'>Quam</span> <span class='ocrx_word' id='word_1_284' title='bbox 965 2160 1019 2202; x_wconf 90' lang='lat' dir='ltr'>ob</span> <span class='ocrx_word' id='word_1_285' title='bbox 1051 2175 1141 2200; x_wconf 88' lang='lat' dir='ltr'>rem</span> <span class='ocrx_word' id='word_1_286' title='bbox 1174 2160 1235 2201; x_wconf 89' lang='lat' dir='ltr'>sic</span> <span class='ocrx_word' id='word_1_287' title='bbox 1268 2173 1459 2215; x_wconf 86' lang='lat' dir='ltr'>agamus,</span> <span class='ocrx_word' id='word_1_288' title='bbox 1489 2161 1538 2200; x_wconf 89' lang='lat' dir='ltr'>ut</span> 
     </span>
     <span class='ocr_line' id='line_1_37' title="bbox 141 2218 1590 2274; baseline -0.003 -11"><span class='ocrx_word' id='word_1_289' title='bbox 141 2221 167 2263; x_wconf 80' lang='lat'><strong><em>2</em></strong></span> <span class='ocrx_word' id='word_1_290' title='bbox 193 2235 274 2262; x_wconf 88' lang='lat' dir='ltr'>nos</span> <span class='ocrx_word' id='word_1_291' title='bbox 311 2220 406 2274; x_wconf 89' lang='lat' dir='ltr'>ipsa</span> <span class='ocrx_word' id='word_1_292' title='bbox 439 2219 563 2260; x_wconf 89' lang='lat' dir='ltr'>ducet</span> <span class='ocrx_word' id='word_1_293' title='bbox 595 2219 746 2260; x_wconf 91' lang='lat' dir='ltr'>oratio.</span> <span class='ocrx_word' id='word_1_294' title='bbox 810 2218 892 2260; x_wconf 84' lang='lat' dir='ltr'>Sed</span> <span class='ocrx_word' id='word_1_295' title='bbox 925 2221 1023 2260; x_wconf 87' lang='lat' dir='ltr'>ante</span> <span class='ocrx_word' id='word_1_296' title='bbox 1057 2233 1186 2272; x_wconf 87' lang='lat' dir='ltr'>quam</span> <span class='ocrx_word' id='word_1_297' title='bbox 1219 2219 1268 2259; x_wconf 91' lang='lat' dir='ltr'>de</span> <span class='ocrx_word' id='word_1_298' title='bbox 1299 2233 1362 2272; x_wconf 93' lang='lat' dir='ltr'>re,</span> <span class='ocrx_word' id='word_1_299' title='bbox 1401 2232 1538 2273; x_wconf 89' lang='lat' dir='ltr'>pauca</span> <span class='ocrx_word' id='word_1_300' title='bbox 1557 2228 1590 2255; x_wconf 78' lang='lat'>35</span> 
     </span>
     <span class='ocr_line' id='line_1_38' title="bbox 195 2277 1538 2330; baseline -0.002 -10"><span class='ocrx_word' id='word_1_301' title='bbox 195 2279 246 2320; x_wconf 86' lang='lat' dir='ltr'>cle</span> <span class='ocrx_word' id='word_1_302' title='bbox 277 2293 356 2320; x_wconf 88' lang='lat' dir='ltr'>me.</span> <span class='ocrx_word' id='word_1_303' title='bbox 405 2277 507 2319; x_wconf 89' lang='lat' dir='ltr'>Non</span> <span class='ocrx_word' id='word_1_304' title='bbox 532 2277 645 2319; x_wconf 87' lang='lat' dir='ltr'>enim</span> <span class='ocrx_word' id='word_1_305' title='bbox 671 2277 943 2319; x_wconf 87' lang='lat' dir='ltr'>mediocriter</span> <span class='ocrx_word' id='word_1_306' title='bbox 969 2291 1144 2318; x_wconf 85' lang='lat' dir='ltr'>moveor</span> <span class='ocrx_word' id='word_1_307' title='bbox 1170 2277 1426 2318; x_wconf 88' lang='lat' dir='ltr'>auctoritate</span> <span class='ocrx_word' id='word_1_308' title='bbox 1451 2278 1538 2330; x_wconf 86' lang='lat' dir='ltr'>tua,</span> 
     </span>
     <span class='ocr_line' id='line_1_39' title="bbox 193 2335 1539 2391; baseline -0.001 -13"><span class='ocrx_word' id='word_1_309' title='bbox 193 2337 349 2391; x_wconf 88' lang='lat' dir='ltr'>Balbe,</span> <span class='ocrx_word' id='word_1_310' title='bbox 387 2336 667 2390; x_wconf 82' lang='lat' dir='ltr'>orationeque</span> <span class='ocrx_word' id='word_1_311' title='bbox 700 2351 766 2389; x_wconf 87' lang='lat' dir='ltr'>ea,</span> <span class='ocrx_word' id='word_1_312' title='bbox 806 2350 914 2390; x_wconf 88' lang='lat' dir='ltr'>quae</span> <span class='ocrx_word' id='word_1_313' title='bbox 946 2350 1013 2377; x_wconf 90' lang='lat' dir='ltr'>me</span> <span class='ocrx_word' id='word_1_314' title='bbox 1045 2335 1090 2376; x_wconf 89' lang='lat' dir='ltr'>in</span> <span class='ocrx_word' id='word_1_315' title='bbox 1120 2335 1360 2391; x_wconf 86' lang='lat' dir='ltr'>perorando</span> <span class='ocrx_word' id='word_1_316' title='bbox 1392 2335 1539 2377; x_wconf 81' lang='lat' dir='ltr'>cohor-</span> 
     </span>
    </p>
   </div>
   <div class='ocr_carea' id='block_1_4' title="bbox 1660 351 1685 2568">
    <p class='ocr_par' dir='ltr' id='par_1_5' title="bbox 1660 351 1685 2568">
     <span class='ocr_line' id='line_1_40' title="bbox 1660 351 1685 2568; baseline 0 0"><span class='ocrx_word' id='word_1_317' title='bbox 1660 351 1685 2568; x_wconf 95' lang='lat' dir='ltr'> </span> 
     </span>
    </p>
   </div>
   <div class='ocr_carea' id='block_1_5' title="bbox 1670 1652 1675 2555">
    <p class='ocr_par' dir='ltr' id='par_1_6' title="bbox 1670 1652 1675 2555">
     <span class='ocr_line' id='line_1_41' title="bbox 1670 1652 1675 2555; baseline 0 0"><span class='ocrx_word' id='word_1_318' title='bbox 1670 1652 1675 2555; x_wconf 95' lang='lat' dir='ltr'> </span> 
     </span>
    </p>
   </div>
  </div>
 </body>
</html>
