1685 2568
248 111 301 152 18
656 109 720 143 DE
746 109 944 143 NATURA
969 108 1172 143 DEORUM

180 215 221 246 40
249 210 393 249 essent
423 206 649 249 consecuti.
698 204 900 259 Idemque
932 204 1123 259 disputat
1155 204 1328 247 aethera
1353 220 1445 247 esse
1472 221 1580 261 eum,

249 281 375 332 quem
423 266 615 308 homines
659 263 806 305 Iovem
857 263 1140 317 appellarent,
1192 264 1347 317 quique
1392 269 1463 306 aer
1505 280 1581 320 per

249 326 385 367 maria
417 325 631 376 manen-,et
663 337 759 362 eum
791 336 880 362 esse
912 320 1179 376 Neptunum
1211 324 1453 377 terramque
1487 339 1580 365 eam

249 399 352 437 esse,
385 398 491 437 quae
521 381 647 423 Ceres
681 381 902 433 dicei-,etur
935 380 1148 434 similique
1174 381 1340 422 ratione
1366 383 1581 437 persequi-

248 445 320 484 tur
343 441 552 483 vocabula
577 440 839 493 reliquorum
865 439 1049 480 (160111111.
1099 437 1299 504 Idemque
1326 440 1455 481 etiam
1474 441 1580 496 legis
1618 451 1634 477 5

249 502 480 556 perpetuae
518 500 561 540 et
598 500 795 539 aeternae
833 497 937 551 vim,
975 512 1081 550 quae
1121 499 1242 551 quasi
1280 498 1363 539 dux
1394 500 1507 541 vitae
1517 477 1582 540 C>et

250 560 460 613 magistra
498 557 735 598 officiorum
773 556 846 609 sit,
885 555 1031 597 Iovem
1063 556 1166 598 dicit
1198 571 1289 597 esse
1322 557 1582 612 eandemque

251 619 425 659 fatalem
474 615 775 656 necessitatem
825 615 1030 669 appellat,
1087 616 1392 669 sempiternam
1442 631 1583 658 rerum

251 677 494 718 futurarum
525 674 770 726 veritatem,
803 687 981 727 quorum
1012 674 1119 714 nihil
1151 674 1237 715 tale
1271 677 1347 728 est,
1378 677 1427 716 ut
1458 676 1503 716 in
1535 690 1582 716 eo

181 749 224 779 41
252 736 316 777 vis
350 734 493 774 divina
523 732 664 773 inesse
696 731 900 772 videatur.
952 731 1010 773 Et
1039 732 1145 774 haec
1177 733 1346 786 quidem
1373 734 1419 774 in
1443 735 1582 788 primo
1605 744 1639 770 10

251 794 361 835 libro
387 793 437 833 de
462 794 619 833 natura
644 791 835 843 deorum,
860 790 905 831 in
932 791 1112 832 secundo
1140 793 1283 832 autem
1303 792 1395 833 volt
1415 793 1584 847 Orphei,

251 850 434 905 Musaei,
465 850 644 892 Hesiodi
675 848 937 903 Homerique
968 849 1146 890 fabellas
1179 851 1500 892 accommodare
1533 852 1585 892 ad

254 926 314 964 ea,
341 924 448 964 quae
474 909 566 963 ipse
592 908 730 963 primo
756 908 866 949 libro
894 907 943 948 de
969 907 1058 948 deis
1083 908 1382 950 inmortalibus
1410 910 1584 963 dixerat,

252 972 300 1011 ut
332 969 462 1010 etiam
493 966 713 1009 veterrimi
744 968 909 1020 poetae,
942 967 1014 1020 qui
1045 966 1150 1007 haec
1181 981 1233 1007 ne
1267 968 1472 1022 suspicati
1497 968 1585 1022 qui-

253 1029 348 1069 dem
392 1028 494 1080 sint,
540 1025 672 1067 Stoici
714 1024 846 1066 fuisse
889 1024 1124 1067 videantur.
1192 1024 1326 1073 Quem
1369 1026 1585 1081 Diogenes
1606 1037 1639 1063 15

252 1086 518 1140 Babylonius
551 1098 814 1138 consequens
845 1084 890 1124 in
922 1097 970 1125 eo
1002 1083 1123 1137 libro,
1156 1084 1228 1138 qui
1259 1085 1505 1126 inscribitur
1536 1086 1585 1127 de

252 1145 464 1197 Minerva,
502 1146 673 1198 partum
705 1142 819 1184 Iovis
858 1144 1082 1195 ortumque
1119 1142 1300 1197 virginis
1333 1144 1386 1184 ad
1416 1144 1586 1198 physio-

252 1204 413 1259 logiam
444 1202 670 1243 traducens
702 1201 886 1255 diiungit
917 1216 942 1241 a
971 1200 1129 1242 fabula.

184 1242 239 1324 ἐξ
341 1261 531 1316 Exposui
568 1260 656 1301 fere
693 1274 781 1302 non
817 1259 1171 1314 philosophorum
1201 1260 1373 1313 iudicia,
1415 1261 1488 1302 sed
1520 1262 1586 1302 de-

254 1320 476 1362 lirantium
514 1319 690 1361 somnia.
751 1317 842 1360 Nec
881 1318 993 1360 enim
1031 1319 1167 1359 multo
1202 1319 1454 1361 absurdiora
1485 1323 1585 1361 sunt
1607 1331 1641 1356 2⁰

256 1395 316 1433 ea,
349 1393 455 1434 quae
488 1380 711 1433 poetarum
742 1377 918 1419 vocibus
949 1376 1046 1418 fusa
1075 1377 1171 1431 ipsa
1198 1377 1409 1419 suavitate
1435 1393 1586 1421 nocue-

254 1440 370 1491 runt,
413 1437 485 1491 qui
526 1439 569 1478 et
606 1437 670 1477 ira
705 1435 996 1477 inflammatos
1035 1437 1077 1476 et
1108 1435 1494 1478 libidine-furentis
1526 1437 1588 1479 in-

255 1497 465 1538 duxerunt
503 1495 603 1536 deos
640 1494 932 1549 feceruntque,
972 1496 1022 1535 ut
1059 1508 1204 1536 eorum
1244 1495 1376 1550 bella,
1412 1497 1587 1550 proelia,

255 1569 440 1610 pugnas,
478 1554 656 1596 vulnera
692 1553 948 1607 videremus,
988 1552 1086 1594 odia
1122 1555 1361 1608 praeterea,
1400 1554 1587 1610 discidia,
1674 1606 1675 1614 ἵ

256 1613 506 1667 discordias,
548 1615 687 1666 ortus,
726 1612 943 1665 interituS,
981 1612 1207 1666 querellas,
1244 1613 1587 1668 lamentationes,
1607 1624 1641 1650 25
1674 1647 1675 1651 ,

257 1673 410 1714 effusas
436 1672 481 1713 in
506 1671 622 1713 omni
646 1671 980 1726 intemperantia
1005 1670 1215 1725 libidines,
1247 1671 1467 1726 adulteria,
1499 1673 1588 1714 vin-

258 1733 367 1784 cula,
407 1746 502 1772 cum
538 1730 726 1771 humano
762 1743 914 1784 genere
946 1729 1194 1771 concubitus
1226 1730 1505 1785 mortalisque
1538 1746 1587 1772 ex

186 1798 229 1828 43
256 1789 476 1831 inmortali
518 1764 788 1844 p100reat0s²³
844 1787 951 1830 Cum
994 1790 1218 1843 poetarum
1262 1791 1402 1830 autem
1447 1804 1588 1831 61···1ο16

257 1849 514 1903 coniungere
551 1847 653 1889 licet
689 1849 892 1902 p01tenta
931 1860 1154 1901 magorum
1192 1846 1588 1914 Aegyptiorumque

256 1907 302 1948 in
335 1907 481 1948 eodem
514 1920 667 1961 genere
699 1905 967 1959 dementiam,
998 1908 1090 1946 tum
1122 1905 1251 1946 etiam
1277 1906 1395 1960 vuloi
1427 1907 1587 1961 opinio-
1608 1918 1665 1962 301

256 1981 345 2019 nes,
373 1980 479 2019 quae
505 1965 549 2006 in
574 1965 760 2006 maxima
785 1964 1075 2006 inconstantia
1100 1963 1293 2004 veritatis
1319 1964 1588 2017 ignmatione

256 2027 494 2066 versantur.
567 2023 632 2064 Ea
682 2023 754 2077 qui
797 2023 1036 2064 consideret
1080 2037 1208 2076 quam
1256 2022 1496 2065 inconsulte
1541 2040 1587 2067 ac

257 2085 416 2124 temere
455 2082 666 2136 dicantur,
704 2081 898 2123 venerari
927 2081 1159 2136 Epicurum
1197 2083 1239 2121 ct
1275 2081 1320 2122 in
1353 2096 1498 2124 eorum
1529 2083 1589 2138 ip-

258 2156 403 2183 sorum
444 2155 637 2194 numero,
676 2140 724 2181 de
764 2140 916 2194 quibus
947 2140 1051 2181 haec
1084 2139 1277 2193 quaestio
1310 2142 1391 2194 est,
1432 2141 1588 2183 habere
1659 2168 1663 2193 :

260 2200 422 2242 debeat.
485 2198 610 2240 Solus
643 2198 757 2240 enim
789 2199 895 2239 vidit
926 2198 1112 2252 primum
1144 2212 1235 2239 esse
1263 2199 1375 2252 deos,
1407 2200 1519 2254 quod
1544 2200 1589 2241 in
1610 2210 1641 2236 35

261 2259 451 2300 omnium
484 2257 637 2299 animis
671 2271 817 2298 eorum
847 2257 1065 2298 notionem
1096 2257 1368 2312 inpressisset
1399 2258 1493 2312 ipsa
1518 2273 1590 2300 na-

259 2320 367 2359 tura.
431 2315 546 2366 Quae
578 2318 644 2357 est
675 2316 787 2357 enim
819 2329 922 2370 gens
955 2318 1029 2357 aut
1063 2315 1174 2370 quod
1199 2330 1331 2369 genus
1357 2316 1589 2371 hominum,
