1685 2568
246 123 332 164 360
728 123 792 158 DE
817 123 880 158 RE
905 123 1108 158 PUBLICA

244 216 338 260 κατ’
381 216 523 274 αὐλὴν
561 214 588 274 ἢ
626 216 733 260 κατὰ
772 216 854 273 τὴν
892 215 1030 260 αὑτοῦ
1061 220 1339 273 προαίρεσιν,
1377 215 1486 261 ἀλλὰ
1520 217 1577 273 μὴ
1649 270 1650 275 ¹

244 291 338 333 ταῖς
368 281 462 324 κατ’
499 281 657 326 οὐσίαν
684 281 910 326 δουλεύων
935 280 1215 324 ὑποθέσεσιν.
1269 279 1400 337 Οἶμαι
1426 281 1488 337 δὲ,
1522 280 1579 332 ὡς
1648 279 1657 337 ’Ϊ;

246 345 343 390 οὐδ’
387 345 444 389 ἂν
486 345 625 403 αὐτὴν
667 350 792 402 ἔψεγε
830 344 1068 401 ῥητορικὴν
1109 344 1180 389 διὰ
1219 344 1324 397 τοὺς
1356 346 1580 402 δεκαζομέ-
1650 349 1651 394 ζ

244 429 350 462 νους
379 414 469 454 τῶν
502 410 715 467 ῥητόρων.
768 408 895 453 Οὕτω
930 408 983 465 δὴ
1017 409 1090 452 καὶ
1122 415 1165 453 εἴ
1190 427 1305 460 τινες
1329 413 1418 453 τῶν
1444 427 1580 466 τεχνι-
1648 427 1652 441 ⁴
1682 457 1685 463 Ι

244 479 332 520 τῶν
364 475 437 519 διὰ
464 475 513 519 τὸ
540 484 632 527 τοῖς
657 480 836 526 πολλοῖς
863 473 1064 532 ἀρέσκειν
1090 473 1142 517 τὰ
1170 473 1334 529 ἀγεννῆ
1361 475 1579 533 μελῳδοῦ-
1598 497 1614 522 5
1651 525 1653 539 ἲ
1682 466 1685 483 ⁵

244 553 331 595 σιν,
353 538 406 584 οὐ
426 543 502 595 τῆς
521 541 674 596 τέχνης
693 538 741 582 τὸ
765 542 954 595 αἰτίαμα.
983 537 1109 581 Ἀλλὰ
1131 539 1203 581 καὶ
1223 537 1249 594 ἡ
1271 538 1423 595 πατρὶς
1443 536 1580 588 αὐτοῦ
1652 541 1653 587 J

243 603 348 655 τοὺς
390 604 470 660 μὲν
509 605 576 648 ἐπὶ
609 607 742 660 Νομᾶ
782 603 854 646 καὶ
893 602 999 655 τοὺς
1037 601 1170 662 ὀλίγῳ
1210 602 1302 659 μετ’
1345 601 1482 646 αὐτὸν
1520 606 1582 646 ἔτι
1652 631 1653 663 ᾗ

246 668 542 724 τυγχάνοντας
575 667 870 725 ἀγριωτέρους
898 671 1085 725 μουσικῇ
1112 668 1457 724 παιδευομένους
1482 665 1583 723 εἶχε,

243 732 362 776 καθὰ
395 733 467 776 καὶ
500 731 634 784 αὐτός
666 746 825 788 φησιν,
865 735 958 791 ἰδίᾳ
988 749 1034 775 τε
1067 735 1113 776 ἐν
1146 731 1350 789 εὐωχίαις
1379 733 1506 788 κοινῇ
1537 748 1582 775 τε
1654 772 1655 777 ,

245 799 292 841 ἐν
331 795 520 848 ἁπάσαις
557 802 746 848 τελεταῖς
785 800 910 853 σφίσι
949 796 1312 854 συνοργιαζούσῃ.
1361 798 1583 852 (Aristides
1603 806 1655 844 10

247 864 384 916 Quint.
415 865 462 905 de
492 865 648 906 musica
679 863 739 904 II
757 878 801 916 p.
833 867 1015 905 69—71.
1046 865 1104 904 cd.
1135 863 1343 917 Meibom.)

332 929 422 971 Fac
451 930 676 971 derivativa
705 928 756 969 ab
787 941 829 970 eo
860 928 931 982 (ab
962 928 1132 983 armis):
1168 929 1416 978 armarium,
1446 940 1581 968 arma-

246 991 436 1039 mentum,
464 988 842 1037 armamentarium,
870 987 1076 1041 armillae,
1101 1001 1203 1040 quae
1226 1000 1335 1028 mmo
1359 985 1584 1028 brachialia

245 1050 398 1088 vocant.
453 1046 523 1088 Sic
554 1046 691 1088 Cicero
727 1047 773 1087 in
809 1049 952 1098 quarto
990 1047 1036 1088 de
1066 1060 1109 1087 re
1133 1046 1309 1098 publica.
1358 1044 1581 1098 (Priscian.
1656 1070 1658 1099 3

238 1107 382 1160 partit.
413 1105 518 1147 XII
543 1119 641 1148 vers.
673 1105 776 1147 Aen.
808 1108 844 1146 1.
876 1108 930 1146 14
953 1119 997 1158 p.
1029 1107 1126 1146 462.
1158 1101 1246 1157 31.)
1601 1117 1658 1144 15

575 1320 637 1366 M.
677 1318 890 1365 TULLII
928 1317 1254 1365 emenonis

446 1412 506 1475 D
534 1413 589 1475 E
657 1412 718 1474 R
742 1412 797 1474 E
858 1411 913 1475 P
939 1412 1002 1476 U
1026 1411 1080 1474 B
1107 1411 1159 1473 L
1185 1411 1218 1473 I
1245 1409 1292 1474 O
1318 1409 1382 1472 A

664 1526 846 1564 LIBER
888 1525 1167 1570 QUINTUS.

722 1702 1115 1741 ARGUMENTUM.

342 1779 421 1814 Hoo
446 1779 541 1814 libro
563 1778 698 1824 Scipio,
726 1790 808 1813 cum
833 1779 881 1813 ad
906 1790 1018 1812 unum
1044 1777 1250 1823 principem
1269 1788 1447 1812 summam
1466 1777 1581 1812 totius

248 1826 303 1861 rei
327 1826 499 1872 publicae
526 1826 886 1861 administrationem
911 1837 953 1859 ac
979 1825 1277 1869 procurationem
1303 1824 1438 1859 deferri
1458 1824 1582 1867 vellet,

248 1873 287 1907 id
319 1873 476 1908 maxime
504 1873 623 1918 egisse
650 1873 813 1917 videtur,
848 1874 890 1907 ut
914 1872 1118 1917 perfectam
1145 1872 1222 1907 eius
1247 1871 1448 1916 imaginem
1472 1871 1583 1906 infor-

247 1922 376 1955 maret.
426 1921 568 1964 Itaque,
595 1921 771 1964 quantum
797 1919 923 1954 videre
950 1919 1048 1962 licet,
1075 1919 1119 1954 de
1146 1919 1310 1963 paranda
1334 1918 1388 1952 rei
1412 1918 1583 1963 publicae

248 1967 430 2012 gerendae
458 1967 624 2010 scientia,
652 1967 695 2001 de
722 1966 877 2011 imperio
904 1966 1035 2000 summi
1060 1966 1298 2011 magistratus
1319 1965 1505 2010 sapienter
1523 1965 1583 2000 de-

248 2014 421 2055 finiendo,
448 2015 493 2049 de
521 2014 725 2048 officiorum
751 2013 956 2048 rationibus
978 2013 1158 2058 exposuit.
1197 2013 1255 2047 Ad
1275 2013 1373 2046 hunc
1393 2011 1437 2046 de
1457 2011 1583 2046 ineun-

249 2061 306 2095 dis
338 2061 570 2096 cautionibus
602 2061 723 2095 locum
749 2061 867 2095 Maius
900 2061 998 2094 recte
1031 2060 1165 2095 referre
1191 2060 1339 2094 videtur
1365 2058 1584 2099 Quintiliani

248 2108 556 2143 declamationem
589 2107 797 2142 CCLXVIII
836 2108 966 2142 contra
1003 2107 1278 2142 contionatores
1310 2105 1507 2141 seditiosos
1540 2117 1583 2140 ex

246 2155 318 2190 hoo
345 2154 529 2190 Ciceronis
555 2155 651 2189 libro
676 2154 885 2199 repetitam.
937 2155 1019 2198 Ipse
1047 2154 1195 2198 quidem
1221 2153 1381 2195 Tullius,
1408 2154 1449 2186 ut
1474 2163 1584 2198 supra

246 2202 285 2236 in
324 2202 575 2236 adumbrando
609 2201 771 2236 civitatis
804 2202 1048 2246 gubernatore
1080 2200 1278 2235 Politicum
1309 2199 1493 2242 Platonis,
1531 2199 1583 2234 sic

247 2249 414 2284 eiusdem
439 2249 574 2284 librum
600 2249 644 2283 de
664 2248 826 2293 Legibus
851 2248 1086 2282 undecimum
1111 2247 1149 2282 in
1169 2246 1430 2292 impugnandis
1450 2247 1583 2291 impor-

244 2295 346 2331 tunis
373 2295 449 2330 illis
476 2296 683 2331 oratoribus
710 2296 756 2330 ob
784 2296 910 2330 oculos
935 2294 1108 2329 habuisse
1134 2294 1292 2330 videtur.
