1685 2568
476 109 566 145 LIB.
592 109 637 144 II.
666 108 766 144 CAR
795 113 826 153 1,
852 113 885 144 2.
911 112 931 150 ,S
958 112 1060 145 1-5.
1351 110 1432 151 197

92 206 270 260 quintus
303 220 401 247 eum
432 206 573 248 locum
606 204 839 259 conplexus
872 206 949 257 est,
981 204 1055 258 qui
1085 206 1226 245 totam
1250 205 1438 259 philoso-

91 264 241 319 phiam
274 265 460 306 maxime
491 264 715 317 inlustrat,
753 263 876 304 docet
908 262 1020 303 enim
1053 262 1106 304 ad
1138 263 1263 304 beate
1295 264 1438 306 viven-

92 323 194 364 dum
226 323 433 365 virtutem
465 337 510 365 se
541 322 638 377 ipsa
669 335 762 364 esse
794 323 1054 363 contentam.
1117 319 1279 370 Quibus
1311 323 1438 364 rebus
1465 334 1484 365 3

93 381 220 423 editis
264 384 353 423 tres
391 382 493 423 libri
528 380 710 436 perfecti
750 382 850 421 sunt
889 380 938 421 de
969 382 1127 421 natura
1164 380 1358 435 deorum,
1394 381 1440 422 111

56 451 73 476 ⁵
94 440 250 495 quibus
287 440 426 482 omnis
459 440 548 482 eius
581 440 665 481 loci
698 438 894 494 quaestio
927 438 1182 480 continetur.
1244 437 1360 487 Quae
1391 442 1441 480 ut

91 499 222 554 plane
268 502 382 540 esset
423 498 723 552 cumulateque
753 498 964 552 perfecta,
1002 497 1052 538 de
1085 497 1349 540 divinatione
1380 498 1441 539 in-

93 557 235 613 gressi
277 572 424 599 sumus
464 557 533 598 his
574 557 698 598 libris
740 556 944 611 scribere,
989 556 1161 610 quibus,
1201 559 1250 598 ut
1291 559 1358 598 est
1395 557 1442 598 in

93 616 250 670 animo,
283 616 333 657 de
364 616 456 658 fato
489 616 526 657 si
558 615 890 669 adiunxerimus,
923 614 1005 657 erit
1031 615 1198 656 abunde
1225 616 1331 657 satis
1357 615 1441 658 fac-

92 677 185 716 tum
224 675 309 717 toti
346 675 446 717 huic
485 675 738 729 quaestioni.
800 674 945 728 Atque
984 673 1052 715 his
1085 674 1210 715 libris
1243 674 1441 716 adnume-

41 743 74 769 10
94 733 217 776 randi
257 736 359 775 sunt
398 748 472 775 sex
510 733 560 775 de
597 748 643 775 re
674 733 867 789 publica,
906 747 1013 788 quos
1052 735 1146 774 tum
1178 733 1442 788 scripsimus,

93 807 189 834 cum
239 792 530 849 gubernacula
575 792 638 834 rei
681 791 879 848 publicae
923 790 1205 833 tenebamus.'
1257 791 1442 848 Magnus

92 851 212 893 locus
243 851 629 906 philosophiaeque
661 851 862 906 proprius
895 865 920 891 a
951 850 1153 905 Platone,
1191 850 1443 905 Aristotele,

93 910 395 965 Theophrasto
437 913 615 965 totaque
652 909 1040 965 Peripateticorum
1080 909 1247 951 familia
1286 912 1443 952 tracta-

91 971 163 1010 tus
189 969 416 1010 uberrime.
466 968 580 1010 Nam
614 969 716 1023 quid
748 982 827 1024 ego
861 969 911 1010 de
933 967 1242 1010 Consolatione
1275 969 1443 1011 dicam?

41 1038 73 1064 15
95 1042 203 1082 quae
235 1028 342 1069 mihi
374 1028 546 1082 quidem
577 1028 662 1082 ipsi
694 1042 796 1069 sane
829 1027 1102 1082 aliquantum
1134 1027 1349 1082 medetur,
1381 1042 1444 1070 ce-

93 1086 200 1128 teris
225 1087 330 1128 item
356 1087 542 1128 multum
568 1087 691 1128 illam
715 1086 991 1142 profuturam
1016 1089 1133 1140 puto.
1184 1061 1443 1128 Interiectus

95 1147 162 1187 est
198 1145 331 1187 etiam
368 1159 505 1200 nuper
536 1145 646 1186 liber
677 1145 733 1199 is,
772 1159 900 1210 quem
933 1145 987 1186 ad
1017 1147 1216 1186 nostrum
1248 1144 1444 1187 Atticum

94 1204 146 1245 de
183 1206 402 1246 senectute
435 1203 650 1257 misimus3
692 1203 738 1244 in
769 1203 1024 1258 primisque,
1070 1203 1275 1257 quoniam
1306 1204 1443 1259 philo-

94 1262 249 1318 sophia
292 1262 359 1304 vir
396 1262 535 1304 bonus
574 1236 759 1304 efficitur
797 1264 840 1304 et
877 1262 1022 1316 fortis,
1067 1261 1176 1304 Cato
1213 1267 1363 1304 noster
1399 1263 1445 1304 in

40 1331 76 1357 20
94 1321 249 1363 horum
281 1321 493 1363 libiorum
523 1335 702 1362 numero
735 1321 957 1376 ponendus
990 1322 1068 1362 est.
1125 1319 1318 1376 Cumque
1349 1321 1444 1363 Ari·
1470 1330 1492 1361 4

94 1381 275 1422 stoteles
313 1380 503 1435 itemque
541 1380 886 1435 Theophrastus,
932 1380 1189 1422 excellentes
1227 1381 1310 1422 viri
1348 1395 1445 1423 cum

94 1439 351 1493 subtilitate,
383 1441 476 1480 tum
508 1439 643 1494 copia,
676 1454 772 1481 cum
803 1438 1084 1494 philosophia
1115 1438 1282 1480 dicendi
1314 1440 1445 1481 etiam

94 1501 327 1554 praecepta
358 1497 669 1552 conjunxerint,
699 1498 841 1540 nostri
870 1513 1039 1553 quoque
1067 1498 1247 1539 oratorii
1273 1498 1375 1540 libri
1400 1499 1446 1540 in

96 1557 277 1599 eundem
302 1557 514 1599 librorum
538 1572 764 1598 numerum
787 1556 999 1598 referendi
1020 1556 1229 1598 videntur.
1268 1556 1338 1599 Ita
1356 1560 1445 1599 tres

42 1625 76 1651 25
96 1618 223 1658 erunt
254 1616 305 1657 de
338 1618 522 1671 oratore,
554 1618 733 1671 quartus
765 1615 940 1668 Brutus,
974 1616 1150 1671 quintus
1183 1618 1342 1658 orator.

185 1675 339 1717 Adhuc
375 1675 481 1717 haec
519 1677 662 1730 erant3
700 1675 755 1717 ad
792 1675 959 1729 reliqua
997 1675 1131 1717 alacri
1162 1675 1445 1716 tendebamus
1472 1677 1500 1720 2

96 1733 240 1776 animo
280 1734 342 1776 sic
379 1734 540 1789 parati,
577 1736 644 1788 ut,
681 1733 767 1775 nisi
806 1749 915 1788 quae
948 1748 1077 1776 causa
1109 1733 1284 1789 gravior
1316 1734 1447 1776 obsti-

95 1792 235 1845 tisset,
266 1792 435 1834 nullum
466 1792 769 1848 philosophiae
794 1793 937 1834 locum
964 1807 1057 1834 esse
1083 1795 1342 1847 pateremur,
1375 1793 1448 1859 qui

95 1865 185 1893 non
220 1850 389 1893 Latinis
431 1851 590 1893 litteris
631 1852 892 1893 inlustratus
930 1854 1111 1907 pateret.
1174 1849 1296 1900 Quod
1334 1852 1448 1893 enim

43 1917 79 1945 3⁰
98 1925 254 1952 munus
285 1910 348 1952 rei
378 1910 578 1965 publicae
611 1910 778 1952 adferre
805 1910 943 1952 maius
970 1910 1179 1952 meliusve
1204 1924 1448 1964 possumUS,

98 1983 228 2024 quam
273 1969 311 2011 si
355 1967 590 2011 docemus
601 1971 730 2024 atque
774 1969 990 2011 erudimus
1033 1970 1330 2012 iuventutem?
1379 1970 1448 2011 his

97 2027 354 2083 praesertim
386 2028 580 2070 moribus
614 2030 743 2083 atque
768 2028 1050 2084 temporibus,
1083 2028 1238 2083 quibus
1264 2028 1328 2070 ita
1352 2043 1449 2084 pro-

42 2082 50 2090 ⁴
97 2086 225 2141 lapsa
265 2088 349 2141 est,
385 2089 435 2128 ut
475 2086 667 2128 omnium
699 2087 852 2142 opibus
883 2087 1140 2129 refrenanda
1172 2089 1303 2141 atque
1334 2091 1448 2129 coer-

99 2145 234 2187 cenda
265 2145 334 2186 sit.
395 2144 487 2187 Nec
517 2160 618 2187 vero
650 2145 695 2187 id
726 2145 837 2188 effici
867 2160 995 2201 posse
1027 2146 1212 2200 confido,
1251 2146 1364 2200 quod
1394 2160 1447 2186 ne
1473 2152 1494 2183 5

47 2211 80 2239 ⁸⁵
100 2204 411 2259 postulandum
443 2204 613 2258 quidem
646 2207 724 2259 est,
754 2207 804 2246 ut
829 2219 976 2247 omnes
1003 2205 1296 2247 adulescentes
1323 2218 1368 2245 se
1394 2204 1448 2245 ad

100 2261 208 2305 haec
240 2262 384 2304 studia
409 2266 691 2309 convertant.⁴
722 2263 853 2305 Pauci
878 2264 1060 2305 utinam!
1095 2278 1276 2318 quorum
1302 2264 1448 2304 tamen

101 2320 148 2362 in
176 2336 224 2364 re
254 2321 430 2377 publica
461 2321 549 2363 late
580 2325 728 2377 patere
759 2323 921 2378 poterit
950 2323 1174 2364 industria.
1236 2321 1447 2377 Equidem

1682 1081 1685 1088 .
1680 1003 1683 1010 -
1679 968 1685 991 -..
1676 672 1685 909 -q—q-ss-——t-ss:
1683 637 1685 652 -
