1685 2568
140 929 197 970 44

210 84 296 126 302
689 82 754 117 DE
779 83 843 118 RE
867 83 1074 119 PUBLICA

211 179 570 221 adulescentes
607 181 662 221 ut
700 194 872 221 senum
905 180 1005 221 sibi
1035 179 1230 234 pondus
1263 179 1548 233 adsumant,

211 252 355 279 senes
394 240 561 279 autem
600 237 660 279 ad
696 239 867 280 ludum
907 238 1312 279 adulescentium
1347 238 1550 280 descen-

212 297 350 350 dant,
375 311 435 337 116
462 296 566 337 311113
591 296 656 338 iis
684 297 850 338 odiosi
876 299 925 337 et
952 310 1153 352 graves,
1185 310 1240 338 ex
1267 311 1362 350 quo
1387 296 1469 351 fit,
1494 298 1550 338 ut

210 374 245 407 p.
275 357 357 407 161]
392 355 546 396 etiam
583 355 719 397 servi
754 369 804 396 se
837 355 1055 396 liberius
1089 353 1094 409 Ι
1129 357 1330 410 gerant,
1367 369 1549 396 uxores

211 414 383 455 eodem
420 413 528 455 iure
566 414 688 467 sint,
733 427 828 468 quo
866 413 982 467 viri,
1020 413 1172 467 inque
1209 415 1357 454 tanta
1392 413 1585 455 liber-5

210 474 319 513 tate
352 486 500 514 canes
533 472 688 513 etiam
721 475 769 513 et
800 472 932 526 equi,
964 472 1117 513 aselli
1149 471 1363 526 denique
1395 471 1552 513 liberi

212 531 283 572 sic
325 530 611 585 incurrant,
661 533 715 571 ut
758 530 821 571 iis
866 530 922 572 de
965 530 1049 572 via
1091 530 1427 572 decedendum
1471 530 1551 571 sit.

210 589 346 645 Ergo
402 604 458 631 ex
513 590 605 630 hae
660 588 891 643 infinita,
945 589 1103 642 inquit,
1159 589 1376 631 licentia
1429 589 1552 631 haec

213 662 403 690 summa
446 648 668 703 cogitur,
711 650 766 688 ut
807 647 882 689 ita
918 647 1226 689 fastidiosae
1267 648 1551 713 mollesque

212 710 406 748 mentes
446 707 664 748 evadant
701 706 904 760 civium,
942 709 1012 760 ut,
1051 707 1093 748 si
1124 706 1332 748 minima
1362 706 1438 748 vis
1471 706 1551 747 ad·
1571 720 1604 745 10

210 766 453 807 hibeatur
500 765 723 820 imperii,
771 765 1063 806 irascantur
1107 767 1156 806 et
1198 765 1428 820 perferre
1471 779 1552 806 ne-

212 827 418 880 queant,
456 838 512 865 ex
550 838 644 878 quo
683 824 824 878 leges
864 838 1062 878 quoque
1093 823 1351 878 incipiunt
1380 824 1552 880 negle-

212 898 348 940 gere,
380 885 434 924 ut
464 883 617 937 plane
649 882 757 923 sine
788 882 895 923 ullo
929 882 1130 924 domino
1164 881 1296 924 sint.'

211 962 246 994 p.
270 944 353 995 162]
446 941 556 983 Tum
575 940 766 982 Laelius:
794 940 800 994 Ι
828 941 1021 996 Prorsus,
1047 941 1201 996 inquit,
1226 955 1427 996 expressa
1452 944 1551 983 sunt

211 1016 236 1042 a
275 1003 336 1055 te,
378 1015 486 1055 quae
525 1000 639 1041 dieta
671 1001 771 1041 sunt
803 1000 856 1041 ab
888 1000 977 1041 illo.
1026 999 1068 1042 S.
1100 1001 1261 1055 Atque,
1301 1002 1350 1042 ut
1380 1000 1467 1042 iam
1499 1001 1552 1042 ad
1572 1013 1605 1040 15

211 1060 419 1101 sermonis
445 1059 530 1101 mei
556 1061 774 1100 auctorem
800 1060 1005 1112 revertar,
1031 1073 1081 1100 ex
1107 1059 1188 1101 hac
1213 1059 1347 1100 nimia
1367 1059 1552 1112 licentia,

212 1134 339 1173 quam
365 1119 433 1159 illi
458 1118 597 1160 solam
623 1118 871 1159 libertatem
896 1120 1063 1172 putant,
1091 1118 1152 1159 ait
1176 1117 1250 1159 ille
1276 1120 1324 1159 ut
1347 1132 1398 1159 ex
1418 1118 1552 1173 stirpe

212 1177 407 1243 quadam·
435 1177 616 1218 existere
655 1179 699 1218 613
736 1176 859 1242 quasi
894 1176 1014 1218 nasci
1051 1179 1293 1231 tyrannum.
1354 1175 1468 1218 Nam
1505 1179 1553 1218 ut

211 1251 261 1278 ex
304 1236 437 1277 nimia
474 1235 670 1301 potentia
706 1236 949 1301 principum
987 1235 1125 1277 oritur
1161 1235 1362 1277 interitus
1399 1235 1552 1290 princi-

210 1310 333 1350 pum,
371 1295 432 1337 sic
468 1295 582 1336 hunc
618 1294 747 1336 nimis
786 1294 969 1335 liberum
990 1294 1212 1360 populum
1247 1294 1426 1335 libeitas
1458 1294 1554 1349 ipsa
1572 1308 1607 1333 20

212 1355 419 1396 servitute
459 1353 612 1395 adficit.
675 1351 744 1395 Sic
783 1353 926 1394 omnia
956 1352 1108 1408 nimia,
1145 1368 1241 1395 cum
1272 1353 1342 1394 vel
1372 1353 1417 1394 in
1448 1356 1553 1394 tem-

210 1415 358 1465 11257]
392 1411 573 1468 pestalte
604 1412 673 1453 vel
704 1412 751 1452 in
782 1412 899 1468 agris
930 1411 1036 1453 vel
1024 1426 1071 1453 m
1094 1411 1345 1467 colporibus
1371 1411 1555 1454 laetiora

210 1432 396 1525 fuerunt,
427 1471 472 1513 in
504 1470 722 1513 contraria
750 1470 839 1512 fere
868 1473 1186 1525 convertuntur,
1218 1470 1486 1525 maximeque
1509 1471 1557 1512 id

211 1531 256 1572 in
286 1532 414 1572 rebus
446 1529 629 1586 publicis
663 1529 815 1583 evenit,
846 1529 1062 1584 nimiaque
1092 1529 1170 1571 illa
1200 1529 1380 1571 libertas
1413 1532 1456 1571 et
1479 1544 1553 1585 po·

212 1590 324 1644 pulis
357 1591 400 1631 613
430 1589 614 1644 privatis
645 1588 691 1629 in
719 1588 899 1629 nimiam
930 1588 1183 1630 servitutem
1216 1588 1339 1630 cadit.
1400 1587 1552 1643 Itaque
1571 1600 1605 1627 25

213 1663 263 1690 ex
293 1649 376 1690 hac
408 1648 596 1689 maxima
627 1647 829 1688 libertate
859 1649 1068 1701 tyrannus
1101 1647 1295 1703 gignitur
1321 1649 1364 1688 et
1389 1647 1467 1688 illa
1492 1648 1553 1689 in-

212 1707 450 1749 iustissima
481 1709 524 1748 et
557 1706 787 1748 durissima
812 1706 1006 1747 servitus.
1055 1705 1122 1747 Ex
1146 1706 1228 1748 1106
1253 1706 1367 1748 6111111
1391 1707 1552 1762 populo

211 1767 423 1808 indomito
461 1765 530 1807 vel
566 1765 711 1821 potius
748 1765 926 1806 immani
963 1764 1169 1820 deligitur
1205 1765 1339 1819 aliqui
1369 1766 1553 1820 plerum-

211 1844 248 1877 p.
275 1827 359 1878 258]
400 1839 480 1879 que
521 1824 606 1865 dux
647 1825 796 1866 contra
832 1823 932 1865 illos
969 1823 1183 1879 principes
1222 1823 1428 1880 adfflictos
1465 1823 1553 1865 iam

213 1886 257 1925 613
288 1884 488 1939 (1611111303
520 1883 615 1925 1060
649 1882 804 1936 audax,
841 1882 1037 1937 inpurus,
1073 1884 1323 1924 consectans
1355 1885 1553 1938 proterve
1571 1895 1607 1921 30

212 1943 320 1985 bene
353 1956 480 1997 saepe
513 1942 563 1983 de
594 1956 641 1983 re
672 1941 847 1996 publica
878 1941 1074 1996 meritos,
1110 1941 1271 1996 populo
1305 1941 1553 1997 gratificans

214 2004 257 2043 et
289 2001 430 2043 aliena
461 2003 504 2042 et
536 2015 631 2055 sua3
663 2000 730 2042 cui
763 1999 863 2054 quia
893 2000 1062 2054 privato
1089 2003 1190 2041 sunt
1215 2000 1405 2055 oppositi
1429 2001 1554 2042 timo-

213 2074 293 2115 res,
314 2060 470 2101 dantur
489 2059 672 2114 imperia
692 2061 734 2100 et
754 2073 804 2100 ea
824 2059 1140 2114 continuantur,
1165 2059 1391 2114 praesidiis
1412 2059 1554 2114 etiam,

212 2121 261 2160 ut
287 2118 472 2160 Athenis
497 2117 766 2172 Pisistratus,
799 2118 1060 2173 saepiuntur,
1090 2121 1322 2173 postremo,
1348 2133 1374 2160 a
1400 2118 1553 2173 quibus

212 2177 412 2233 producti
444 2179 564 2231 sunt,
595 2177 784 2218 existunt
815 2191 961 2218 eorum
993 2176 1186 2231 ipsorum
1217 2176 1408 2231 tyranni,
1446 2192 1551 2232 quos
1570 2187 1606 2214 35

213 2237 251 2279 si
286 2236 390 2278 boni
428 2237 752 2291 oppresserunt,
789 2237 837 2276 ut
875 2249 1001 2290 saepe
1031 2235 1099 2290 fit,
1136 2238 1353 2277 recreatur
1383 2235 1553 2290 civitas;

212 2314 247 2348 p.
276 2297 361 2349 133]
394 2294 461 2336 sin
493 2294 691 2348 audaces,
722 2294 773 2335 fit
802 2292 892 2349 ilg'la
922 2294 1065 2348 factio,
1098 2308 1232 2350 genus
1265 2294 1381 2336 aliud
1412 2297 1553 2349 tyran—
