1685 2568
253 65 337 106 160
708 63 774 98 DE
798 61 1119 98 DIVINATIONE

249 164 342 203 tum
375 160 459 202 nisi
490 175 657 202 summa
687 159 869 201 veritate
899 158 944 200 in
975 160 1100 199 tanta
1131 158 1274 214 gloria
1304 173 1391 201 non
1421 158 1577 201 fuisset

248 219 399 261 Potest
439 221 583 260 autem
621 218 686 260 vis
725 218 804 259 illa
840 220 996 271 terrae,
1038 231 1146 271 quae
1184 219 1372 258 mentem
1402 217 1587 272 Pythiae

250 278 392 320 divino
419 278 579 319 adflatu
603 276 859 330 concitabat,
885 275 1107 317 evanuisse
1133 277 1363 329 vetustate,
1388 278 1437 317 ut
1464 291 1587 331 quos-

250 337 348 379 dam
387 336 608 378 evanuisse
646 337 689 376 et
721 334 936 375 exaruisse
969 348 1115 375 amnes
1148 336 1222 375 aut
1253 334 1299 375 in
1330 334 1463 375 alium
1495 349 1588 376 cur-

250 411 344 437 sum
376 396 597 437 contortos
630 395 673 434 et
705 392 887 434 deflexos
919 393 1124 434 videmus.
1175 390 1268 447 Sed,
1299 394 1348 433 ut
1373 392 1450 447 vis,
1482 394 1588 435 acci·
1625 404 1664 430 5·

250 454 377 507 derit3
422 466 580 507 magna
625 451 737 492 enim
781 451 975 505 quaestio
1020 453 1103 505 est,
1146 450 1272 492 modo
1318 453 1491 492 maneat
1533 451 1591 506 id,

251 511 364 567 quod
399 511 552 567 negari
590 524 677 551 non
714 512 877 565 potest,
915 509 1000 551 nisi
1037 524 1207 551 omnem
1238 509 1465 551 historiam
1498 524 1590 565 per-

250 570 520 624 verterimus,
552 569 701 610 multis
735 568 885 609 saeclis
917 582 1046 610 verax
1076 568 1211 610 fuisse
1243 567 1286 609 id
1319 568 1551 610 oraculum.

339 627 421 670 Sed
453 628 704 670 omittamus
737 626 928 681 oracula3
958 627 1178 668 veniamus
1213 626 1266 668 ad
1298 627 1476 669 somnia.
1525 626 1590 668 De
1664 672 1665 679 χ

252 688 406 743 quibus
445 687 669 741 disputans
703 684 968 740 Chrysippus
1007 685 1155 726 multis
1195 688 1238 726 et
1269 685 1446 727 minutis
1478 698 1590 728 som·
1611 698 1644 723 10

250 747 333 788 niis
366 745 620 801 colligendis
651 743 756 786 facit
786 744 912 798 idem,
945 743 1058 798 quod
1082 743 1314 799 Antipater
1346 759 1396 785 ea
1421 744 1591 799 conqui-

251 820 361 859 rens,
391 819 499 859 quae
525 802 808 858 Antiphontis
834 802 1191 856 interpretatione
1218 802 1432 857 explicata
1457 803 1592 845 decla—

251 866 350 905 rant
395 863 474 904 illa
518 862 688 917 quidem
731 875 909 903 acumen
951 861 1217 916 interpretis,
1268 861 1342 902 sed
1386 862 1591 916 exemplis

253 921 554 978 grandioribus
587 920 728 962 decuit
758 920 833 961 uti.
883 919 1081 973 Dionysii
1112 921 1263 973 mater,
1295 919 1384 961 eius
1417 920 1490 974 qui
1520 918 1593 974 Sy-

251 980 516 1022 racosiorum
547 982 757 1034 tyrannus
787 978 883 1032 fuit,
913 981 962 1019 ut
988 978 1195 1033 scriptum
1222 978 1334 1033 apud
1359 978 1592 1020 Philistum
1613 991 1645 1016 15

254 1042 336 1094 est,
381 1041 424 1080 et
462 1039 634 1080 doctum
671 1037 888 1079 hominem
928 1039 970 1078 et
1008 1037 1258 1092 diligentem
1297 1039 1340 1078 et
1372 1038 1594 1092 aequalem

253 1101 497 1153 temporum
533 1097 727 1151 illorum,
765 1111 861 1138 cum
898 1109 1141 1151 praegnans
1178 1095 1291 1137 hunc
1320 1095 1463 1151 ipsum
1493 1095 1594 1138 Dio-

252 1157 424 1211 nysium
463 1157 560 1197 alvo
593 1155 848 1208 contineret,
890 1154 1121 1196 somniavit
1152 1168 1195 1196 se
1226 1155 1441 1210 peperisse
1474 1153 1594 1209 Saty-

251 1217 421 1257 riscum.
482 1214 595 1256 Huic
631 1214 888 1268 interpretes
926 1215 1242 1268 portentorum,
1283 1213 1355 1268 qui
1387 1213 1593 1255 Galeotae

252 1276 346 1316 tum
371 1274 417 1315 in
443 1272 590 1315 Sicilia
613 1272 960 1325 nominabantur,
991 1272 1314 1326 responderunt,
1340 1274 1388 1313 ut
1415 1272 1476 1313 ait
1495 1271 1594 1313 Phi·
1613 1285 1646 1310 20
1666 1299 1667 1324 3

252 1333 392 1387 listUS,
419 1347 527 1386 eum,
553 1347 679 1386 quem
703 1331 782 1372 illa
804 1330 1053 1385 peperisset,
1080 1330 1368 1372 clarissimum
1389 1330 1593 1372 Graeciae
1666 1340 1667 1347 ¹

184 1400 227 1432 40
254 1392 455 1433 diuturna
480 1405 576 1432 cum
601 1390 777 1431 fortuna
800 1389 904 1430 fore.
953 1388 1068 1430 Num
1094 1391 1137 1430 te
1164 1389 1216 1430 ad
1240 1389 1412 1430 fabulas
1439 1404 1592 1431 revoco

253 1451 322 1493 vel
346 1452 595 1491 nostrorum
620 1449 688 1490 vel
710 1447 971 1490 Graecorum
995 1448 1249 1503 poetarum?
1293 1447 1455 1489 Narrat
1481 1448 1594 1489 enim

256 1512 299 1551 et
331 1508 443 1564 apud
474 1508 663 1549 Ennium
694 1506 886 1548 Vestalis
918 1506 1012 1548 illa:
1666 1551 1667 1567 ἢ

312 1567 491 1609 Eccita
541 1581 649 1608 cum
698 1565 937 1607 tremulis
983 1579 1104 1606 anus
1150 1565 1333 1607 attulit
1377 1566 1593 1607 artubus
1613 1577 1667 1604 25

181 605 237 646 20

179 657 224 687 39

1289 1624 1475 1679 lumen,

313 1684 470 1726 Talia
529 1686 634 1725 tum
695 1685 942 1724 memorat
1003 1682 1280 1725 lacrimans
1343 1683 1594 1724 exterrita

1286 1756 1476 1783 somno:

315 1801 598 1856 ‘Eurydica
659 1802 941 1856 prognata,
1001 1802 1149 1855 pater
1210 1814 1357 1854 quam
1417 1802 1595 1842 noster

1268 1858 1476 1913 amavit,

313 1918 463 1960 Vires
520 1918 730 1972 vitaque
781 1931 964 1973 corppus
1013 1931 1174 1958 meum
1222 1931 1351 1959 nunc
1400 1916 1594 1959 deserit

1323 1990 1476 2017 omne.

315 2035 440 2078 Nam
490 2049 563 2076 me
612 2034 753 2077 visus
803 2034 949 2075 homo
1000 2033 1213 2089 pulcher
1254 2048 1344 2089 per
1387 2049 1595 2076 amoena

1289 2092 1478 2134 salicta

314 2152 379 2195 Et
410 2152 548 2207 ripas
580 2154 790 2207 raptare
822 2151 1065 2205 locosque
1095 2165 1273 2205 novos3
1306 2151 1381 2192 ita
1413 2152 1523 2193 sola
1614 2162 1648 2188 30

314 2211 560 2265 Postilla,
593 2225 834 2266 germana
865 2224 1027 2264 soror,
1060 2224 1231 2251 errare
1263 2209 1475 2251 videbar

316 2269 580 2325 Tardaque
594 2269 854 2325 vestigare
875 2271 923 2310 et
941 2283 1183 2323 quaerere
1200 2270 1248 2310 te
1264 2283 1422 2323 neque
1441 2283 1592 2324 posse
