1685 2568
476 108 563 145 ΜΒ.
590 109 653 146 111.
680 109 779 145 CAP.
807 113 908 145 7—9.
933 113 953 151 g
981 114 1127 145 15—21.
1376 109 1462 151 439

130 206 280 262 pitudo
320 207 464 247 manet
496 204 777 246 diuturnitate
808 204 991 246 sublata.
1053 202 1135 245 Sed
1165 205 1269 258 iam,
1307 205 1343 245 si
1375 205 1463 258 pla-

131 267 216 318 cet,
260 265 310 306 de
353 263 584 318 provinciis
629 263 856 305 decedatur
898 262 943 303 in
979 262 1212 316 urbemque
1254 263 1463 303 redeatur.

131 324 232 366 ΑΠ’.
268 322 406 364 Nobis
450 337 550 364 vero
596 322 755 377 placet,
799 321 872 363 sed
914 321 985 375 iis,
1028 321 1102 375 qui
1143 321 1188 362 in
1233 321 1463 375 provinciis

133 384 250 436 sunt,
285 381 458 422 minime
489 381 641 436 placet.
701 381 765 423 M.
796 381 856 421 At
886 394 1006 433 vero,
1043 379 1155 432 Tite,
1188 378 1226 420 si
1255 379 1466 434 parebunt
1494 389 1535 420 19

97 441 200 482 shis
238 440 423 496 legibuS,
459 440 567 480 nihil
606 439 688 480 erit
723 439 775 480 iis
810 439 934 493 urbe,
970 438 1079 480 nihil
1111 438 1236 479 domo
1270 452 1348 479 sua
1378 437 1466 478 dul-

132 499 222 542 cius
253 513 331 540 nec
362 498 619 540 laboriosius
652 497 959 552 molestiusque
989 497 1221 552 provincia.

222 556 303 598 Sed
335 557 527 611 sequitur
557 556 637 610 lex,
669 571 776 611 quae
803 556 940 598 sancit
966 570 1060 597 eam
1085 556 1356 597 tribunorum
1381 555 1468 609 ple-

132 616 199 658 bis
231 618 505 671 potestatem,
537 629 645 669 quae
676 619 733 657 est
762 615 806 656 in
837 630 882 656 re
911 614 1084 669 publica
1107 617 1276 668 nostra3
1308 613 1358 654 de
1385 628 1469 667 qua

134 674 285 716 disseri
321 674 430 715 nihil
467 688 639 715 necesse
671 677 748 715 est.
811 673 855 725 Q.
886 672 948 714 At
978 673 1218 715 mehercule
1250 686 1348 728 ego,
1386 672 1467 713 fra-

81 746 114 771 ιο
133 736 211 786 ter,
244 747 413 787 quaero,
446 732 496 774 de
527 732 612 774 ista
637 734 852 787 potestate
880 731 981 786 quid
1007 732 1179 774 sentias.
1223 731 1336 773 Nam
1362 730 1468 772 mihi

136 792 306 847 quidem
338 791 543 846 pestifera
574 791 752 845 videtur,
785 791 942 845 quippe
974 805 1082 845 quae
1113 791 1158 832 in
1190 790 1396 832 seditione
1428 791 1471 831 et

135 851 188 893 ad
225 850 479 892 seditionem
515 853 620 891 nata
657 850 731 904 sit3
775 850 892 892 cuius
930 850 1117 904 primum
1155 851 1299 892 ortum
1337 848 1374 889 si
1410 862 1471 889 re-

134 909 298 952 cordari
340 909 557 963 volumus,
596 909 709 950 inter
747 923 867 950 arma
903 908 1061 949 civium
1099 910 1142 950 et
1178 907 1396 962 occupatis
1429 909 1472 948 et

134 968 321 1011 obsessis
348 968 466 1009 urbis
493 968 600 1009 locis
620 970 892 1022 procreatum
910 967 1114 1009 videmus.
1157 966 1321 1008 Deinde
1342 980 1472 1021 quom

82 1040 115 1065 15
135 1030 249 1069 esset
280 1027 364 1068 cito
395 1029 571 1069 necatus
603 1029 823 1081 tamquam
857 1041 907 1067 ex
933 1038 998 1067 ΧΠ
1023 1025 1185 1067 tabulis
1210 1025 1392 1080 insignis
1419 1025 1473 1066 ad

135 1086 452 1128 deformitatem
492 1100 615 1140 puer,
656 1086 775 1127 brevi
815 1088 1008 1140 tempore
1048 1085 1190 1126 nescio
1229 1099 1312 1139 quo
1344 1086 1472 1139 pacto

134 1148 350 1186 recreatus
395 1144 618 1198 multoque
662 1144 841 1185 taetrior
884 1146 927 1185 et
969 1143 1134 1185 foedior
1177 1145 1352 1185 renatus
1397 1145 1473 1184 est.

136 1203 247 1252 Quid
279 1203 391 1244 enim
422 1203 496 1244 ille
526 1217 614 1244 non
645 1203 805 1244 edidit?
838 1202 911 1257 qui
940 1202 1139 1257 primum,
1170 1205 1218 1243 ut
1249 1202 1382 1257 impio
1415 1201 1474 1242 di·
1499 1205 1525 1246 9

137 1277 268 1318 gnum
305 1261 405 1315 fuit,
445 1262 641 1316 patribus
680 1276 848 1303 omnem
880 1261 1087 1303 honorem
1119 1261 1293 1316 eripuit,
1331 1260 1475 1302 omnia

83 1334 117 1359 20
137 1322 285 1362 infima
322 1321 499 1362 summis
537 1321 659 1376 paria
695 1320 814 1374 fecit,
856 1320 1068 1374 turbavit,
1111 1320 1301 1374 miscuit3
1345 1334 1475 1374 quom

136 1380 372 1422 adflixisset
397 1380 638 1434 principum
665 1379 935 1435 gravitatem,
959 1394 1195 1434 numquam
1213 1381 1360 1420 tamen
1380 1392 1475 1420 con-

137 1438 310 1494 quievit.
371 1437 568 1492 Namque
612 1441 660 1480 ut
697 1437 742 1480 O.
778 1437 1039 1479 Flaminium
1084 1441 1212 1492 atque
1256 1452 1322 1491 ea,
1366 1451 1474 1492 quae
1499 1445 1545 1476 20

136 1499 222 1539 iam
263 1497 405 1552 prisca
447 1497 646 1539 videntur
688 1500 865 1552 propter
901 1499 1180 1551 vetustatem,
1223 1496 1476 1550 relinquam,

140 1557 242 1612 quid
273 1556 378 1597 iuris
410 1556 535 1598 bonis
567 1556 671 1598 viris
698 1555 759 1597 Ti.
787 1555 968 1597 Gracchi
998 1556 1244 1597 tribunatus
1270 1555 1475 1608 reliquit?

85 1627 120 1653 25
139 1615 221 1657 etsi
266 1615 554 1670 quinquennio
599 1618 698 1657 ante
741 1614 792 1656 D.
836 1614 1020 1656 Brutum
1064 1617 1107 1656 et
1149 1614 1195 1656 P.
1233 1612 1476 1669 Scipionem

138 1674 334 1717 consules
373 1673 499 1729 (quos
536 1676 580 1715 et
617 1676 801 1728 quantos
839 1672 993 1728 virosl)
1030 1673 1160 1715 homo
1193 1673 1384 1715 omnium
1415 1672 1476 1714 in-

136 1734 263 1775 fimus
301 1734 344 1774 et
382 1732 717 1787 sordidissimus,
754 1732 953 1774 tribunus
990 1732 1130 1787 plebis
1169 1730 1215 1774 C.
1247 1731 1476 1786 Curiatius,

137 1792 183 1834 in
207 1792 379 1833 vincula
404 1791 596 1846 coniecit,
622 1792 734 1846 quod
755 1794 854 1833 ante
872 1791 1035 1837 falctum
1055 1806 1142 1833 non
1161 1792 1266 1832 erat.
1310 1789 1355 1833 C.
1374 1805 1476 1832 vero

139 1850 322 1893 Gracchi
353 1850 486 1891 ruinis
519 1853 562 1891 et
591 1850 645 1891 iis
678 1850 793 1904 sicis,
834 1864 940 1905 quas
971 1850 1063 1905 ipse
1095 1864 1139 1892 se
1170 1849 1400 1905 proiecisse
1431 1849 1477 1890 in

86 1921 120 1946 30
139 1909 280 1951 forum
307 1909 426 1964 dixit,
452 1909 606 1964 quibus
633 1909 973 1965 digladiarentur
991 1909 1104 1950 inter
1124 1923 1168 1950 se
1188 1909 1313 1962 cives,
1335 1922 1476 1950 nonne

140 1983 310 2014 omnem
353 1968 416 2009 rei
454 1968 651 2023 publicae
690 1971 852 2009 statum
890 1967 1180 2023 permutavit?
1243 1966 1353 2016 Quid
1390 1967 1477 2008 iam

141 2027 190 2068 de
228 2025 477 2081 Saturnino,
516 2025 724 2082 Sulpicio,
760 2027 937 2081 reliquis
976 2027 1143 2069 dicam?
1182 2040 1289 2081 quos
1325 2039 1379 2067 ne
1411 2025 1478 2067 de-

140 2086 300 2141 pellere
344 2086 514 2140 quidem
558 2101 584 2128 a
627 2100 672 2127 se
715 2085 805 2127 sine
846 2085 961 2128 ferro
1004 2085 1148 2141 potuit
1186 2099 1254 2126 res
1292 2084 1476 2140 publica.

141 2144 226 2187 Cur
276 2146 419 2186 autem
462 2146 537 2186 aut
578 2147 726 2187 vetera
771 2146 845 2186 aut
889 2145 1028 2186 aliena
1070 2144 1288 2199 proferam
1331 2143 1475 2197 potius
1503 2149 1546 2181 21

87 2214 121 2240 35
142 2218 270 2258 quam
296 2205 339 2244 et
363 2205 514 2244 nostra
539 2205 582 2244 et
607 2203 824 2246 recentia?
862 2202 966 2252 Quis
992 2218 1195 2258 umquam
1215 2205 1307 2243 tam
1327 2201 1477 2254 audax,

138 2264 230 2304 tam
269 2261 394 2303 nobis
431 2261 628 2304 inimicus
658 2262 830 2316 fuisset,
866 2265 916 2303 ut
947 2262 1159 2318 cogitaret
1189 2275 1394 2314 umquam
1425 2260 1475 2301 de

140 2323 260 2363 statu
290 2324 439 2362 nostro
465 2321 779 2375 labefactando,
809 2321 894 2362 nisi
919 2335 1163 2362 mucronem
1191 2319 1377 2373 aliquem
1402 2318 1477 2359 tri-
