1685 2568
176 505 218 535 35

178 1151 220 1182 8ss

179 1556 234 1597 34

247 106 301 148 76
656 107 720 142 DE
745 106 877 142 NATI]
884 107 948 142 ΗΑ
973 107 1178 143 DEORUM

244 203 540 245 vicissitudine
566 218 713 246 eorum
738 203 886 245 mundi
911 203 1164 246 continuata
1181 205 1339 245 natura
1357 205 1434 245 est.
1471 202 1586 245 Nam

246 276 297 304 ex
315 264 433 304 terra
452 277 574 317 aqua,
601 277 651 304 ex
671 277 784 317 aqua
803 262 941 304 oritur
961 266 1045 315 aer,
1070 277 1121 303 ex
1141 265 1238 304 a'ere
1258 263 1417 316 aether,
1437 262 1587 303 deinde

245 323 483 362 retrorsum
514 321 704 363 vicissim
736 336 786 362 ex
812 321 984 363 aethere
1012 325 1096 375 aer,
1127 320 1225 361 inde
1252 335 1375 375 aqua,
1401 335 1451 362 ex
1477 335 1589 375 aqua

246 382 363 421 terra
400 380 560 421 infima.
624 378 693 421 Sic
722 379 891 421 naturis
922 380 1007 432 his,
1047 394 1097 421 ex
1129 379 1284 433 quibus
1317 379 1462 420 omnia
1493 394 1589 421 con-

247 441 378 491 stant,
409 452 556 479 sursus
583 438 773 492 deorsus,
798 438 913 479 ultro
940 438 1048 480 citro
1076 438 1416 480 commeantibus
1442 437 1590 479 mundi

246 497 436 551 partium
475 497 718 539 coniunctio
757 497 1012 539 continetur.
1074 495 1191 546 Quae
1223 499 1299 538 aut
1329 497 1590 551 sempiterna

248 556 305 597 sit
335 569 508 597 necesse
541 558 607 597 est
637 555 719 598 hoc
751 556 899 597 eodem
926 558 1093 610 ornatu,
1126 570 1253 610 quem
1277 555 1483 609 videmus,
1515 558 1591 597 aut

247 617 361 656 certe
385 614 678 669 perdiuturna,
703 629 961 669 permanens
981 615 1034 656 ad
1059 615 1344 669 longinquum
1370 617 1413 655 et
1430 614 1591 655 inmen-

248 688 342 714 sum
380 687 515 728 paene
554 675 737 728 tempus.
799 672 988 722 Quorum
1026 674 1240 715 utrumvis
1272 676 1320 714 ut
1353 674 1422 727 sit,
1455 673 1591 727 sequi-

247 734 319 772 tur
357 734 515 773 natura
554 732 760 773 mundum
802 731 1106 773 administrari.
1174 731 1291 780 Quae
1329 732 1444 774 enim
1485 732 1591 773 clas-

249 791 360 832 sium
385 791 607 845 navigatio
632 793 707 832 aut
726 805 835 845 quae
854 791 1083 832 instructio
1105 791 1315 832 exercitus
1337 793 1422 844 aut,
1442 805 1591 832 rursus

247 852 296 891 ut
322 865 383 904 ea,
415 864 524 904 quae
548 852 706 891 natura
731 849 875 904 efficit,
907 849 1190 903 conferamus,
1222 864 1329 904 quae
1349 849 1591 904 procreatio

247 908 349 950 vitis
381 911 457 950 aut
488 908 668 963 arboris,
701 923 809 963 quae
841 923 971 964 porro
1003 908 1237 950 animantis
1262 908 1403 964 figura
1429 908 1593 949 confor-

248 968 467 1022 matioque
492 968 783 1009 membrorum
808 970 977 1008 tantam
998 969 1178 1008 naturae
1200 967 1441 1008 sollertiam
1462 967 1592 1022 signi-

247 1027 367 1079 ficat,
412 1029 619 1081 quantam
662 1026 755 1081 ipse
799 1026 1010 1068 mundus?
1071 1026 1162 1067 Aut
1200 1026 1336 1081 igitur
1371 1025 1482 1066 nihil
1515 1028 1592 1079 est,

249 1085 362 1139 quod
394 1085 605 1127 sentiente
636 1089 792 1127 natura
822 1088 1012 1141 regatur,
1044 1087 1118 1126 aut
1149 1085 1354 1126 mundum
1379 1085 1473 1140 regi
1498 1099 1593 1126 con-

248 1144 456 1186 fitendum
500 1147 577 1186 est.
637 1144 831 1198 Etenim,
876 1144 949 1199 qui
992 1144 1181 1198 reliquas
1224 1147 1404 1185 naturas
1446 1158 1592 1185 omnes

249 1217 478 1257 earumque
517 1203 682 1244 semina
722 1204 960 1256 contineat,
998 1203 1071 1257 qui
1104 1205 1250 1258 potest
1280 1203 1372 1258 ipse
1403 1217 1491 1244 non
1521 1217 1593 1243 na-

248 1264 347 1304 tura
387 1262 709 1304 administrari?
749 1265 816 1317 ut,
858 1261 895 1303 si
936 1261 1009 1316 qui
1049 1261 1197 1302 dentes
1239 1263 1282 1303 et
1321 1261 1593 1316 pubertatem

247 1323 404 1363 natura
436 1321 550 1363 dicat
581 1321 781 1375 existere,
818 1321 961 1376 ipsum
994 1322 1137 1362 autem
1169 1320 1406 1374 hominem,
1445 1320 1512 1361 cui
1544 1334 1594 1361 ea
1613 1332 1627 1355 2

249 1380 448 1433 existant,
479 1394 567 1421 non
598 1383 795 1422 constare
826 1382 994 1432 natura,
1025 1393 1112 1420 non
1137 1379 1366 1434 intellegat
1391 1393 1452 1432 ea,
1486 1393 1593 1433 quae

248 1438 440 1480 ecferant
477 1438 640 1493 aliquid
679 1453 730 1480 ex
767 1452 878 1491 sese,
915 1437 1193 1493 perfectiores
1224 1438 1383 1479 habere
1414 1440 1593 1479 naturas

250 1512 380 1553 quam
413 1512 474 1551 ea,
507 1512 615 1551 quae
647 1512 698 1538 ex
729 1497 783 1539 iis
816 1497 1070 1539 ecferantur.

338 1555 540 1598 Omnium
567 1558 711 1598 autem
737 1571 894 1611 rerum,
920 1570 1028 1610 quae
1047 1558 1205 1597 natura
1224 1555 1593 1610 administrantur,

249 1615 486 1657 seminator
532 1617 575 1657 et
620 1618 740 1657 sator
783 1617 826 1657 et
861 1629 1033 1670 parens,
1077 1617 1126 1656 ut
1163 1615 1226 1656 ita
1263 1615 1420 1669 dicam,
1465 1617 1627 1669 atque2

206 1674 452 1735 &educator
483 1676 527 1715 et
559 1674 672 1716 altor
705 1676 770 1716 est
801 1674 983 1715 mundus
1011 1674 1237 1728 omniaque
1264 1674 1375 1716 sicut
1400 1674 1594 1723 membra

243 1733 293 1775 et
328 1736 475 1788 partes
511 1747 610 1775 suas
642 1733 885 1775 nutricatur
917 1735 960 1774 et
992 1733 1194 1774 continet.
1256 1731 1417 1781 Quodsi
1447 1732 1595 1773 mundi

248 1794 395 1847 partes
438 1794 596 1834 natura
639 1792 1014 1846 administrantur,
1063 1806 1235 1834 necesse
1279 1794 1345 1833 est
1388 1791 1594 1832 mundum

248 1851 391 1906 ipsum
416 1854 574 1892 natura
600 1851 906 1905 administrari,
938 1851 1056 1892 cuius
1083 1850 1252 1904 quidem
1274 1850 1592 1892 administratio

248 1910 357 1951 nihil
388 1910 522 1951 habet
552 1910 598 1951 in
629 1924 686 1964 se,
719 1910 832 1965 quod
857 1909 1111 1965 reprehendi
1136 1909 1293 1964 possit3
1325 1923 1375 1950 ex
1400 1909 1453 1950 iis
1480 1909 1592 1950 enim
1613 1921 1628 1944 3

249 1969 429 2022 naturiS,
463 1983 571 2023 quae
604 1971 739 2023 erant,
772 1969 885 2023 quod
912 1968 1023 2010 effici
1049 1968 1261 2023 optimum
1285 1968 1440 2023 potuit,
1472 1968 1594 2010 effec-

248 2030 342 2070 tum
380 2030 456 2068 est.
517 2027 683 2069 Doceat
721 2042 824 2083 ergo
863 2027 1018 2082 aliquis
1055 2027 1248 2082 potuisse
1287 2027 1450 2068 melius.
1512 2025 1595 2068 Sed

249 2101 374 2128 nemo
419 2101 623 2140 umquam
663 2086 849 2139 docebit,
891 2089 933 2127 et
971 2086 1008 2127 si
1047 2086 1141 2140 quis
1180 2086 1394 2141 corrigere
1432 2085 1594 2140 aliquid

248 2146 383 2199 volet,
426 2148 499 2186 aut
539 2145 723 2186 deterius
761 2145 893 2186 faciet
931 2147 1005 2186 aut
1036 2144 1096 2199 id,
1138 2145 1251 2199 quod
1281 2145 1374 2186 fieri
1404 2159 1492 2186 non
1522 2159 1594 2200 po-

1611 745 1644 768 10

1613 1038 1644 1063 15

249 2205 399 2257 tuerit,
441 2203 712 2245 desiderabit.
775 2202 935 2252 Quodsi
976 2218 1122 2245 omnes
1164 2203 1311 2245 mundi
1347 2206 1494 2259 partes
1532 2203 1594 2244 ita
1614 2212 1646 2239 35

250 2264 512 2305 constitutae
540 2265 651 2317 sunt,
682 2264 730 2304 ut
758 2277 894 2317 neque
921 2262 976 2304 ad
1000 2276 1124 2303 usum
1151 2262 1348 2304 meliores
1374 2262 1594 2318 potuerint

250 2336 342 2363 esse
374 2336 511 2376 neque
543 2321 598 2363 ad
630 2321 814 2376 speciem
845 2321 1131 2376 pulchriores,
1171 2321 1411 2376 videamus,
1448 2324 1595 2363 utrum
