1685 2568
457 97 547 133 LIB.
573 98 618 133 ΙΙ.
653 97 751 132 CAP.
781 102 928 133 17—20.
961 102 980 140 ἓ
1005 103 1155 134 31-36.
1382 101 1466 142 317

133 192 360 249 disciplina
401 193 566 235 doctior
600 192 716 235 facta
754 207 845 235 esse
882 193 1046 236 civitas.
1106 193 1281 236 Influxit
1320 196 1372 247 [p.
1402 206 1469 237 173

133 253 246 294 enim
286 267 372 294 non
412 253 552 294 tenuis
591 252 764 307 quidam
800 267 822 294 e
861 251 1039 293 Graecia
1075 252 1239 294 rivulus
1277 253 1323 293 in
1359 254 1470 296 hanc

132 311 294 365 urbem,
327 311 399 353 sed
432 310 825 353 abundantissimus
857 311 993 352 amnis
1026 311 1197 352 illarum
1229 311 1470 366 disciplina-

133 385 228 411 rum
267 372 310 412 et
341 370 511 411 artium.
571 369 721 411 Fuisse
754 369 866 411 enim
898 369 1109 424 quendam
1140 369 1285 410 ferunt
1317 370 1471 411 Dema·

97 440 113 465 5
133 430 274 470 ratum
295 427 567 470 Corinthium
599 431 641 470 et
672 428 832 470 honore
865 430 908 469 et
934 428 1190 470 auctoritate
1217 430 1259 469 et
1284 428 1470 470 fortunis

132 486 258 529 facile
290 487 477 529 civitatis
511 500 611 528 suae
636 487 892 542 principem3
927 487 999 541 qui
1031 501 1126 528 cum
1147 485 1471 528 Corinthiorum

133 549 364 600 tyrannum
395 544 627 599 Cypselum
659 545 770 586 ferre
800 560 887 587 non
918 545 1147 600 potuisset,
1178 544 1343 601 fugisse
1375 560 1471 587 cum

133 602 303 661 maglna
323 603 502 659 pecunia
522 603 676 645 dicitur
694 618 742 645 ac
757 618 800 645 se
815 604 1045 646 contulisse
1059 604 1327 658 Tarquinios,
1340 605 1472 656 [9174

133 664 178 704 in
216 663 366 704 urbem
401 661 602 703 Etruriae
642 662 1003 704 florentissimam.
1072 661 1262 717 Cumque
1304 662 1471 704 audiret

84 734 115 759 ιο
135 721 470 763 dominationem
497 719 671 776 Cypseli
702 722 957 775 confirmari,
990 721 1155 776 defugit
1186 721 1374 776 patriam
1405 721 1472 763 vir

133 780 243 822 liber
274 794 322 822 ac
352 779 479 821 fortis
512 781 555 821 et
587 779 774 821 adscitus
807 783 872 821 est
902 780 1005 821 civis
1039 796 1063 822 a
1088 780 1472 835 Tarquiniensibus

133 841 262 893 atque
301 838 347 879 in
387 853 437 880 ea
478 838 653 880 civitate
692 838 954 880 domicilium
993 841 1036 880 et
1074 839 1193 881 sedes
1231 839 1471 881 collocavit.

131 896 219 939 Ubi
262 912 358 939 cum
402 897 452 938 de
496 899 633 938 matre
673 896 862 938 familias
901 897 1202 952 Tarquiniensi
1240 897 1321 940 duo
1358 898 1471 939 filios

132 956 456 1011 procreavisset‚
488 956 685 998 omnibus
718 971 791 998 eos
823 956 987 998 artibus
1021 957 1074 998 ad
1100 956 1361 999 Graecorum
1392 957 1473 1005 dis-

82 1025 114 1051 15
134 1014 339 1070 ciplinam
371 1016 542 1057 erudiit.
563 1048 572 1056 .
593 1048 602 1056 .
622 1048 631 1056 .

457 1109 777 1162 [Desidmntur
800 1110 982 1162 paginae
1012 1110 1147 1162 duaa]

133 1253 200 1292 ter
235 1250 550 1292 humanitatem
583 1252 711 1305 atque
743 1250 983 1292 doctrinam
1014 1249 1135 1292 Anco
1168 1251 1261 1306 regi
1291 1251 1473 1293 familia-

133 1309 192 1350 ris
231 1311 296 1350 est
326 1308 466 1351 factus
497 1324 631 1363 usque
664 1323 730 1364 eo,
768 1311 817 1350 ut
847 1308 1125 1351 consiliorum
1157 1310 1348 1351 omnium
1379 1325 1474 1365 par-

132 1367 268 1423 ticeps
307 1370 350 1409 et
387 1368 525 1409 socius
564 1382 698 1422 paene
735 1367 857 1423 regni
894 1370 1130 1422 putaretur.
1197 1367 1306 1410 Erat
1342 1369 1388 1410 in
1424 1383 1473 1411 eo

81 1435 114 1462 80
133 1429 356 1482 praeterea
405 1441 572 1468 summa
616 1426 814 1479 comitas,
869 1441 1036 1468 summa
1085 1426 1130 1468 in
1180 1427 1319 1468 omnis
1369 1427 1473 1470 civis

134 1485 245 1541 opis,
283 1485 449 1540 auxilii,
487 1484 766 1539 defensionis,
805 1485 1016 1541 largiendi
1053 1485 1184 1527 etiam
1215 1486 1474 1542 benignitas.

133 1543 284 1599 Itaque
325 1547 494 1586 mortuo
532 1543 693 1586 Marcio
737 1544 901 1586 cunctis
944 1544 1095 1599 populi
1138 1545 1357 1601 suffragiis
1401 1560 1475 1587 rex

134 1605 202 1645 est
234 1605 401 1645 creatus
432 1602 479 1645 L.
505 1602 781 1658 Tarquinius;
814 1603 874 1644 sic
901 1603 1014 1644 enim
1042 1603 1046 1657 Ι
1075 1617 1199 1645 suum
1230 1619 1304 1645 no·
1331 1605 1384 1657 [p.
1405 1615 1474 1646 220

134 1676 232 1704 men
270 1677 320 1704 ex
352 1661 514 1704 Graeco
545 1661 717 1704 nomine
748 1661 983 1716 inflexerat,
1014 1664 1064 1703 ut
1093 1662 1139 1703 in
1171 1662 1287 1704 omni
1320 1677 1474 1719 genere

82 1730 116 1757 25
133 1721 260 1763 huius
291 1721 441 1776 populi
472 1720 821 1763 consuetudinem
846 1720 1064 1762 videretur
1089 1721 1298 1763 imitatus.
1346 1721 1474 1777 Isque

134 1782 183 1822 ut
202 1780 252 1821 de
272 1794 349 1822 suo
370 1779 550 1835 imperio
571 1780 711 1835 legem
730 1779 842 1834 tulit,
860 1779 1073 1835 principio
1094 1779 1332 1835 duplicavit
1350 1781 1474 1822 illum

133 1838 365 1895 pristinum
396 1841 568 1894 patrum
599 1853 823 1879 numerum
853 1840 896 1880 et
921 1839 1122 1893 antiquos
1146 1842 1293 1894 patres
1319 1839 1475 1881 maio-

134 1913 241 1939 rum
286 1897 514 1953 gentium
558 1897 811 1951 appellavit,
857 1911 962 1952 quos
1005 1897 1171 1953 priores
1216 1898 1475 1940 sententiam

134 1957 330 2012 rogabat,
362 1971 388 1998 a
418 1970 463 1998 se
496 1955 682 1998 adscitos
713 1956 974 1998 minorum.
1035 1956 1200 1998 Deinde
1233 1957 1474 2012 equitatum

83 2024 117 2051 ³0
136 2015 189 2057 ad
231 2015 346 2057 hunc
388 2029 551 2057 morem
596 2015 837 2068 constituit,
883 2015 955 2069 qui
991 2013 1137 2071 uslque
1176 2015 1314 2058 adhuc
1349 2017 1402 2069 [p.
1430 2027 1474 2058 37

137 2077 201 2116 est
239 2076 449 2128 retentus,
488 2088 566 2116 nec
602 2073 745 2129 potuit
775 2073 1030 2115 Titiensium
1061 2077 1105 2115 et
1135 2073 1475 2116 Rhamnensium

135 2135 179 2175 et
200 2131 411 2175 Lucerum
436 2135 616 2186 mutare,
643 2147 738 2174 cum
764 2135 948 2187 cuperet,
973 2133 1161 2188 nomina,
1188 2134 1300 2188 quod
1327 2136 1476 2175 auctor

135 2191 175 2233 ei
205 2206 373 2233 summa
405 2206 542 2247 augur
568 2191 708 2247 gloria
728 2190 859 2232 Attus
879 2190 1043 2234 Navius
1069 2207 1156 2234 non
1182 2194 1286 2234 erat.
1330 2192 1474 2246 Atque

136 2249 267 2292 etiam
299 2249 547 2293 Corinthios
586 2250 709 2292 video
746 2250 930 2305 publicis
969 2250 1089 2305 equis
1122 2250 1399 2306 adsignandis
1431 2252 1474 2291 et

83 2318 118 2345 ⁸5
137 2309 299 2351 alendis
331 2309 535 2352 orborum
567 2311 610 2351 et
641 2309 866 2351 viduarum
897 2309 1073 2351 tributis
1097 2309 1231 2351 fuisse
1257 2308 1472 2365 quondam

1487 1166 1543 1209 20

229 1224 239 1234 .
259 1224 269 1234 .
288 1224 298 1233 .
318 1190 464 1233 .facile
490 1192 535 1232 in
561 1191 779 1233 civitatem
805 1193 1002 1246 receptus
1029 1194 1153 1246 esset,
1177 1206 1303 1247 prop·
1323 1193 1377 1245 [p.
1405 1203 1471 1235 219
1499 1218 1542 1250 35

1500 1965 1544 1997 36
