1685 2568
179 643 223 674 26

197 753 223 794 9

176 1349 222 1382 27

251 67 338 109 390
774 67 838 101 DE
864 67 1070 102 LEGIBUS

251 163 328 205 deo
361 163 609 205 similitudo.
658 162 781 212 Quod
812 178 942 218 quom
971 163 1035 205 ita
1060 163 1129 217 sit,
1161 178 1268 218 quae
1293 164 1467 206 tandem
1493 179 1586 207 esse

249 225 394 278 potest
420 222 596 278 propior
621 223 828 264 certiorve
849 222 1080 277 cognatio?
1117 221 1270 276 Itaque
1290 223 1344 264 ad
1362 223 1585 265 hominum

250 281 578 324 commoditates
605 284 648 322 et
672 296 774 322 usus
800 283 968 322 tantam
993 295 1137 321 rerum
1162 281 1405 323 ubertatem
1430 285 1587 324 natura

249 340 411 396 largita
448 343 530 394 est,
571 342 620 381 ut
657 355 722 393 ea,
765 353 872 393 quae
906 339 1158 394 gignuntur,
1200 339 1359 381 donata
1390 341 1586 383 consulto

248 399 386 452 nobis,
416 414 503 441 non
527 398 707 440 fortuito
733 401 836 439 nata
861 398 1097 452 videantur,
1122 412 1199 440 nec
1226 399 1365 440 solum
1391 414 1452 453 ea,
1479 414 1587 454 quae

247 457 446 513 frugibus
491 460 618 512 atque
662 457 779 498 bacis
823 459 963 498 terrae
1005 456 1096 498 fetu
1134 456 1468 513 profunduntur,
1514 458 1588 500 sed

250 517 380 558 etiam
418 517 616 572 pecudes,
656 516 769 570 quod
799 516 1072 570 perspicuum
1103 515 1177 570 sit,
1217 517 1378 571 partim
1411 531 1503 558 esse
1534 517 1589 559 ad

249 590 373 617 usum
398 575 632 629 hominum,
663 574 823 629 partim
850 574 903 615 ad
927 574 1126 629 fructum,
1155 575 1314 630 partim
1341 575 1394 617 ad
1419 590 1588 618 vescen-

251 635 351 676 dum
394 636 653 689 procreatas.
714 633 844 674 Artes
882 648 983 675 vero
1021 633 1355 676 innumerabiles
1392 637 1588 690 repertae

250 696 350 735 sunt
382 694 558 735 docente
587 694 760 747 natura3
792 707 920 747 quam
945 692 1117 734 imitata
1141 693 1253 734 ratio
1280 707 1348 735 res
1375 693 1428 735 ad
1453 694 1588 736 vitam

249 752 511 794 necessarias
545 751 745 792 sollerter
777 754 1005 793 consecuta
1036 754 1114 793 est.
1166 751 1314 806 Ipsum
1346 755 1490 794 autem
1516 753 1590 795 ho-

250 812 408 853 minem
440 810 587 852 eadem
619 812 775 852 natura
806 825 892 852 non
924 810 1063 852 solum
1095 810 1315 852 celeritate
1341 811 1497 853 mentis
1525 826 1589 854 or-

249 870 386 924 navit,
427 869 500 911 sed
538 871 581 910 et
619 883 769 910 sensus
801 871 1024 924 tamquam
1056 869 1267 911 satellites
1300 870 1509 912 adtribuit
1540 885 1589 913 ac

248 929 422 970 nuntios
462 930 504 970 et
541 942 683 970 rerum
720 928 1005 983 plurimarum
1044 929 1247 970 obscuras
1284 943 1361 971 nec
1393 929 1549 971 satis..
1570 964 1579 972 .

248 987 568 1043 intellegentias
617 986 837 1029 inchoavit
886 987 1008 1041 quasi
1056 986 1337 1029 fundamenta
1379 988 1589 1043 quaedam

250 1047 452 1089 scientiae
492 1047 762 1101 figuramque
802 1046 994 1101 corporis
1031 1045 1222 1088 habilem
1260 1049 1303 1088 et
1340 1049 1487 1102 aptam
1524 1048 1589 1089 in-

250 1106 376 1162 genio
413 1105 601 1147 humano
640 1105 766 1146 dedit.
827 1103 941 1146 Nam
980 1119 1109 1160 quom
1146 1108 1309 1147 ceteras
1348 1106 1588 1148 animantes

249 1165 477 1207 abiecisset
521 1164 573 1206 ad
613 1166 803 1219 pastum,
848 1164 988 1205 solum
1027 1164 1245 1206 hominem
1283 1165 1417 1206 erexit
1455 1168 1497 1206 et
1536 1165 1589 1207 ad

250 1224 356 1265 caeli
394 1223 517 1278 quasi
554 1223 823 1278 cognationis
863 1222 1150 1277 domiciliique
1186 1223 1361 1278 pristini
1392 1238 1589 1279 conspec-

249 1286 341 1324 tum
380 1282 600 1336 excitavit,
635 1284 728 1322 tum
767 1282 950 1337 speciem
988 1281 1049 1323 ita
1086 1282 1291 1324 formavit
1323 1283 1426 1337 oris,
1463 1286 1512 1324 ut
1543 1283 1588 1324 in

250 1357 299 1383 ea
336 1341 506 1397 penitus
542 1341 785 1383 reconditos
817 1355 958 1382 mores
991 1341 1231 1396 effingeret3
1267 1356 1369 1382 nam
1401 1344 1444 1383 et
1476 1342 1589 1384 oculi

248 1401 376 1442 nimis
415 1400 577 1456 arguti,
616 1414 742 1454 quem
781 1399 833 1441 ad
870 1400 1045 1441 modum
1083 1400 1225 1442 animo
1263 1400 1405 1442 affecti
1443 1401 1588 1456 simus,

248 1461 501 1514 loquuntur,
540 1461 582 1500 et
612 1459 667 1513 is,
707 1458 778 1513 qui
811 1459 1056 1513 appellatur
1085 1459 1249 1513 vultus,
1288 1459 1361 1514 qui
1390 1459 1511 1502 nullo
1542 1460 1590 1502 in

249 1519 467 1561 animante
499 1532 591 1559 esse
622 1520 793 1573 praeter
818 1517 1035 1559 hominem
1060 1520 1217 1573 potest,
1248 1517 1410 1560 indicat
1435 1533 1588 1574 mores,

249 1578 401 1633 quoius
434 1577 521 1619 vim
541 1576 693 1618 Graeci
718 1579 890 1630 norunt,
919 1591 1076 1618 nomen
1102 1577 1275 1618 omnino
1302 1591 1389 1619 non
1414 1577 1587 1620 habent.

249 1637 415 1679 Omitto
460 1636 777 1691 oportunitates
818 1635 1153 1690 habilitatesque
1190 1635 1347 1691 reliqui
1383 1636 1588 1692 corporis,

248 1695 587 1738 moderationem
624 1695 758 1749 vocis,
797 1694 1004 1736 orationis
1035 1694 1141 1748 vim,
1180 1709 1287 1749 quae
1319 1695 1588 1737 conciliatrix

249 1757 315 1797 est
357 1755 570 1796 humanae
616 1753 799 1795 maxime
840 1753 1076 1807 societatis;
1118 1768 1255 1808 neque
1293 1753 1405 1795 enim
1444 1754 1588 1796 omnia

248 1816 349 1856 sunt
385 1813 511 1855 huius
545 1812 848 1868 disputationis
881 1827 929 1854 ac
960 1812 1186 1868 temporis,
1227 1814 1271 1854 et
1301 1812 1413 1854 hunc
1445 1813 1587 1856 locum

249 1872 374 1926 satis,
405 1874 454 1913 ut
485 1872 591 1913 mihi
622 1872 808 1926 videtur,
838 1871 884 1912 in
914 1871 967 1912 iis
999 1871 1137 1926 libris,
1169 1885 1274 1926 quos
1307 1871 1488 1927 legistis,
1521 1887 1587 1914 ex-

248 1931 407 1987 pressit
444 1929 603 1985 Scipio,
645 1944 774 1984 nunc,
812 1930 1014 1984 quoniam
1051 1930 1286 1985 hominem,
1324 1931 1438 1985 quod
1473 1931 1587 1986 prin-

248 1990 407 2045 cipium
451 1990 715 2044 reliquarum
758 2003 900 2030 rerum
945 2004 1036 2030 esse
1079 1989 1234 2044 voluit,
1279 1989 1502 2055 generavit
1545 1992 1588 2032 et

249 2048 420 2090 ornavit
452 2049 566 2103 deus,
596 2048 868 2103 perspicuum
900 2048 958 2089 sit
982 2048 1101 2103 illud,
1132 2063 1184 2089 ne
1211 2048 1355 2090 omnia
1380 2048 1588 2090 disseran-

248 2110 331 2161 tur,
351 2107 489 2162 ipsam
511 2122 587 2162 per
608 2122 651 2149 se
671 2108 871 2148 naturam
892 2107 1064 2162 longius
1082 2107 1301 2162 progredi3
1327 2122 1435 2162 quae
1456 2107 1587 2149 etiam
1648 2143 1650 2151 .

248 2167 368 2208 nullo
411 2166 587 2208 docente
628 2165 821 2221 profecta
859 2166 912 2207 ab
949 2166 1020 2219 iis,
1062 2180 1242 2220 quorum
1280 2180 1330 2207 ex
1367 2166 1507 2220 prima
1544 2169 1587 2208 et

248 2225 451 2267 inchoata
482 2224 781 2280 intellegentia
813 2239 970 2279 genera
994 2225 1210 2281 cognovit,
1240 2225 1466 2267 confirmat
1491 2225 1587 2280 ipsa

248 2298 324 2339 per
357 2298 401 2325 se
433 2284 643 2325 rationem
676 2285 718 2324 et
749 2283 926 2337 perficit.

1609 1000 1640 1026 15

1608 1295 1642 1320 20

1607 1590 1641 1615 25
1677 1580 1685 1603 2}

1607 1875 1685 1909 30?

1606 2176 1638 2203 35
