1685 2568
172 1017 224 1059 18

169 1070 212 1100 45

172 1930 216 1961 46

239 67 321 108 122
662 66 726 101 DE
751 66 953 102 NATURA
977 65 1180 101 DEORUM

237 162 377 205 dicitis
428 177 530 219 ergo
575 162 625 204 de
670 162 908 204 fratribus?
972 161 1090 203 Haec
1134 160 1371 204 Carneades
1416 163 1571 217 aiebat,

235 237 323 264 non
365 223 413 263 ut
457 221 557 263 deos
601 221 776 263 tolleret
815 219 936 276 (quid
981 220 1093 261 enim
1133 220 1391 275 philosopho
1429 222 1570 263 minus

237 279 559 335 conveniens?),
603 280 677 321 sed
720 282 768 321 ut
806 278 971 321 Stoicos
1016 279 1125 320 nihil
1169 279 1219 320 de
1258 279 1321 319 dis
1360 280 1569 334 explicare

237 340 524 392 convinceret,
554 338 699 392 itaque
730 338 1045 392 insequebatur.
1100 336 1210 385 Quid
1242 337 1383 379 enim?
1416 338 1570 392 aiebat,

237 398 274 439 si
310 398 356 439 hi
392 397 548 438 fratres
587 399 687 437 sunt
717 396 762 437 in
791 410 968 437 numero
1001 396 1193 450 deorum,
1233 410 1335 437 num
1368 396 1417 437 de
1448 400 1571 451 patre
1609 409 1625 434 5

237 470 384 498 eorum
422 454 606 496 Saturno
650 454 800 510 negari
843 457 1006 509 potest,
1053 469 1179 509 quem
1216 455 1345 510 volgo
1388 455 1571 497 maxime

238 515 384 557 colunt
416 513 469 554 ad
501 513 790 555 occidentem?
852 512 934 561 Qui
965 513 1002 554 si
1033 516 1098 554 est
1130 513 1243 567 deUS,
1274 515 1440 567 patrem
1472 528 1572 567 quo-

239 587 320 628 que
362 572 451 613 eius
483 570 661 613 Caelum
703 585 794 612 esse
834 570 958 613 deum
995 571 1281 613 confitendum
1314 574 1389 612 est.
1451 570 1573 620 Quod

238 631 275 673 si
317 631 379 672 ita
417 633 499 684 est,
543 629 662 672 Caeli
706 644 872 684 quoque
914 632 1113 684 parentes
1159 630 1202 671 di
1238 630 1423 671 habendi
1461 634 1572 684 sunt,

237 690 401 731 Aether
448 691 491 730 et
530 688 651 741 Dies,
698 703 928 742 eorumque
974 688 1129 730 fratres
1177 691 1220 730 et
1263 703 1451 742 sorores,
1499 689 1626 743 quim

239 764 263 790 a
302 747 550 804 genealogis
582 746 769 801 antiquis
803 747 863 788 sic
897 747 1190 801 nominantur,
1230 747 1383 802 Amor,
1421 747 1572 802 Dolus,

237 807 394 860 Metus,
443 806 603 860 Labor,
651 805 910 859 Invidentia,
962 805 1134 860 Fatum,
1179 804 1400 860 Senectus,
1443 805 1572 860 Mors,

238 866 467 918 Tenebrae,
499 864 684 918 Miseria,
716 863 927 917 Querella,
960 863 1123 919 Gratia,
1148 863 1295 918 Fraus,
1320 864 1573 918 Pertinacia,

237 925 414 978 Parcae,
457 922 734 978 Hesperides,
778 921 970 976 Somnia,
1014 938 1120 977 quos
1165 924 1302 964 omnis
1345 923 1486 965 Erebo
1531 925 1574 965 et

238 982 376 1024 Nocte
415 985 541 1023 natos
580 981 735 1023 ferunt.
805 981 892 1022 Aut
931 981 1067 1037 igitur
1106 982 1212 1023 haec
1248 985 1443 1023 monstra
1479 994 1626 1037 pro-15

239 1041 381 1083 banda
419 1043 518 1082 sunt
557 1043 631 1081 aut
667 1040 807 1095 prima
844 1040 921 1081 illa
958 1040 1159 1082 tollenda.
1227 1039 1365 1089 Quid?
1409 1040 1574 1095 Apolli-

238 1116 354 1153 nem,
392 1099 651 1152 Volcanum,
688 1098 963 1153 Mercurium,
996 1101 1160 1140 ceteros
1193 1099 1292 1140 deos
1325 1113 1417 1140 csse
1450 1099 1573 1154 dices,

240 1160 289 1200 de
321 1158 524 1212 Hercule,
556 1157 833 1212 Aesculapio,
865 1157 1037 1211 Libero,
1070 1156 1265 1212 Castore,
1297 1157 1471 1199 Polluce
1503 1158 1574 1199 du-

238 1217 429 1259 bitabis?
473 1216 534 1258 At
559 1216 604 1257 hi
631 1216 800 1270 quidem
828 1217 1026 1258 coluntur
1052 1231 1184 1271 aeque
1211 1219 1339 1271 atque
1358 1216 1436 1271 illi,
1463 1216 1575 1271 apud

240 1276 447 1331 quosdam
474 1275 604 1316 etiam
631 1275 768 1316 multo
790 1275 940 1330 magis.
980 1274 1097 1330 Ergo
1118 1275 1163 1316 hi
1184 1275 1250 1316 dei
1270 1278 1369 1316 sunt
1388 1275 1574 1316 habendi
1595 1288 1628 1312 20

239 1334 495 1377 mortalibus
515 1334 608 1375 nati
628 1334 868 1375 matribus?
907 1332 1045 1381 Quid?
1077 1333 1314 1387 Aristaeus,
1342 1333 1415 1388 qui
1435 1333 1575 1375 olivae

241 1394 393 1436 dicitur
424 1393 634 1446 inventor,
666 1392 882 1446 Apollinis
908 1392 1036 1446 filius,
1067 1392 1255 1434 Theseus
1281 1391 1483 1447 Neptuni,
1514 1407 1576 1434 re-

239 1453 358 1506 liqui,
385 1466 564 1506 quorum
589 1453 734 1505 patres
761 1451 815 1505 di,
839 1465 924 1492 non
951 1453 1074 1492 erunt
1099 1451 1143 1491 in
1170 1451 1344 1493 deorum
1369 1451 1575 1492 numero?

241 1511 360 1564 Quid,
387 1524 567 1564 quorum
594 1509 784 1551 matres?
829 1509 1003 1564 Opinor,
1030 1509 1159 1550 etiam
1185 1510 1335 1565 magis.
1376 1508 1438 1551 Ut
1463 1509 1575 1551 enim

239 1571 330 1611 iure
362 1569 495 1623 civili,
536 1568 608 1623 qui
640 1570 705 1610 est
737 1570 874 1609 matre
906 1568 1058 1622 libera,
1095 1568 1204 1610 liber
1237 1571 1318 1623 est,
1349 1568 1453 1610 item
1484 1568 1575 1610 iure
1595 1581 1627 1607 25

241 1630 431 1681 naturae,
464 1627 536 1682 qui
569 1627 646 1668 dea
677 1629 815 1668 matre
848 1629 923 1680 est,
956 1627 1057 1668 deus
1090 1627 1147 1668 sit
1170 1642 1341 1669 necesse
1368 1630 1443 1668 est.
1492 1626 1576 1668 Ita-

241 1702 321 1742 que
348 1686 563 1728 Achillem
589 1685 950 1740 Astypalaeenses
982 1685 1170 1727 insulani
1202 1686 1482 1728 sanctissume
1511 1700 1576 1727 co-

241 1746 354 1799 lunt,
393 1745 466 1799 qui
498 1744 534 1785 si
567 1744 668 1785 deus
701 1747 784 1798 est,
817 1747 859 1785 et
891 1744 1085 1799 Orpheus
1119 1747 1161 1786 et
1192 1744 1359 1786 Rhesus
1391 1745 1433 1785 di
1465 1747 1577 1799 sunt,

241 1804 365 1845 Musa
397 1806 535 1845 matre
566 1803 671 1857 nati,
702 1778 786 1844 nisi
816 1802 929 1844 forte
960 1803 1214 1845 maritumae
1245 1803 1420 1858 nuptiae
1448 1805 1577 1844 terre-

241 1863 308 1904 nis
347 1864 676 1917 anteponuntur.
739 1860 783 1903 Si
813 1861 859 1902 hi
891 1862 933 1902 di
963 1876 1049 1903 non
1081 1865 1196 1915 sunt,
1235 1862 1334 1916 quia
1364 1876 1577 1916 nusquam
1595 1873 1630 1899 30

244 1921 453 1975 coluntur,
486 1935 569 1974 quo
601 1920 726 1962 modo
758 1920 825 1960 illi
857 1921 985 1961 sunt?
1046 1919 1154 1961 Vide
1185 1895 1331 1976 igitur,
1361 1935 1415 1962 ne
1446 1921 1577 1962 virtu-

241 1980 357 2021 tibus
389 1979 612 2020 hominum
641 1979 716 2020 isti
746 1978 930 2020 honores
962 1979 1213 2033 habeantur,
1243 1994 1330 2020 non
1359 1979 1578 2021 immorta-

242 2038 457 2092 litatibus3
490 2038 602 2092 quod
627 2040 677 2078 tu
702 2052 881 2091 quoque,
906 2036 1054 2092 Balbe,
1079 2037 1195 2079 visus
1222 2052 1266 2079 es
1293 2037 1440 2080 dicere.
1485 2037 1576 2086 Quo

241 2097 368 2139 modo
402 2099 544 2137 autem
576 2098 711 2151 potes,
743 2096 780 2137 si
811 2095 1023 2137 Latonam
1050 2096 1172 2137 deam
1197 2099 1336 2151 putas,
1367 2096 1576 2138 Hecatam

241 2170 329 2197 non
359 2157 523 2210 putare,
557 2170 664 2209 quae
696 2156 834 2196 matre
866 2154 1040 2195 Asteria
1072 2157 1148 2209 est,
1181 2169 1327 2197 sorore
1357 2154 1576 2197 Latonae?
1597 2165 1630 2192 35

243 2214 313 2256 An
343 2213 448 2255 haec
481 2228 648 2268 quoque
681 2213 759 2254 dea
791 2213 885 2256 est?
917 2213 1099 2254 vidimus
1133 2213 1244 2255 enim
1271 2214 1360 2255 eius
1387 2228 1484 2255 aras
1511 2213 1577 2255 de·
1665 2212 1668 2219 '

243 2273 451 2327 lubraque
482 2272 528 2313 in
559 2271 749 2313 Graecia.
811 2270 886 2312 Sin
915 2272 1020 2314 haec
1053 2272 1131 2314 dea
1162 2274 1245 2325 est,
1277 2287 1351 2314 cur
1380 2286 1467 2313 non
1496 2271 1580 2313 Eu-
