1685 2568
376 82 465 119 LIB.
491 82 518 119 Ι.
552 81 652 118 ΟΑΡ.
679 85 828 118 55-57,
855 86 874 124 ἓ
901 85 1098 117 125—130.
1326 82 1411 124 193

70 181 171 222 sunt
202 178 315 220 enim
348 178 509 233 omnia,
550 177 625 219 sed
655 179 849 231 tempore
881 177 1050 218 absunt.
1111 176 1257 242 Atque
1287 180 1336 218 ut
1366 178 1412 219 in

72 237 318 293 seminibus
329 237 410 293 vis
441 237 554 278 inest
585 250 732 278 earum
763 249 924 289 rerum,
962 249 1069 289 quae
1102 249 1153 276 ex
1183 235 1237 276 iis
1269 236 1412 290 progi-

72 298 274 352 gnuntur,
306 287 367 338 sic
397 295 443 349 in
474 294 612 350 causis
640 293 840 348 conditae
872 296 972 343 sunt
996 308 1064 337 res
1089 293 1272 348 futurae,
1304 308 1412 348 quas

72 368 164 396 esse
207 353 377 396 futuras
420 346 502 395 aut
539 344 754 395 concitata
796 367 916 394 mens
961 354 1036 394 aut
1079 352 1224 394 soluta
1261 366 1412 394 somno

35 426 52 452 5
72 412 208 455 cernit
245 415 320 454 aut
352 413 464 454 ratio
497 414 572 454 aut
603 411 847 456 coniectura
877 411 1126 466 praesentit.
1187 410 1332 465 Atque
1364 413 1414 452 ut

27 472 29 474 ’
70 471 122 526 ii,
166 471 239 526 qui
283 471 387 513 solis
426 474 469 512 et
505 471 632 512 lunae
669 470 1017 525 reliquorumque
1055 469 1242 512 siderum
1280 471 1414 523 ortus,

72 530 216 572 obitus
247 532 475 584 motusque
507 531 759 584 cognorunt,
792 543 876 584 quo
909 528 1093 583 quidque
1123 531 1318 583 tempore
1347 542 1413 570 eo-

71 603 166 631 rum
197 587 391 630 futurum
424 588 494 642 sit,
525 588 662 629 multo
695 590 796 629 ante
826 587 1088 642 praedicunt,
1120 587 1193 641 sic,
1225 587 1298 642 qui
1324 601 1414 629 cur-

73 662 167 689 sum
206 661 350 689 rerum
382 649 717 701 eventorumque
749 647 1099 701 consequentiam
1131 646 1415 687 diuturnitate

20 720 52 745 10
71 708 338 762 pertractata
368 707 641 759 notaverunt,
674 708 748 746 aut
780 719 948 760 semper
980 708 1066 760 aut,
1098 705 1135 746 si
1165 705 1209 746 id
1241 704 1415 746 difficile

73 767 150 819 est,
181 765 452 819 plerumque,
491 764 643 819 quodsi
673 778 726 805 ne
757 763 801 805 id
833 764 1004 819 quidem
1035 763 1297 817 conceditur,
1328 777 1416 805 non

70 838 307 878 numquam
339 825 465 878 certe,
497 823 599 878 quid
628 822 823 864 futurum
849 823 918 877 sit,
949 823 1219 879 intellegunt.
1269 821 1416 876 Atque

71 883 179 924 haec
223 882 393 937 quidem
437 884 480 923 et
519 881 728 936 quaedam
766 881 954 923 eiusdem
993 881 1110 924 modi
1147 884 1417 938 argumenta,

73 956 148 982 cur
181 941 238 982 sit
270 940 490 994 divinatio,
522 942 732 982 ducuntur
765 956 790 982 a
819 940 923 982 fato.

21 1013 54 1038 15
163 1000 203 1041 A
233 1003 390 1041 natuia
422 1002 566 1041 autem
598 999 685 1041 alia
717 999 925 1054 quaedam
957 999 1069 1041 ratio
1102 1000 1180 1054 est,
1212 1013 1320 1054 quae
1346 998 1417 1041 do·
1422 983 1487 1066 ἐξ

75 1061 153 1113 cet,
186 1053 357 1113 quanta
380 1058 437 1099 sit
470 1058 602 1099 animi
627 1058 695 1108 vis
722 1058 914 1100 seiuncta
940 1073 965 1099 a
990 1058 1182 1112 corporis
1209 1057 1418 1112 sensibus,

76 1117 189 1172 quod
226 1117 410 1158 maxime
448 1117 662 1172 contingit
700 1119 775 1157 aut
813 1116 1124 1158 dormientibus
1163 1119 1238 1158 aut
1275 1118 1419 1158 mente

75 1176 296 1231 permotis.
357 1175 418 1217 Ut
461 1175 576 1216 enim
617 1175 792 1216 deorum
831 1175 964 1216 animi
999 1174 1091 1216 sine
1129 1175 1283 1229 oculis,
1327 1175 1418 1216 sine

76 1235 269 1289 auribus,
312 1234 402 1275 sine
443 1234 593 1289 lingua
633 1233 825 1275 sentiunt
855 1234 968 1274 inter
1001 1248 1063 1289 se,
1104 1233 1206 1288 quid
1239 1233 1419 1288 quisque

22 1307 57 1333 20
77 1294 249 1348 sentiat,
279 1291 349 1348 (ex
381 1307 464 1347 quo
496 1293 558 1346 fit,
590 1294 639 1333 ut
669 1292 876 1346 homines,
909 1292 1039 1334 etiam
1071 1307 1167 1335 cum
1198 1292 1322 1334 taciti
1348 1307 1419 1348 op-

75 1355 169 1394 tent
201 1352 304 1407 quid
336 1354 410 1393 aut
440 1354 638 1405 voveant,
668 1366 756 1393 non
781 1351 989 1406 dubitent,
1021 1351 1125 1406 quin
1151 1351 1193 1392 di
1217 1351 1326 1393 illud
1353 1366 1419 1393 ex—

76 1409 271 1467 audiant)
310 1410 370 1452 sic
409 1410 540 1452 animi
577 1410 819 1464 hominum,
862 1425 958 1452 cum
996 1412 1071 1452 aut
1103 1424 1254 1452 somno
1280 1410 1419 1452 rsoluti

76 1472 232 1513 vacant
269 1484 447 1525 corpore
485 1471 560 1510 aut
598 1472 740 1510 mente
774 1469 961 1524 permoti
991 1483 1069 1525 per
1100 1483 1145 1511 se
1176 1469 1262 1525 ipsi
1292 1469 1420 1511 liberi

76 1529 245 1572 incitati
277 1531 514 1583 moventur,
546 1530 726 1571 cermmt
755 1542 816 1583 ea,
848 1543 956 1583 quae
981 1528 1184 1583 permixti
1209 1543 1306 1571 cum
1331 1542 1420 1570 cor-

43 1601 180 1644 5pore
213 1587 346 1629 animi
376 1587 518 1629 videre
549 1602 636 1629 non
667 1589 861 1642 possunt.
916 1586 1061 1642 Atque
1092 1587 1204 1629 hanc
1236 1587 1408 1642 quidem
1425 1593 1490 1625 130

76 1647 290 1689 rationem
320 1649 500 1688 naturae
533 1646 705 1688 difficile
737 1649 803 1688 est
833 1646 1018 1688 fortasse
1049 1646 1273 1688 traducere
1299 1646 1354 1687 ad
1377 1645 1422 1687 id

78 1720 213 1763 genus
251 1705 547 1760 divinationis,
585 1705 699 1760 quod
736 1719 786 1746 ex
824 1707 918 1747 arte
954 1705 1197 1761 profectum
1229 1704 1421 1758 dicimus,

79 1764 154 1807 sed
183 1767 330 1806 tamen
360 1764 404 1805 id
436 1778 604 1819 quoque
634 1764 834 1819 rimatur,
870 1767 1078 1820 quantum
1108 1765 1272 1819 potest,
1301 1763 1421 1806 Posi-

80 1823 242 1865 donius.
303 1823 411 1865 Esse
443 1825 588 1865 censet
618 1823 663 1864 in
692 1825 850 1865 natura
880 1823 1006 1879 signa
1038 1823 1247 1878 quaedam
1277 1837 1422 1864 rerum
1455 1838 1526 1847 -Χ

30 1895 62 1920 30
80 1882 334 1925 futurarum.
394 1881 569 1924 Etenim
601 1880 710 1924 Ceos
742 1882 983 1937 accepimus
1015 1884 1160 1924 ortum
1191 1880 1422 1924 Caniculae

82 1941 310 1997 diligenter
342 1941 572 1996 quotannis
599 1941 737 1983 solere
763 1955 934 1983 servare
960 1941 1334 1996 coniecturamque
1356 1955 1422 1983 ca—

80 2014 193 2056 pere,
224 2002 272 2041 ut
303 2000 453 2042 scribit
478 1999 681 2042 Ponticus
700 1998 964 2055 Heraclides,
996 1999 1238 2042 salubrisne
1270 2014 1325 2042 an
1352 2013 1422 2055 pe-

45 2073 52 2080 ·
81 2058 233 2100 stilens
266 2072 401 2100 annus
431 2059 602 2100 futurus
636 2058 703 2100 sit.
763 2058 878 2101 Nam
910 2059 948 2101 si
979 2058 1201 2101 obscurior
1231 2061 1269 2100 et
1299 2058 1422 2113 quasi

81 2117 320 2173 caliginosa
357 2117 485 2159 stella
521 2118 730 2171 extiterit,
767 2118 927 2174 pingue
965 2120 1008 2160 et
1045 2120 1292 2160 concretum
1330 2131 1421 2158 esse

83 2176 265 2230 caelum,
302 2177 352 2217 ut
387 2176 476 2217 eius
516 2176 751 2232 adspiratio
784 2177 929 2232 gravis
962 2179 1006 2219 et
1036 2177 1244 2232 pestilens
1275 2175 1422 2217 futura

83 2235 158 2290 sit3
191 2235 258 2276 sin
287 2234 483 2276 inlustris
515 2237 558 2276 et
588 2235 806 2290 perlucida
839 2236 966 2287 stella
998 2235 1259 2291 apparuerit,
1293 2233 1417 2290 signi·

81 2293 405 2336 ficari-caelum
442 2307 535 2335 esse
572 2296 700 2336 tenue
736 2309 975 2350 purumque
1014 2297 1057 2336 et
1097 2296 1327 2349 propterea
1359 2306 1421 2333 sa-

155 2368 226 2396 010.
246 2369 300 2396 1v.
319 2370 344 2395 2.
1093 2367 1136 2397 13
