1685 2568
235 59 322 100 404
352 50 358 55 '
759 61 821 96 DE
849 62 1053 98 LEGIBUS

562 253 624 299 M.
665 252 876 298 TULLII
914 252 1240 300 CICERONIS

479 368 539 430 D
579 369 632 431 Ε
738 369 791 431 L
829 369 882 431 E
923 368 982 432 Gr
1017 369 1051 432 I
1088 370 1141 432 B
1179 370 1240 434 U
1279 368 1321 433 S

624 498 805 536 LIBER
844 498 1175 538 SECUNDUS.

705 686 1096 725 ARGUMENTUM.

327 775 417 810 Cum
441 775 498 809 ius
524 785 631 828 omne
654 774 714 809 vel
734 774 903 809 divinum
922 774 972 809 sit
989 774 1051 810 vel
1068 775 1281 819 humanum,
1307 776 1424 812 divini
1443 779 1567 813 autem

230 822 352 868 prima
375 821 583 857 necessario
610 822 745 856 debeat
770 832 850 856 esse
877 833 974 865 cura,
1000 822 1046 856 ab
1065 821 1138 857 hoc
1155 822 1288 857 merito
1308 823 1458 859 initium
1477 825 1568 860 fecit

233 869 361 904 Cicero
396 871 586 913 totamque
621 868 894 913 religionem
928 869 999 903 1100
1033 868 1129 904 111110
1162 870 1366 905 constituit.
1417 871 1568 917 Repetit

231 918 355 951 autem
382 916 673 961 disputationem
697 916 744 950 ab
770 917 920 951 aeterna
944 915 1011 950 illa
1036 917 1074 950 et
1099 927 1242 951 summa
1266 916 1366 961 lege,
1393 929 1486 962 quae
1512 920 1569 954 est

230 963 328 998 ratio
347 963 475 998 divina
494 965 531 998 et
549 963 720 1005 humana,
740 964 829 1007 apta
847 962 894 997 ad
913 963 1114 997 vetandum
1134 964 1172 998 et
1190 945 1390 998 iubenduin
1411 967 1504 1010 (cap.
1519 968 1565 1011 4).

230 1009 375 1045 Deinde
414 1011 533 1056 ipsam
570 1010 746 1055 proponit
778 1010 899 1054 legem
934 1021 952 1044 e
985 1009 1130 1054 legibus
1162 1010 1304 1045 Numae
1337 1013 1374 1046 et
1404 1012 1567 1047 moribus

230 1056 406 1092 Romanis
433 1057 581 1092 ductam
609 1062 701 1110 (cap.
729 1060 768 1100 8,
795 1062 830 1100 9)
855 1057 1057 1102 praemisso
1082 1057 1273 1102 prooemio
1299 1057 1343 1092 de
1370 1058 1431 1103 leg
1433 1059 1464 1093 is
1489 1059 1565 1094 lau—

231 1104 340 1139 dibus
365 1104 484 1149 iisque
510 1104 671 1150 propriis
697 1104 842 1149 generis
869 1103 926 1138 sui
951 1108 1044 1149 (cap.
1066 1108 1111 1148 7).
1157 1104 1315 1158 Reliqua
1339 1107 1463 1140 autem
1481 1117 1566 1151 pars

229 1151 317 1187 libri
348 1152 516 1187 versatur
547 1151 585 1186 111
616 1151 689 1185 ista
720 1151 802 1195 lege
835 1150 1055 1196 explicanda
1086 1152 1124 1185 et
1149 1151 1254 1196 quasi
1279 1152 1483 1197 suadenda,
1515 1155 1565 1195 ut,

231 1198 363 1243 quibus
389 1199 434 1233 de
461 1198 582 1233 causis
608 1209 774 1243 quaeque
800 1198 893 1243 legis
919 1209 1004 1243 pars
1024 1198 1211 1243 probetur,
1236 1198 1486 1244 intellegatur.
1525 1182 1566 1235 111

230 1257 303 1290 quo
334 1256 409 1281 11011
435 1245 553 1281 8010111
578 1245 772 1280 Platonem
798 1245 965 1289 aliosque
992 1244 1152 1279 Graecos
1177 1245 1420 1290 philosophos
1446 1246 1567 1281 imita-

229 1294 300 1335 tur,
327 1292 390 1337 qui
416 1292 461 1327 de
486 1292 631 1338 legibus
657 1291 885 1337 scripserunt
908 1293 956 1335 (v,
977 1292 1042 1326 lib.
1063 1292 1116 1326 III
1136 1303 1214 1338 cap.
1235 1297 1268 1337 5,
1295 1298 1342 1335 6),
1370 1293 1433 1328 sed
1453 1293 1566 1328 etiam

230 1339 536 1375 consuetudinem
554 1339 838 1384 magistratuum
859 1338 1120 1382 Romanorum,
1146 1339 1210 1383 qui
1229 1339 1268 1374 in
1287 1339 1431 1384 legibus
1450 1340 1566 1376 feren-

230 1386 288 1421 dis
312 1387 561 1432 rogandisque
579 1387 739 1432 primum
758 1386 804 1421 de
823 1386 995 1420 universa
1014 1385 1138 1430 legum
1157 1386 1266 1421 laude
1286 1387 1325 1421 et
1343 1387 1564 1422 necessitate

229 1433 369 1477 dicere,
408 1434 542 1469 deinde
580 1444 603 1468 a
638 1443 821 1479 praecone
856 1432 977 1468 scriba
1009 1432 1214 1468 subiciente
1248 1433 1397 1468 recitari
1432 1434 1565 1479 legem,

227 1482 324 1524 tum,
362 1480 426 1516 ubi
462 1481 647 1524 docendo,
686 1480 906 1526 explicando
940 1479 1217 1524 rationibusque
1249 1480 1458 1515 adferendis
1485 1492 1566 1516 eam

230 1530 432 1569 suaserant,
458 1528 639 1573 populum
665 1527 854 1562 discedere
881 1528 919 1562 et
943 1526 1041 1562 datis
1066 1526 1216 1562 tabellis
1241 1527 1280 1561 in
1299 1538 1366 1562 sua
1383 1539 1564 1573 quemque

227 1575 327 1610 tribu
354 1574 568 1620 suffragium
587 1575 683 1610 ferre
701 1574 827 1610 iubere
848 1576 1117 1609 consueverant
1133 1574 1214 1618 (lib.
1234 1574 1287 1609 ΠΙ
1307 1585 1375 1620 cap
1406 1579 1429 1610 4
1448 1576 1552 1620 extr.)

176 1721 200 1804 li
315 1742 499 1784 Arma-us.
537 1739 620 1783 Sed
651 1741 783 1795 visne,
816 1740 1018 1795 quoniam
1050 1743 1093 1781 et
1125 1740 1231 1781 satis
1262 1740 1349 1782 iam
1376 1741 1565 1783 ambula-

228 1802 321 1841 tum
358 1802 424 1841 est
461 1802 504 1842 et
541 1800 623 1841 tibi
658 1800 774 1841 aliud
805 1799 970 1841 dicendi
1000 1799 1173 1840 initium
1205 1799 1456 1841 sumendum
1488 1803 1564 1854 est,

227 1859 368 1900 locum
412 1860 626 1901 mutemus
671 1861 714 1900 et
756 1858 801 1900 111
842 1858 1001 1912 insula,
1045 1872 1153 1912 quae
1197 1860 1263 1899 est
1298 1858 1344 1899 111
1379 1857 1563 1900 Fibreno

228 1916 364 1973 (nam,
404 1917 574 1973 opinor,
614 1918 659 1959 id
692 1917 759 1958 illi
796 1917 921 1958 alteri
958 1916 1123 1958 flumini
1153 1930 1310 1958 nomen
1341 1917 1443 1972 est),
1481 1931 1564 1959 ser-

226 1975 344 2018 moni
380 1976 546 2030 reliquo
579 1976 726 2018 demus
759 1990 932 2030 operam
965 1975 1189 2017 sedentes?
1238 1976 1302 2018 M.
1333 1973 1443 2017 Sane
1475 1976 1563 2030 qui·
1583 1988 1598 2012 5

228 2035 340 2089 dem3
376 2048 478 2075 nam
514 2035 591 2076 illo
629 2035 723 2077 1000
758 2034 1041 2076 libentissime
1073 2034 1190 2076 soleo
1222 2033 1303 2087 uti,
1342 2034 1431 2076 sive
1463 2034 1564 2089 quid

181 2102 201 2133 2
228 2107 394 2136 mecum
418 2093 511 2148 ipse
530 2093 673 2149 cogito
695 2093 784 2135 sive
807 2094 916 2146 [aut]
939 2092 1040 2147 quid
1059 2093 1199 2134 scribo
1220 2095 1295 2134 aut
1314 2092 1423 2148 lego.
1463 2093 1563 2135 Ars.

226 2151 453 2206 Equidem,
492 2151 565 2206 qui
600 2166 712 2194 nunc
748 2152 1023 2207 potissimum
1054 2151 1138 2194 1100
1168 2152 1376 2206 venerim,
1414 2151 1563 2193 satiari

225 2225 312 2252 non
338 2225 445 2265 queo
472 2211 806 2266 magnificasque
831 2210 959 2252 villas
986 2212 1028 2251 et
1054 2210 1301 2265 pavimenta
1323 2224 1563 2252 marmorea
1649 2249 1650 2263 2

227 2272 269 2310 et
311 2269 511 2324 laqueata
553 2271 668 2311 tecta
710 2272 954 2321 contem1103
1006 2269 1156 2310 ductus
1199 2283 1300 2310 vero
1344 2283 1562 2323 aquarum,
1583 2280 1615 2305 10
1649 2269 1650 2277 ¹
