<?xml version="1.0" encoding="UTF-8"?>
<!DOCTYPE html PUBLIC "-//W3C//DTD XHTML 1.0 Transitional//EN"
    "http://www.w3.org/TR/xhtml1/DTD/xhtml1-transitional.dtd">
<html xmlns="http://www.w3.org/1999/xhtml" xml:lang="en" lang="en">
 <head>
  <title>
</title>
<meta http-equiv="Content-Type" content="text/html;charset=utf-8" />
  <meta name='ocr-system' content='tesseract 3.04.00' />
  <meta name='ocr-capabilities' content='ocr_page ocr_carea ocr_par ocr_line ocrx_word'/>
</head>
<body>
  <div class='ocr_page' id='page_1' title='image "./p2scriptaquaemanse04ciceuoft_0378.png"; bbox 0 0 1685 2568; ppageno 0'>
   <div class='ocr_carea' id='block_1_1' title="bbox 190 625 247 708">
    <p class='ocr_par' dir='ltr' id='par_1_1' title="bbox 190 625 247 708">
     <span class='ocr_line' id='line_1_1' title="bbox 191 625 247 666; baseline -0.018 0"><span class='ocrx_word' id='word_1_1' title='bbox 191 625 247 666; x_wconf 83' lang='lat'>34</span> 
     </span>
     <span class='ocr_line' id='line_1_2' title="bbox 190 676 235 708; baseline -0.022 0"><span class='ocrx_word' id='word_1_2' title='bbox 190 676 235 708; x_wconf 84' lang='lat'>59</span> 
     </span>
    </p>
   </div>
   <div class='ocr_carea' id='block_1_2' title="bbox 191 1736 248 1818">
    <p class='ocr_par' dir='ltr' id='par_1_2' title="bbox 191 1736 248 1818">
     <span class='ocr_line' id='line_1_3' title="bbox 191 1736 248 1777; baseline 0 0"><span class='ocrx_word' id='word_1_3' title='bbox 191 1736 248 1777; x_wconf 81' lang='lat'>35</span> 
     </span>
     <span class='ocr_line' id='line_1_4' title="bbox 192 1788 236 1818; baseline 0 0"><span class='ocrx_word' id='word_1_4' title='bbox 192 1788 236 1818; x_wconf 87' lang='lat'>60</span> 
     </span>
    </p>
   </div>
   <div class='ocr_carea' id='block_1_3' title="bbox 261 126 1118 168">
    <p class='ocr_par' dir='ltr' id='par_1_3' title="bbox 261 126 1118 168">
     <span class='ocr_line' id='line_1_5' title="bbox 261 126 1118 168; baseline 0.001 -8"><span class='ocrx_word' id='word_1_5' title='bbox 261 127 346 168; x_wconf 79' lang='grc'>326</span> <span class='ocrx_word' id='word_1_6' title='bbox 735 126 800 160; x_wconf 82' lang='lat' dir='ltr'>DE</span> <span class='ocrx_word' id='word_1_7' title='bbox 824 126 888 160; x_wconf 82' lang='lat' dir='ltr'>RE</span> <span class='ocrx_word' id='word_1_8' title='bbox 913 126 1118 161; x_wconf 85' lang='lat' dir='ltr'>PUBLICA</span> 
     </span>
    </p>
   </div>
   <div class='ocr_carea' id='block_1_4' title="bbox 259 221 1685 2392">
    <p class='ocr_par' dir='ltr' id='par_1_4' title="bbox 260 221 1654 630">
     <span class='ocr_line' id='line_1_6' title="bbox 261 221 1595 278; baseline -0.001 -13"><span class='ocrx_word' id='word_1_9' title='bbox 261 223 524 265; x_wconf 86' lang='lat' dir='ltr'>Aventinum</span> <span class='ocrx_word' id='word_1_10' title='bbox 563 222 798 278; x_wconf 87' lang='lat' dir='ltr'>occupavit.</span> <span class='ocrx_word' id='word_1_11' title='bbox 859 222 923 263; x_wconf 90' lang='lat' dir='ltr'>Ac</span> <span class='ocrx_word' id='word_1_12' title='bbox 959 236 1012 263; x_wconf 92' lang='lat' dir='ltr'>ne</span> <span class='ocrx_word' id='word_1_13' title='bbox 1048 221 1234 276; x_wconf 84' lang='lat' dir='ltr'>Lycurgi</span> <span class='ocrx_word' id='word_1_14' title='bbox 1271 222 1441 277; x_wconf 88' lang='lat' dir='ltr'>quidem</span> <span class='ocrx_word' id='word_1_15' title='bbox 1479 222 1595 264; x_wconf 90' lang='lat' dir='ltr'>disci·</span> 
     </span>
     <span class='ocr_line' id='line_1_7' title="bbox 261 279 1600 337; baseline -0.001 -14"><span class='ocrx_word' id='word_1_16' title='bbox 261 282 381 337; x_wconf 88' lang='lat' dir='ltr'>plina</span> <span class='ocrx_word' id='word_1_17' title='bbox 417 282 557 323; x_wconf 90' lang='lat' dir='ltr'>tenuit</span> <span class='ocrx_word' id='word_1_18' title='bbox 593 282 691 323; x_wconf 92' lang='lat' dir='ltr'>illos</span> <span class='ocrx_word' id='word_1_19' title='bbox 728 281 773 321; x_wconf 90' lang='lat' dir='ltr'>in</span> <span class='ocrx_word' id='word_1_20' title='bbox 804 280 1052 322; x_wconf 89' lang='lat' dir='ltr'>hominibus</span> <span class='ocrx_word' id='word_1_21' title='bbox 1085 279 1259 321; x_wconf 85' lang='lat' dir='ltr'>Graecis</span> <span class='ocrx_word' id='word_1_22' title='bbox 1295 280 1458 335; x_wconf 70' lang='lat' dir='ltr'>frenos,</span> <span class='ocrx_word' id='word_1_23' title='bbox 1497 296 1600 323; x_wconf 88' lang='lat' dir='ltr'>nam</span> 
     </span>
     <span class='ocr_line' id='line_1_8' title="bbox 262 338 1600 396; baseline -0.002 -13"><span class='ocrx_word' id='word_1_24' title='bbox 262 341 392 383; x_wconf 89' lang='lat' dir='ltr'>etiam</span> <span class='ocrx_word' id='word_1_25' title='bbox 428 340 608 396; x_wconf 82' lang='lat' dir='ltr'>Spartae</span> <span class='ocrx_word' id='word_1_26' title='bbox 646 341 854 394; x_wconf 73' lang='lat' dir='ltr'>regnante</span> <span class='ocrx_word' id='word_1_27' title='bbox 886 338 1164 393; x_wconf 84' lang='lat' dir='ltr'>Theopompo</span> <span class='ocrx_word' id='word_1_28' title='bbox 1204 341 1304 380; x_wconf 89' lang='lat' dir='ltr'>sunt</span> <span class='ocrx_word' id='word_1_29' title='bbox 1340 339 1444 380; x_wconf 90' lang='lat' dir='ltr'>item</span> <span class='ocrx_word' id='word_1_30' title='bbox 1481 339 1600 394; x_wconf 87' lang='lat' dir='ltr'>quin—</span> 
     </span>
     <span class='ocr_line' id='line_1_9' title="bbox 261 396 1600 454; baseline -0.001 -13"><span class='ocrx_word' id='word_1_31' title='bbox 261 414 361 454; x_wconf 93' lang='lat' dir='ltr'>que,</span> <span class='ocrx_word' id='word_1_32' title='bbox 406 414 510 454; x_wconf 92' lang='lat' dir='ltr'>quos</span> <span class='ocrx_word' id='word_1_33' title='bbox 554 398 620 439; x_wconf 96' lang='grc'><strong>1111</strong></span> <span class='ocrx_word' id='word_1_34' title='bbox 662 397 880 452; x_wconf 81' lang='lat' dir='ltr'>ephoros</span> <span class='ocrx_word' id='word_1_35' title='bbox 925 397 1164 451; x_wconf 89' lang='lat' dir='ltr'>appellant,</span> <span class='ocrx_word' id='word_1_36' title='bbox 1207 398 1253 439; x_wconf 90' lang='lat' dir='ltr'>in</span> <span class='ocrx_word' id='word_1_37' title='bbox 1289 396 1419 439; x_wconf 81' lang='lat' dir='ltr'>Creta</span> <span class='ocrx_word' id='word_1_38' title='bbox 1456 400 1600 439; x_wconf 89' lang='lat' dir='ltr'>autem</span> 
     </span>
     <span class='ocr_line' id='line_1_10' title="bbox 261 457 1654 511; baseline -0.002 -11"><span class='ocrx_word' id='word_1_39' title='bbox 261 459 423 511; x_wconf 90' lang='lat' dir='ltr'>decem,</span> <span class='ocrx_word' id='word_1_40' title='bbox 467 457 540 511; x_wconf 92' lang='lat' dir='ltr'>qui</span> <span class='ocrx_word' id='word_1_41' title='bbox 583 470 782 498; x_wconf 91' lang='lat' dir='ltr'>cosmoe</span> <span class='ocrx_word' id='word_1_42' title='bbox 826 458 1051 509; x_wconf 87' lang='lat' dir='ltr'>vocantur,</span> <span class='ocrx_word' id='word_1_43' title='bbox 1093 458 1142 497; x_wconf 92' lang='lat' dir='ltr'>ut</span> <span class='ocrx_word' id='word_1_44' title='bbox 1186 458 1337 498; x_wconf 89' lang='lat' dir='ltr'>contra</span> <span class='ocrx_word' id='word_1_45' title='bbox 1376 457 1600 498; x_wconf 88' lang='lat' dir='ltr'>consulare</span> <span class='ocrx_word' id='word_1_46' title='bbox 1637 465 1654 492; x_wconf 73' lang='grc' dir='ltr'><strong>ὁ</strong></span> 
     </span>
     <span class='ocr_line' id='line_1_11' title="bbox 260 514 1600 570; baseline -0.001 -12"><span class='ocrx_word' id='word_1_47' title='bbox 260 535 296 568; x_wconf 86' lang='lat' dir='ltr'>p.</span> <span class='ocrx_word' id='word_1_48' title='bbox 325 518 409 569; x_wconf 87' lang='lat'>191]</span> <span class='ocrx_word' id='word_1_49' title='bbox 442 515 669 570; x_wconf 91' lang='lat' dir='ltr'>imperium</span> <span class='ocrx_word' id='word_1_50' title='bbox 706 514 871 555; x_wconf 88' lang='lat' dir='ltr'>tribuni</span> <span class='ocrx_word' id='word_1_51' title='bbox 908 514 984 570; x_wconf 92' lang='lat' dir='ltr'>pl.,</span> <span class='ocrx_word' id='word_1_52' title='bbox 1021 514 1082 556; x_wconf 91' lang='grc'>810</span> <span class='ocrx_word' id='word_1_53' title='bbox 1112 514 1180 555; x_wconf 92' lang='grc'><strong>1111</strong></span> <span class='ocrx_word' id='word_1_54' title='bbox 1210 517 1360 556; x_wconf 86' lang='lat' dir='ltr'>contra</span> <span class='ocrx_word' id='word_1_55' title='bbox 1390 514 1478 556; x_wconf 87' lang='lat' dir='ltr'>vim</span> <span class='ocrx_word' id='word_1_56' title='bbox 1507 514 1512 569; x_wconf 93' lang='grc' dir='ltr'>Ι</span> <span class='ocrx_word' id='word_1_57' title='bbox 1539 529 1600 556; x_wconf 90' lang='lat' dir='ltr'>re-</span> 
     </span>
     <span class='ocr_line' id='line_1_12' title="bbox 262 574 647 630; baseline -0.003 -15"><span class='ocrx_word' id='word_1_58' title='bbox 262 575 378 630; x_wconf 83' lang='lat' dir='ltr'>giam</span> <span class='ocrx_word' id='word_1_59' title='bbox 411 574 647 616; x_wconf 89' lang='lat' dir='ltr'>constituti.</span> 
     </span>
    </p>

    <p class='ocr_par' dir='ltr' id='par_1_5' title="bbox 259 631 1653 982">
     <span class='ocr_line' id='line_1_13' title="bbox 348 631 1653 687; baseline 0 -13"><span class='ocrx_word' id='word_1_60' title='bbox 348 632 550 687; x_wconf 88' lang='lat' dir='ltr'>†Fuerat</span> <span class='ocrx_word' id='word_1_61' title='bbox 579 632 764 674; x_wconf 85' lang='lat' dir='ltr'>fortasse</span> <span class='ocrx_word' id='word_1_62' title='bbox 797 632 942 686; x_wconf 86' lang='lat' dir='ltr'>aliqua</span> <span class='ocrx_word' id='word_1_63' title='bbox 966 631 1078 674; x_wconf 89' lang='lat' dir='ltr'>ratio</span> <span class='ocrx_word' id='word_1_64' title='bbox 1109 631 1343 673; x_wconf 89' lang='lat' dir='ltr'>maioribus</span> <span class='ocrx_word' id='word_1_65' title='bbox 1368 632 1531 673; x_wconf 89' lang='lat' dir='ltr'>nostris</span> <span class='ocrx_word' id='word_1_66' title='bbox 1555 631 1602 674; x_wconf 89' lang='lat' dir='ltr'>in</span> <span class='ocrx_word' id='word_1_67' title='bbox 1652 664 1653 668; x_wconf 64' lang='lat'>,</span> 
     </span>
     <span class='ocr_line' id='line_1_14' title="bbox 260 689 1601 745; baseline -0.001 -11"><span class='ocrx_word' id='word_1_68' title='bbox 260 692 337 734; x_wconf 89' lang='lat' dir='ltr'>illo</span> <span class='ocrx_word' id='word_1_69' title='bbox 376 706 472 734; x_wconf 91' lang='lat' dir='ltr'>aere</span> <span class='ocrx_word' id='word_1_70' title='bbox 505 691 644 733; x_wconf 89' lang='lat' dir='ltr'>alieno</span> <span class='ocrx_word' id='word_1_71' title='bbox 677 690 888 743; x_wconf 88' lang='lat' dir='ltr'>medendi,</span> <span class='ocrx_word' id='word_1_72' title='bbox 927 705 1034 745; x_wconf 85' lang='lat' dir='ltr'>quae</span> <span class='ocrx_word' id='word_1_73' title='bbox 1064 705 1202 745; x_wconf 87' lang='lat' dir='ltr'>neque</span> <span class='ocrx_word' id='word_1_74' title='bbox 1235 689 1437 732; x_wconf 82' lang='lat' dir='ltr'>Solonem</span> <span class='ocrx_word' id='word_1_75' title='bbox 1469 690 1601 732; x_wconf 88' lang='lat' dir='ltr'>Athe-</span> 
     </span>
     <span class='ocr_line' id='line_1_15' title="bbox 259 749 1653 805; baseline -0.001 -13"><span class='ocrx_word' id='word_1_76' title='bbox 259 751 451 792; x_wconf 90' lang='lat' dir='ltr'>niensem</span> <span class='ocrx_word' id='word_1_77' title='bbox 494 765 581 791; x_wconf 92' lang='lat' dir='ltr'>non</span> <span class='ocrx_word' id='word_1_78' title='bbox 622 749 765 805; x_wconf 80' lang='lat' dir='ltr'>longis</span> <span class='ocrx_word' id='word_1_79' title='bbox 808 749 1074 804; x_wconf 74' lang='lat' dir='ltr'>temporibus</span> <span class='ocrx_word' id='word_1_80' title='bbox 1119 752 1217 790; x_wconf 91' lang='lat' dir='ltr'>ante</span> <span class='ocrx_word' id='word_1_81' title='bbox 1253 749 1426 805; x_wconf 85' lang='lat' dir='ltr'>fugerat</span> <span class='ocrx_word' id='word_1_82' title='bbox 1462 764 1600 804; x_wconf 90' lang='lat' dir='ltr'>neque</span> <span class='ocrx_word' id='word_1_83' title='bbox 1620 761 1653 786; x_wconf 88' lang='lat'>10</span> 
     </span>
     <span class='ocr_line' id='line_1_16' title="bbox 260 810 1602 865; baseline -0.001 -14"><span class='ocrx_word' id='word_1_84' title='bbox 260 812 360 865; x_wconf 87' lang='lat' dir='ltr'>post</span> <span class='ocrx_word' id='word_1_85' title='bbox 399 810 621 863; x_wconf 89' lang='lat' dir='ltr'>aliquanto</span> <span class='ocrx_word' id='word_1_86' title='bbox 658 811 856 849; x_wconf 88' lang='lat' dir='ltr'>nostrum</span> <span class='ocrx_word' id='word_1_87' title='bbox 895 810 1109 862; x_wconf 87' lang='lat' dir='ltr'>senatum,</span> <span class='ocrx_word' id='word_1_88' title='bbox 1153 823 1248 849; x_wconf 90' lang='lat' dir='ltr'>cum</span> <span class='ocrx_word' id='word_1_89' title='bbox 1286 811 1386 849; x_wconf 89' lang='lat' dir='ltr'>sunt</span> <span class='ocrx_word' id='word_1_90' title='bbox 1423 811 1602 863; x_wconf 89' lang='lat' dir='ltr'>propter</span> 
     </span>
     <span class='ocr_line' id='line_1_17' title="bbox 260 866 1603 910; baseline -0.001 0"><span class='ocrx_word' id='word_1_91' title='bbox 260 869 385 910; x_wconf 90' lang='lat' dir='ltr'>unius</span> <span class='ocrx_word' id='word_1_92' title='bbox 425 867 649 909; x_wconf 83' lang='lat' dir='ltr'>libidinem</span> <span class='ocrx_word' id='word_1_93' title='bbox 688 867 832 908; x_wconf 88' lang='lat' dir='ltr'>omnia</span> <span class='ocrx_word' id='word_1_94' title='bbox 868 881 977 908; x_wconf 85' lang='lat' dir='ltr'>nexa</span> <span class='ocrx_word' id='word_1_95' title='bbox 1015 866 1170 908; x_wconf 87' lang='lat' dir='ltr'>civium</span> <span class='ocrx_word' id='word_1_96' title='bbox 1208 867 1394 908; x_wconf 86' lang='lat' dir='ltr'>liberata</span> <span class='ocrx_word' id='word_1_97' title='bbox 1424 867 1603 909; x_wconf 89' lang='lat' dir='ltr'>nectier-</span> 
     </span>
     <span class='ocr_line' id='line_1_18' title="bbox 261 925 1602 982; baseline -0.001 -14"><span class='ocrx_word' id='word_1_98' title='bbox 261 942 342 982; x_wconf 89' lang='lat' dir='ltr'>que</span> <span class='ocrx_word' id='word_1_99' title='bbox 374 929 525 981; x_wconf 91' lang='lat' dir='ltr'>postea</span> <span class='ocrx_word' id='word_1_100' title='bbox 557 926 758 980; x_wconf 72' lang='lat' dir='ltr'>desitum,</span> <span class='ocrx_word' id='word_1_101' title='bbox 791 939 1043 980; x_wconf 85' lang='lat' dir='ltr'>semperque</span> <span class='ocrx_word' id='word_1_102' title='bbox 1074 925 1173 967; x_wconf 87' lang='lat' dir='ltr'>huic</span> <span class='ocrx_word' id='word_1_103' title='bbox 1205 925 1362 981; x_wconf 80' lang='lat' dir='ltr'>generi,</span> <span class='ocrx_word' id='word_1_104' title='bbox 1395 941 1490 967; x_wconf 90' lang='lat' dir='ltr'>cum</span> <span class='ocrx_word' id='word_1_105' title='bbox 1515 926 1602 981; x_wconf 93' lang='lat' dir='ltr'>ple-</span> 
     </span>
    </p>

    <p class='ocr_par' dir='ltr' id='par_1_6' title="bbox 260 982 1656 1746">
     <span class='ocr_line' id='line_1_19' title="bbox 260 982 1602 1040; baseline -0.001 -13"><span class='ocrx_word' id='word_1_106' title='bbox 260 1005 296 1037; x_wconf 90' lang='lat' dir='ltr'>p.</span> <span class='ocrx_word' id='word_1_107' title='bbox 325 987 410 1038; x_wconf 78' lang='lat'>192]</span> <span class='ocrx_word' id='word_1_108' title='bbox 442 986 517 1027; x_wconf 89' lang='lat' dir='ltr'>bes</span> <span class='ocrx_word' id='word_1_109' title='bbox 550 985 723 1040; x_wconf 89' lang='lat' dir='ltr'>publica</span> <span class='ocrx_word' id='word_1_110' title='bbox 754 984 999 1026; x_wconf 74' lang='lat' dir='ltr'>calamitate</span> <span class='ocrx_word' id='word_1_111' title='bbox 1030 984 1242 1039; x_wconf 87' lang='lat' dir='ltr'>inpendiis</span> <span class='ocrx_word' id='word_1_112' title='bbox 1269 982 1508 1039; x_wconf 71' lang='lat' dir='ltr'>de3bilitata</span> <span class='ocrx_word' id='word_1_113' title='bbox 1534 984 1602 1026; x_wconf 89' lang='lat' dir='ltr'>de-</span> 
     </span>
     <span class='ocr_line' id='line_1_20' title="bbox 260 1043 1655 1098; baseline -0.001 -12"><span class='ocrx_word' id='word_1_114' title='bbox 260 1045 423 1098; x_wconf 86' lang='lat' dir='ltr'>ficeret,</span> <span class='ocrx_word' id='word_1_115' title='bbox 474 1044 627 1086; x_wconf 89' lang='lat' dir='ltr'>salutis</span> <span class='ocrx_word' id='word_1_116' title='bbox 678 1043 868 1085; x_wconf 91' lang='lat' dir='ltr'>omnium</span> <span class='ocrx_word' id='word_1_117' title='bbox 912 1057 1040 1084; x_wconf 86' lang='lat' dir='ltr'>causa</span> <span class='ocrx_word' id='word_1_118' title='bbox 1085 1043 1229 1097; x_wconf 89' lang='lat' dir='ltr'>aliqua</span> <span class='ocrx_word' id='word_1_119' title='bbox 1272 1043 1514 1085; x_wconf 85' lang='lat' dir='ltr'>sublevatio</span> <span class='ocrx_word' id='word_1_120' title='bbox 1560 1045 1603 1084; x_wconf 91' lang='lat' dir='ltr'>et</span> <span class='ocrx_word' id='word_1_121' title='bbox 1622 1055 1655 1081; x_wconf 88' lang='lat'>15</span> 
     </span>
     <span class='ocr_line' id='line_1_21' title="bbox 261 1101 1601 1158; baseline -0.001 -13"><span class='ocrx_word' id='word_1_122' title='bbox 261 1103 471 1145; x_wconf 89' lang='lat' dir='ltr'>medicina</span> <span class='ocrx_word' id='word_1_123' title='bbox 503 1102 699 1158; x_wconf 88' lang='lat' dir='ltr'>quaesita</span> <span class='ocrx_word' id='word_1_124' title='bbox 724 1104 801 1143; x_wconf 90' lang='lat' dir='ltr'>est.</span> <span class='ocrx_word' id='word_1_125' title='bbox 850 1101 942 1150; x_wconf 79' lang='lat' dir='ltr'>Quo</span> <span class='ocrx_word' id='word_1_126' title='bbox 969 1104 1063 1143; x_wconf 91' lang='lat' dir='ltr'>tum</span> <span class='ocrx_word' id='word_1_127' title='bbox 1090 1102 1269 1143; x_wconf 87' lang='lat' dir='ltr'>consilio</span> <span class='ocrx_word' id='word_1_128' title='bbox 1295 1102 1601 1157; x_wconf 89' lang='lat' dir='ltr'>praetermisso</span> 
     </span>
     <span class='ocr_line' id='line_1_22' title="bbox 261 1160 1602 1217; baseline -0.002 -13"><span class='ocrx_word' id='word_1_129' title='bbox 261 1177 391 1204; x_wconf 87' lang='grc'><strong>001180</strong></span> <span class='ocrx_word' id='word_1_130' title='bbox 422 1162 583 1217; x_wconf 90' lang='lat' dir='ltr'>populo</span> <span class='ocrx_word' id='word_1_131' title='bbox 614 1163 718 1202; x_wconf 90' lang='lat' dir='ltr'>nata</span> <span class='ocrx_word' id='word_1_132' title='bbox 750 1163 827 1214; x_wconf 90' lang='lat' dir='ltr'>est,</span> <span class='ocrx_word' id='word_1_133' title='bbox 860 1161 1025 1202; x_wconf 92' lang='lat' dir='ltr'>duobus</span> <span class='ocrx_word' id='word_1_134' title='bbox 1057 1160 1241 1201; x_wconf 88' lang='lat' dir='ltr'>tribunis</span> <span class='ocrx_word' id='word_1_135' title='bbox 1274 1161 1413 1216; x_wconf 91' lang='lat' dir='ltr'>plebis</span> <span class='ocrx_word' id='word_1_136' title='bbox 1439 1175 1516 1216; x_wconf 90' lang='lat' dir='ltr'>per</span> <span class='ocrx_word' id='word_1_137' title='bbox 1542 1175 1602 1202; x_wconf 91' lang='lat' dir='ltr'>se-</span> 
     </span>
     <span class='ocr_line' id='line_1_23' title="bbox 262 1220 1602 1274; baseline -0.001 -12"><span class='ocrx_word' id='word_1_138' title='bbox 262 1221 469 1262; x_wconf 86' lang='lat' dir='ltr'>ditionem</span> <span class='ocrx_word' id='word_1_139' title='bbox 508 1220 663 1262; x_wconf 87' lang='lat' dir='ltr'>creatis</span> <span class='ocrx_word' id='word_1_140' title='bbox 695 1222 743 1261; x_wconf 93' lang='lat' dir='ltr'>ut</span> <span class='ocrx_word' id='word_1_141' title='bbox 775 1220 970 1274; x_wconf 87' lang='lat' dir='ltr'>potentia</span> <span class='ocrx_word' id='word_1_142' title='bbox 1002 1222 1174 1260; x_wconf 89' lang='lat' dir='ltr'>senatus</span> <span class='ocrx_word' id='word_1_143' title='bbox 1208 1222 1336 1274; x_wconf 91' lang='lat' dir='ltr'>atque</span> <span class='ocrx_word' id='word_1_144' title='bbox 1368 1220 1602 1261; x_wconf 87' lang='lat' dir='ltr'>auctoritas</span> 
     </span>
     <span class='ocr_line' id='line_1_24' title="bbox 263 1279 1602 1333; baseline 0 -13"><span class='ocrx_word' id='word_1_145' title='bbox 263 1280 542 1333; x_wconf 73' lang='lat' dir='ltr'>minueretur,</span> <span class='ocrx_word' id='word_1_146' title='bbox 582 1293 689 1333; x_wconf 84' lang='lat' dir='ltr'>quae</span> <span class='ocrx_word' id='word_1_147' title='bbox 727 1281 872 1319; x_wconf 90' lang='lat' dir='ltr'>tamen</span> <span class='ocrx_word' id='word_1_148' title='bbox 912 1279 1055 1333; x_wconf 82' lang='lat' dir='ltr'>gravis</span> <span class='ocrx_word' id='word_1_149' title='bbox 1089 1281 1131 1319; x_wconf 93' lang='lat' dir='ltr'>et</span> <span class='ocrx_word' id='word_1_150' title='bbox 1163 1292 1321 1333; x_wconf 82' lang='lat' dir='ltr'>magna</span> <span class='ocrx_word' id='word_1_151' title='bbox 1351 1279 1602 1320; x_wconf 86' lang='lat' dir='ltr'>remanebat</span> 
     </span>
     <span class='ocr_line' id='line_1_25' title="bbox 261 1337 1656 1393; baseline -0.001 -13"><span class='ocrx_word' id='word_1_152' title='bbox 261 1338 592 1393; x_wconf 84' lang='lat' dir='ltr'>sapientissimis</span> <span class='ocrx_word' id='word_1_153' title='bbox 626 1340 668 1378; x_wconf 91' lang='lat' dir='ltr'>et</span> <span class='ocrx_word' id='word_1_154' title='bbox 698 1337 947 1378; x_wconf 84' lang='lat' dir='ltr'>fortissimis</span> <span class='ocrx_word' id='word_1_155' title='bbox 980 1339 1023 1378; x_wconf 89' lang='lat' dir='ltr'>et</span> <span class='ocrx_word' id='word_1_156' title='bbox 1055 1337 1184 1378; x_wconf 88' lang='lat' dir='ltr'>armis</span> <span class='ocrx_word' id='word_1_157' title='bbox 1218 1340 1260 1378; x_wconf 90' lang='lat' dir='ltr'>et</span> <span class='ocrx_word' id='word_1_158' title='bbox 1292 1337 1472 1379; x_wconf 88' lang='lat' dir='ltr'>consilio</span> <span class='ocrx_word' id='word_1_159' title='bbox 1505 1337 1603 1379; x_wconf 89' lang='lat' dir='ltr'>civi·</span> <span class='ocrx_word' id='word_1_160' title='bbox 1622 1349 1656 1374; x_wconf 84' lang='lat'>20</span> 
     </span>
     <span class='ocr_line' id='line_1_26' title="bbox 260 1394 1603 1450; baseline -0.001 -12"><span class='ocrx_word' id='word_1_161' title='bbox 260 1417 296 1449; x_wconf 86' lang='lat' dir='ltr'>p.</span> <span class='ocrx_word' id='word_1_162' title='bbox 326 1398 410 1449; x_wconf 77' lang='lat'>129]</span> <span class='ocrx_word' id='word_1_163' title='bbox 449 1399 585 1438; x_wconf 90' lang='lat' dir='ltr'>tatem</span> <span class='ocrx_word' id='word_1_164' title='bbox 628 1396 867 1450; x_wconf 87' lang='lat' dir='ltr'>tuentibus,</span> <span class='ocrx_word' id='word_1_165' title='bbox 912 1410 1092 1450; x_wconf 90' lang='lat' dir='ltr'>quorum</span> <span class='ocrx_word' id='word_1_166' title='bbox 1134 1394 1379 1444; x_wconf 76' lang='lat' dir='ltr'>auctolritas</span> <span class='ocrx_word' id='word_1_167' title='bbox 1418 1396 1603 1437; x_wconf 84' lang='lat' dir='ltr'>maxime</span> 
     </span>
     <span class='ocr_line' id='line_1_27' title="bbox 261 1454 1603 1510; baseline -0.001 -13"><span class='ocrx_word' id='word_1_168' title='bbox 261 1456 455 1509; x_wconf 85' lang='lat' dir='ltr'>florebat,</span> <span class='ocrx_word' id='word_1_169' title='bbox 488 1455 613 1509; x_wconf 90' lang='lat' dir='ltr'>quod,</span> <span class='ocrx_word' id='word_1_170' title='bbox 644 1470 739 1496; x_wconf 90' lang='lat' dir='ltr'>cum</span> <span class='ocrx_word' id='word_1_171' title='bbox 765 1454 927 1496; x_wconf 89' lang='lat' dir='ltr'>honore</span> <span class='ocrx_word' id='word_1_172' title='bbox 952 1455 1081 1510; x_wconf 82' lang='lat' dir='ltr'>longe</span> <span class='ocrx_word' id='word_1_173' title='bbox 1108 1455 1412 1496; x_wconf 82' lang='lat' dir='ltr'>antecellerent</span> <span class='ocrx_word' id='word_1_174' title='bbox 1438 1455 1603 1509; x_wconf 90' lang='lat' dir='ltr'>ceteris,</span> 
     </span>
     <span class='ocr_line' id='line_1_28' title="bbox 261 1513 1602 1569; baseline -0.001 -13"><span class='ocrx_word' id='word_1_175' title='bbox 261 1514 559 1569; x_wconf 88' lang='lat' dir='ltr'>voluptatibus</span> <span class='ocrx_word' id='word_1_176' title='bbox 592 1516 715 1555; x_wconf 88' lang='lat' dir='ltr'>erant</span> <span class='ocrx_word' id='word_1_177' title='bbox 745 1513 968 1555; x_wconf 85' lang='lat' dir='ltr'>inferiores</span> <span class='ocrx_word' id='word_1_178' title='bbox 999 1528 1077 1555; x_wconf 90' lang='lat' dir='ltr'>nec</span> <span class='ocrx_word' id='word_1_179' title='bbox 1102 1514 1291 1568; x_wconf 90' lang='lat' dir='ltr'>pecuniis</span> <span class='ocrx_word' id='word_1_180' title='bbox 1317 1513 1451 1555; x_wconf 84' lang='lat' dir='ltr'>ferme</span> <span class='ocrx_word' id='word_1_181' title='bbox 1478 1527 1602 1568; x_wconf 90' lang='lat' dir='ltr'>supe-</span> 
     </span>
     <span class='ocr_line' id='line_1_29' title="bbox 261 1572 1602 1628; baseline -0.001 -14"><span class='ocrx_word' id='word_1_182' title='bbox 261 1574 415 1628; x_wconf 70' lang='lat' dir='ltr'>riores,</span> <span class='ocrx_word' id='word_1_183' title='bbox 447 1587 582 1628; x_wconf 91' lang='lat' dir='ltr'>eoque</span> <span class='ocrx_word' id='word_1_184' title='bbox 613 1574 707 1614; x_wconf 91' lang='lat' dir='ltr'>erat</span> <span class='ocrx_word' id='word_1_185' title='bbox 738 1572 941 1626; x_wconf 87' lang='lat' dir='ltr'>cuiusque</span> <span class='ocrx_word' id='word_1_186' title='bbox 974 1572 1140 1627; x_wconf 82' lang='lat' dir='ltr'>gratior</span> <span class='ocrx_word' id='word_1_187' title='bbox 1170 1572 1214 1613; x_wconf 86' lang='lat' dir='ltr'>in</span> <span class='ocrx_word' id='word_1_188' title='bbox 1245 1587 1291 1613; x_wconf 91' lang='lat' dir='ltr'>re</span> <span class='ocrx_word' id='word_1_189' title='bbox 1322 1572 1497 1627; x_wconf 91' lang='lat' dir='ltr'>publica</span> <span class='ocrx_word' id='word_1_190' title='bbox 1522 1572 1602 1613; x_wconf 90' lang='lat' dir='ltr'>vir-</span> 
     </span>
     <span class='ocr_line' id='line_1_30' title="bbox 261 1630 1656 1687; baseline 0 -14"><span class='ocrx_word' id='word_1_191' title='bbox 261 1635 350 1687; x_wconf 83' lang='lat' dir='ltr'>tus,</span> <span class='ocrx_word' id='word_1_192' title='bbox 394 1632 508 1686; x_wconf 92' lang='lat' dir='ltr'>quod</span> <span class='ocrx_word' id='word_1_193' title='bbox 549 1631 596 1673; x_wconf 91' lang='lat' dir='ltr'>in</span> <span class='ocrx_word' id='word_1_194' title='bbox 636 1631 764 1673; x_wconf 91' lang='lat' dir='ltr'>rebus</span> <span class='ocrx_word' id='word_1_195' title='bbox 807 1630 989 1686; x_wconf 86' lang='lat' dir='ltr'>privatis</span> <span class='ocrx_word' id='word_1_196' title='bbox 1034 1631 1363 1686; x_wconf 85' lang='lat' dir='ltr'>diligentissime</span> <span class='ocrx_word' id='word_1_197' title='bbox 1407 1631 1601 1687; x_wconf 82' lang='lat' dir='ltr'>singulos</span> <span class='ocrx_word' id='word_1_198' title='bbox 1622 1642 1656 1668; x_wconf 86' lang='lat'>25</span> 
     </span>
     <span class='ocr_line' id='line_1_31' title="bbox 262 1690 1126 1746; baseline -0.002 -13"><span class='ocrx_word' id='word_1_199' title='bbox 262 1691 375 1733; x_wconf 85' lang='lat' dir='ltr'>cives</span> <span class='ocrx_word' id='word_1_200' title='bbox 408 1705 549 1746; x_wconf 86' lang='lat' dir='ltr'>opera,</span> <span class='ocrx_word' id='word_1_201' title='bbox 582 1690 775 1745; x_wconf 89' lang='grc'><strong>001181110,</strong></span> <span class='ocrx_word' id='word_1_202' title='bbox 806 1704 851 1731; x_wconf 82' lang='grc'>10</span> <span class='ocrx_word' id='word_1_203' title='bbox 882 1690 1126 1731; x_wconf 90' lang='lat' dir='ltr'>tuebantur.</span> 
     </span>
    </p>

    <p class='ocr_par' dir='ltr' id='par_1_7' title="bbox 261 1746 1685 2392">
     <span class='ocr_line' id='line_1_32' title="bbox 351 1746 1603 1804; baseline 0 -13"><span class='ocrx_word' id='word_1_204' title='bbox 351 1748 443 1798; x_wconf 81' lang='lat' dir='ltr'>Quo</span> <span class='ocrx_word' id='word_1_205' title='bbox 484 1749 529 1790; x_wconf 88' lang='lat' dir='ltr'>in</span> <span class='ocrx_word' id='word_1_206' title='bbox 571 1751 688 1790; x_wconf 88' lang='lat' dir='ltr'>statu</span> <span class='ocrx_word' id='word_1_207' title='bbox 727 1749 788 1790; x_wconf 89' lang='lat' dir='ltr'>rei</span> <span class='ocrx_word' id='word_1_208' title='bbox 825 1748 1022 1803; x_wconf 85' lang='lat' dir='ltr'>publicae</span> <span class='ocrx_word' id='word_1_209' title='bbox 1057 1746 1127 1804; x_wconf 82' lang='lat' dir='ltr'>Sp.</span> <span class='ocrx_word' id='word_1_210' title='bbox 1160 1748 1355 1791; x_wconf 85' lang='lat' dir='ltr'>Cassium</span> <span class='ocrx_word' id='word_1_211' title='bbox 1396 1749 1447 1790; x_wconf 90' lang='lat' dir='ltr'>de</span> <span class='ocrx_word' id='word_1_212' title='bbox 1485 1764 1603 1791; x_wconf 88' lang='lat' dir='ltr'>occu·</span> 
     </span>
     <span class='ocr_line' id='line_1_33' title="bbox 262 1807 1603 1864; baseline -0.001 -14"><span class='ocrx_word' id='word_1_213' title='bbox 262 1809 403 1863; x_wconf 89' lang='lat' dir='ltr'>pando</span> <span class='ocrx_word' id='word_1_214' title='bbox 435 1822 568 1864; x_wconf 84' lang='lat' dir='ltr'>regno</span> <span class='ocrx_word' id='word_1_215' title='bbox 601 1808 861 1861; x_wconf 74' lang='lat' dir='ltr'>molientem,</span> <span class='ocrx_word' id='word_1_216' title='bbox 893 1822 1062 1849; x_wconf 89' lang='lat' dir='ltr'>summa</span> <span class='ocrx_word' id='word_1_217' title='bbox 1088 1807 1201 1862; x_wconf 86' lang='lat' dir='ltr'>apud</span> <span class='ocrx_word' id='word_1_218' title='bbox 1226 1808 1434 1862; x_wconf 90' lang='lat' dir='ltr'>populum</span> <span class='ocrx_word' id='word_1_219' title='bbox 1461 1808 1603 1863; x_wconf 83' lang='lat' dir='ltr'>gratia</span> 
     </span>
     <span class='ocr_line' id='line_1_34' title="bbox 261 1866 1676 1921; baseline -0.001 -12"><span class='ocrx_word' id='word_1_220' title='bbox 261 1887 295 1919; x_wconf 87' lang='lat' dir='ltr'>p.</span> <span class='ocrx_word' id='word_1_221' title='bbox 331 1869 416 1919; x_wconf 90' lang='lat'>130]</span> <span class='ocrx_word' id='word_1_222' title='bbox 461 1868 703 1921; x_wconf 87' lang='lat' dir='ltr'>florentem,</span> <span class='ocrx_word' id='word_1_223' title='bbox 747 1869 950 1921; x_wconf 84' lang='lat' dir='ltr'>quaestor</span> <span class='ocrx_word' id='word_1_224' title='bbox 989 1866 994 1919; x_wconf 88' lang='grc' dir='ltr'>Ι</span> <span class='ocrx_word' id='word_1_225' title='bbox 1034 1866 1268 1921; x_wconf 86' lang='lat' dir='ltr'>accusavit,</span> <span class='ocrx_word' id='word_1_226' title='bbox 1315 1881 1512 1921; x_wconf 89' lang='lat' dir='ltr'>eumque,</span> <span class='ocrx_word' id='word_1_227' title='bbox 1554 1869 1603 1908; x_wconf 89' lang='lat' dir='ltr'>ut</span> <span class='ocrx_word' id='word_1_228' title='bbox 1673 1895 1676 1900; x_wconf 81' lang='lat'><strong>.</strong></span> 
     </span>
     <span class='ocr_line' id='line_1_35' title="bbox 262 1923 1685 1980; baseline -0.001 -13"><span class='ocrx_word' id='word_1_229' title='bbox 262 1926 460 1980; x_wconf 87' lang='lat' dir='ltr'>audistis,</span> <span class='ocrx_word' id='word_1_230' title='bbox 505 1940 602 1967; x_wconf 91' lang='lat' dir='ltr'>cum</span> <span class='ocrx_word' id='word_1_231' title='bbox 644 1928 768 1980; x_wconf 90' lang='lat' dir='ltr'>pater</span> <span class='ocrx_word' id='word_1_232' title='bbox 810 1925 854 1966; x_wconf 91' lang='lat' dir='ltr'>in</span> <span class='ocrx_word' id='word_1_233' title='bbox 899 1939 948 1966; x_wconf 88' lang='lat' dir='ltr'>ea</span> <span class='ocrx_word' id='word_1_234' title='bbox 985 1926 1110 1980; x_wconf 86' lang='lat' dir='ltr'>culpa</span> <span class='ocrx_word' id='word_1_235' title='bbox 1147 1939 1238 1966; x_wconf 92' lang='lat' dir='ltr'>esse</span> <span class='ocrx_word' id='word_1_236' title='bbox 1276 1926 1519 1980; x_wconf 83' lang='lat' dir='ltr'>conperisse</span> <span class='ocrx_word' id='word_1_237' title='bbox 1557 1939 1602 1967; x_wconf 91' lang='lat' dir='ltr'>se</span> <span class='ocrx_word' id='word_1_238' title='bbox 1621 1923 1685 1966; x_wconf 77' lang='grc' dir='ltr'>3οέ</span> 
     </span>
     <span class='ocr_line' id='line_1_36' title="bbox 261 1983 1676 2059; baseline -0.002 -33"><span class='ocrx_word' id='word_1_239' title='bbox 261 1985 456 2037; x_wconf 82' lang='lat' dir='ltr'>dixisset,</span> <span class='ocrx_word' id='word_1_240' title='bbox 494 1984 668 2026; x_wconf 85' lang='lat' dir='ltr'>cedente</span> <span class='ocrx_word' id='word_1_241' title='bbox 699 1984 859 2039; x_wconf 93' lang='lat' dir='ltr'>populo</span> <span class='ocrx_word' id='word_1_242' title='bbox 892 1986 1030 2026; x_wconf 89' lang='lat' dir='ltr'>morte</span> <span class='ocrx_word' id='word_1_243' title='bbox 1063 1983 1280 2026; x_wconf 85' lang='lat' dir='ltr'>mactavit.</span> <span class='ocrx_word' id='word_1_244' title='bbox 1337 1983 1601 2039; x_wconf 84' lang='lat' dir='ltr'>Gratamque</span> <span class='ocrx_word' id='word_1_245' title='bbox 1657 2006 1676 2059; x_wconf 63' lang='lat'>¹:</span> 
     </span>
     <span class='ocr_line' id='line_1_37' title="bbox 262 2043 1601 2099; baseline 0 -14"><span class='ocrx_word' id='word_1_246' title='bbox 262 2044 393 2085; x_wconf 87' lang='lat' dir='ltr'>etiam</span> <span class='ocrx_word' id='word_1_247' title='bbox 429 2043 551 2084; x_wconf 89' lang='lat' dir='ltr'>illam</span> <span class='ocrx_word' id='word_1_248' title='bbox 590 2043 729 2098; x_wconf 82' lang='lat' dir='ltr'>legem</span> <span class='ocrx_word' id='word_1_249' title='bbox 768 2045 922 2097; x_wconf 83' lang='lat' dir='ltr'>quarto</span> <span class='ocrx_word' id='word_1_250' title='bbox 961 2043 1128 2085; x_wconf 88' lang='lat' dir='ltr'>circiter</span> <span class='ocrx_word' id='word_1_251' title='bbox 1166 2045 1208 2084; x_wconf 91' lang='lat' dir='ltr'>et</span> <span class='ocrx_word' id='word_1_252' title='bbox 1246 2043 1601 2099; x_wconf 82' lang='lat' dir='ltr'>quinquagesimo</span> 
     </span>
     <span class='ocr_line' id='line_1_38' title="bbox 262 2102 1600 2157; baseline 0 -13"><span class='ocrx_word' id='word_1_253' title='bbox 262 2117 372 2144; x_wconf 91' lang='lat' dir='ltr'>anno</span> <span class='ocrx_word' id='word_1_254' title='bbox 417 2104 517 2157; x_wconf 85' lang='lat' dir='ltr'>post</span> <span class='ocrx_word' id='word_1_255' title='bbox 554 2102 716 2156; x_wconf 90' lang='lat' dir='ltr'>primos</span> <span class='ocrx_word' id='word_1_256' title='bbox 755 2102 950 2143; x_wconf 90' lang='lat' dir='ltr'>consules</span> <span class='ocrx_word' id='word_1_257' title='bbox 990 2102 1040 2142; x_wconf 91' lang='lat' dir='ltr'>de</span> <span class='ocrx_word' id='word_1_258' title='bbox 1078 2102 1216 2143; x_wconf 88' lang='lat' dir='ltr'>multa</span> <span class='ocrx_word' id='word_1_259' title='bbox 1253 2104 1296 2143; x_wconf 88' lang='lat' dir='ltr'>et</span> <span class='ocrx_word' id='word_1_260' title='bbox 1334 2105 1600 2144; x_wconf 86' lang='lat' dir='ltr'>sacramento</span> 
     </span>
     <span class='ocr_line' id='line_1_39' title="bbox 262 2160 1601 2216; baseline -0.001 -13"><span class='ocrx_word' id='word_1_261' title='bbox 262 2160 332 2216; x_wconf 79' lang='lat' dir='ltr'>Sp.</span> <span class='ocrx_word' id='word_1_262' title='bbox 363 2161 571 2215; x_wconf 88' lang='lat' dir='ltr'>Tarpeius</span> <span class='ocrx_word' id='word_1_263' title='bbox 610 2163 653 2201; x_wconf 91' lang='lat' dir='ltr'>et</span> <span class='ocrx_word' id='word_1_264' title='bbox 684 2160 734 2202; x_wconf 91' lang='lat' dir='ltr'>A.</span> <span class='ocrx_word' id='word_1_265' title='bbox 768 2160 970 2202; x_wconf 89' lang='lat' dir='ltr'>Aternius</span> <span class='ocrx_word' id='word_1_266' title='bbox 1009 2161 1204 2202; x_wconf 90' lang='lat' dir='ltr'>consules</span> <span class='ocrx_word' id='word_1_267' title='bbox 1242 2161 1427 2202; x_wconf 86' lang='lat' dir='ltr'>comitiis</span> <span class='ocrx_word' id='word_1_268' title='bbox 1460 2163 1601 2203; x_wconf 91' lang='lat' dir='ltr'>centu-</span> 
     </span>
     <span class='ocr_line' id='line_1_40' title="bbox 262 2219 1658 2277; baseline -0.001 -15"><span class='ocrx_word' id='word_1_269' title='bbox 262 2220 386 2262; x_wconf 89' lang='lat' dir='ltr'>riatis</span> <span class='ocrx_word' id='word_1_270' title='bbox 418 2220 623 2260; x_wconf 90' lang='lat' dir='ltr'>tulerunt.</span> <span class='ocrx_word' id='word_1_271' title='bbox 679 2219 816 2260; x_wconf 89' lang='lat' dir='ltr'>Annis</span> <span class='ocrx_word' id='word_1_272' title='bbox 847 2222 1000 2274; x_wconf 89' lang='lat' dir='ltr'>postea</span> <span class='ocrx_word' id='word_1_273' title='bbox 1030 2232 1093 2261; x_wconf 82' lang='lat' dir='ltr'>XX</span> <span class='ocrx_word' id='word_1_274' title='bbox 1127 2234 1177 2260; x_wconf 87' lang='lat' dir='ltr'>ex</span> <span class='ocrx_word' id='word_1_275' title='bbox 1209 2234 1270 2273; x_wconf 93' lang='lat' dir='ltr'>eo,</span> <span class='ocrx_word' id='word_1_276' title='bbox 1303 2220 1416 2274; x_wconf 91' lang='lat' dir='ltr'>quod</span> <span class='ocrx_word' id='word_1_277' title='bbox 1446 2219 1492 2261; x_wconf 90' lang='lat' dir='ltr'>L.</span> <span class='ocrx_word' id='word_1_278' title='bbox 1523 2219 1658 2277; x_wconf 56' lang='lat' dir='ltr'>Pa-355</span> 
     </span>
     <span class='ocr_line' id='line_1_41' title="bbox 261 2276 1601 2333; baseline -0.001 -13"><span class='ocrx_word' id='word_1_279' title='bbox 261 2298 295 2331; x_wconf 85' lang='lat' dir='ltr'>p.</span> <span class='ocrx_word' id='word_1_280' title='bbox 317 2280 380 2331; x_wconf 87' lang='lat'>41]</span> <span class='ocrx_word' id='word_1_281' title='bbox 413 2278 547 2333; x_wconf 90' lang='lat' dir='ltr'>pirius</span> <span class='ocrx_word' id='word_1_282' title='bbox 574 2277 620 2319; x_wconf 91' lang='lat' dir='ltr'>P.</span> <span class='ocrx_word' id='word_1_283' title='bbox 645 2277 843 2319; x_wconf 86' lang='lat' dir='ltr'>Pinarius</span> <span class='ocrx_word' id='word_1_284' title='bbox 876 2276 1082 2332; x_wconf 62' lang='lat' dir='ltr'>censoh‘es</span> <span class='ocrx_word' id='word_1_285' title='bbox 1116 2278 1264 2320; x_wconf 90' lang='lat' dir='ltr'>multis</span> <span class='ocrx_word' id='word_1_286' title='bbox 1297 2278 1483 2320; x_wconf 88' lang='lat' dir='ltr'>dicendis</span> <span class='ocrx_word' id='word_1_287' title='bbox 1511 2278 1601 2320; x_wconf 89' lang='lat' dir='ltr'>vim</span> 
     </span>
     <span class='ocr_line' id='line_1_42' title="bbox 262 2337 1600 2392; baseline 0 -13"><span class='ocrx_word' id='word_1_288' title='bbox 262 2340 555 2379; x_wconf 86' lang='lat' dir='ltr'>armentorum</span> <span class='ocrx_word' id='word_1_289' title='bbox 594 2351 618 2378; x_wconf 87' lang='lat' dir='ltr'>a</span> <span class='ocrx_word' id='word_1_290' title='bbox 652 2337 833 2391; x_wconf 86' lang='lat' dir='ltr'>privatis</span> <span class='ocrx_word' id='word_1_291' title='bbox 865 2337 909 2378; x_wconf 91' lang='lat' dir='ltr'>in</span> <span class='ocrx_word' id='word_1_292' title='bbox 940 2337 1160 2392; x_wconf 89' lang='lat' dir='ltr'>publicum</span> <span class='ocrx_word' id='word_1_293' title='bbox 1193 2339 1455 2388; x_wconf 86' lang='lat' dir='ltr'>averterant,</span> <span class='ocrx_word' id='word_1_294' title='bbox 1493 2337 1600 2379; x_wconf 86' lang='lat' dir='ltr'>levis</span> 
     </span>
    </p>
   </div>
   <div class='ocr_carea' id='block_1_5' title="bbox 1655 2065 1660 2231">
    <p class='ocr_par' dir='ltr' id='par_1_8' title="bbox 1655 2065 1660 2231">
     <span class='ocr_line' id='line_1_43' title="bbox 1655 2065 1660 2231; baseline 0 337"><span class='ocrx_word' id='word_1_295' title='bbox 1655 2065 1660 2231; x_wconf 95' lang='lat' dir='ltr'> </span> 
     </span>
    </p>
   </div>
   <div class='ocr_carea' id='block_1_6' title="bbox 1652 2281 1658 2427">
    <p class='ocr_par' dir='ltr' id='par_1_9' title="bbox 1652 2281 1658 2427">
     <span class='ocr_line' id='line_1_44' title="bbox 1652 2281 1658 2427; baseline 0 141"><span class='ocrx_word' id='word_1_296' title='bbox 1652 2281 1658 2427; x_wconf 95' lang='lat' dir='ltr'> </span> 
     </span>
    </p>
   </div>
   <div class='ocr_carea' id='block_1_7' title="bbox 1651 2431 1675 2568">
    <p class='ocr_par' dir='ltr' id='par_1_10' title="bbox 1651 2431 1675 2568">
     <span class='ocr_line' id='line_1_45' title="bbox 1651 2431 1675 2568; baseline 0 0"><span class='ocrx_word' id='word_1_297' title='bbox 1651 2431 1675 2568; x_wconf 71' lang='grc'>11</span> 
     </span>
    </p>
   </div>
  </div>
 </body>
</html>
