1685 2568
249 74 336 116 220
714 75 778 110 DE
805 75 1126 111 DIVINATIONE

307 169 433 212 Nam
459 174 581 226 quot
605 173 713 213 avis
741 174 912 213 taetro
934 174 1185 213 mactatas
1207 171 1355 213 dente
1375 172 1585 226 videtis,

308 229 404 270 Tot
428 244 518 271 nos
546 231 604 271 ad
623 230 826 271 Troiam
852 231 981 271 belli
1006 230 1389 271 exanclabimus
1410 245 1585 284 annosz,

309 287 442 335 Quae
463 289 667 330 decumo
689 289 836 330 cadet
857 291 905 330 et
923 303 1084 343 poena
1104 288 1585 330 satiabitAchivos’.

307 346 485 388 Edidit
529 348 651 389 haec
689 346 924 400 Calchas3
969 361 1094 401 quae
1137 347 1237 388 iam
1280 349 1476 388 matura
1517 347 1586 389 vi-

1322 406 1466 447 detis.
1665 437 1667 442 ¹

178 471 220 502 65
248 462 364 512 Quae
401 464 575 505 tandem
612 464 698 505 ista
737 463 964 519 auguratio
1005 466 1071 505 est
1101 478 1153 505 ex
1182 464 1428 519 passeribus
1460 479 1587 506 anno·
1622 479 1640 505 5
1666 477 1667 518 j

247 537 343 563 rum
374 523 519 576 potius
553 537 680 576 quam
713 524 787 563 aut
819 537 1042 563 mensuum
1075 525 1149 564 aut
1175 523 1368 564 dierum?
1407 522 1491 564 Cur
1517 538 1586 564 au-
1666 525 1667 540 ¹

247 584 334 621 tem
362 581 412 622 de
438 581 695 635 passerculis
722 581 1009 622 coniecturam
1034 581 1151 635 facit,
1175 581 1221 622 in
1247 582 1400 635 quibus
1419 582 1587 623 nullum

248 642 340 681 erat
378 642 638 693 monstrum,
679 639 730 681 de
768 640 950 681 dracone
989 640 1106 693 silet,
1148 640 1236 694 qui,
1277 640 1320 681 id
1352 640 1465 695 quod
1495 641 1588 682 fieri

247 712 333 739 non
363 699 519 752 potuit,
551 698 745 753 lapideus
778 698 933 739 dicitur
960 698 1128 740 factus?
1162 701 1381 753 postremo
1409 698 1510 752 quid
1535 699 1588 741 si—

249 756 348 797 mile
389 757 521 798 habet
562 772 710 811 passer
751 757 902 798 annis?
952 756 1065 798 Nam
1107 757 1157 798 de
1198 771 1337 813 angue
1374 758 1470 811 illo,
1515 758 1640 812 quim

249 813 393 856 Sullae
408 816 609 870 apparuit
628 816 885 869 immolanti,
904 818 1133 870 utrumque
1148 816 1333 870 memini,
1354 819 1397 857 et
1411 814 1588 869 Sullam,

248 889 344 916 cum
376 875 420 915 in
453 874 765 929 expeditionem
798 874 1025 916 educturus
1052 877 1178 928 esset,
1209 874 1513 929 immolavisse,
1545 878 1589 916 ct

249 947 433 988 anguem
465 934 519 974 ab
546 948 622 975 ara
647 933 853 987 extitisse,
886 947 1018 987 eoque
1045 933 1111 974 die
1136 948 1227 974 rem
1252 933 1470 988 praeclare
1496 947 1588 975 esse

179 1031 200 1046 ἢ
249 994 417 1047 gestam
448 1007 535 1033 non
567 992 806 1046 haruspicis
839 992 1031 1046 consilio,
1064 992 1137 1033 sed
1167 991 1452 1046 imperatoris.

178 1033 231 1113 {3³61
337 1050 481 1105 Atque
519 1051 624 1093 haec
656 1054 924 1092 ostentorum
957 1065 1114 1106 genera
1146 1050 1343 1092 mirabile
1374 1051 1483 1092 nihil
1515 1050 1587 1092 ha-
1609 1063 1641 1089 15

248 1109 369 1164 bent3
408 1124 516 1163 quae
555 1125 650 1150 cum
681 1109 797 1151 facta
829 1111 946 1163 sunt,
983 1112 1076 1151 tum
1109 1109 1162 1150 ad
1194 1109 1482 1151 coniecturam
1514 1110 1588 1151 ali-

250 1183 333 1222 qua
370 1169 728 1223 interpretatione
766 1170 1039 1222 revocantur,
1081 1170 1130 1209 ut
1168 1168 1246 1209 illa
1281 1168 1416 1210 tritici
1454 1183 1590 1224 grana

248 1227 293 1268 in
324 1241 371 1268 os
403 1227 525 1282 pueri
554 1227 695 1268 Midae
727 1230 933 1282 congesta
965 1230 1040 1268 aut
1071 1242 1191 1282 apes,
1231 1241 1337 1281 quas
1370 1227 1516 1268 dixisti
1546 1228 1590 1268 in

248 1285 383 1327 labris
421 1285 617 1327 Platonis
659 1286 900 1327 consedisse
941 1285 1079 1340 pueri,
1118 1300 1206 1327 non
1241 1288 1332 1327 tam
1371 1286 1589 1327 mirabilia

250 1345 336 1386 sint
375 1359 504 1399 quam
541 1344 733 1386 coniecta
769 1345 900 1397 belle3
938 1359 1046 1399 quae
1077 1346 1222 1385 tamen
1253 1345 1321 1385 vel
1352 1344 1447 1400 ipsa
1477 1345 1589 1386 falsa
1608 1357 1642 1382 20

250 1417 342 1445 esse
385 1404 454 1444 vel
493 1418 561 1457 ea,
605 1418 713 1458 quae
750 1403 971 1458 praedicta
1009 1406 1126 1457 sunt,
1168 1403 1348 1444 fortuito
1387 1403 1587 1445 cecidisse

249 1464 492 1517 potuerunt.
554 1462 619 1503 De
655 1462 751 1516 ipso
783 1461 940 1503 Roscio
976 1464 1122 1516 potest
1152 1462 1260 1503 illud
1294 1461 1464 1516 quidem
1496 1476 1588 1503 esse

248 1521 419 1575 falsum,
451 1523 499 1562 ut
531 1520 854 1586 circumligatus
886 1521 1015 1562 fuerit
1047 1520 1189 1576 ano-ui,
1221 1520 1293 1562 sed
1325 1523 1374 1561 ut
1399 1520 1444 1561 in
1470 1521 1587 1562 cunis

249 1580 380 1620 fuerit
417 1580 588 1635 anguis,
625 1594 712 1621 non
749 1583 840 1620 tam
880 1582 945 1620 est
976 1579 1149 1633 mirum,
1188 1579 1233 1620 in
1264 1577 1438 1621 Solonio
1469 1594 1588 1634 prae·
1660 1625 1661 1630 ¹

251 1638 412 1692 sertim,
443 1638 518 1679 ubi
550 1638 603 1679 ad
633 1638 776 1680 focum
808 1652 970 1693 angues
1001 1613 1230 1690 nundinari
1262 1638 1414 1679 solent.
1476 1637 1587 1679 Nam
1608 1649 1661 1676 25

251 1697 364 1751 quod
399 1672 648 1752 haruspices
686 1697 986 1752 responderint
1015 1685 1125 1737 nihil
1156 1697 1233 1738 illo
1266 1696 1441 1751 clarius,
1478 1696 1587 1737 nihil
1660 1689 1661 1699 ¹

249 1756 438 1797 nobilius
469 1755 579 1810 fore,
614 1755 746 1797 miror
779 1755 879 1797 deos
910 1755 1179 1797 immortales
1210 1755 1412 1797 histrioni
1431 1730 1587 1796 ⁷⁴futuio

181 1822 223 1852 67
251 1815 494 1857 claritatem
521 1814 772 1867 ostendisse,
801 1815 968 1855 nullam
994 1814 1230 1855 ostendisse
1256 1814 1472 1856 Africano.
1512 1814 1588 1855 At-

252 1888 331 1928 que
358 1873 488 1914 etiam
515 1888 541 1915 a
565 1876 608 1915 te
634 1848 906 1914 Flaminiana
930 1875 1103 1914 ostenta
1127 1873 1308 1915 collecta
1328 1875 1443 1913 sunt:
1477 1872 1589 1938 quod

249 1933 341 1987 ipse
374 1935 416 1973 et
449 1947 580 1986 equus
614 1932 703 1973 eius
736 1934 911 1986 repente
943 1931 1192 1985 conciderit3
1224 1946 1310 1973 non
1336 1946 1436 1972 sane
1462 1931 1588 1972 miia—
1608 1943 1641 1968 3⁰

249 1991 336 2033 bile
379 1991 461 2032 hoc
507 1991 695 2045 quidem!
740 1991 852 2045 quod
891 1990 1016 2031 evelli
1052 1990 1181 2045 primi
1218 1990 1381 2031 hastati
1419 1991 1587 2046 signum

250 2064 335 2091 non
366 2050 575 2104 potuerit3
606 2049 754 2090 timide
785 2049 970 2090 fortasse
1003 2048 1183 2104 signifer
1214 2049 1443 2103 evellebat,
1457 2025 1589 2103 equod

250 2109 430 2150 fidenter
472 2108 682 2149 infixerat.
745 2106 858 2148 Nam
895 2107 1093 2161 Dionysii
1130 2122 1263 2162 equus
1300 2107 1402 2162 quid
1441 2107 1590 2149 attulit

252 2166 566 2220 admirationis,
599 2167 712 2221 quod
744 2166 918 2208 emersit
949 2181 971 2208 e
1003 2166 1177 2207 flumine
1210 2166 1406 2221 quodque
1437 2166 1589 2208 habuit

252 2240 354 2281 apes
390 2225 435 2266 in
472 2225 601 2266 iuba?
657 2224 739 2266 Sed
778 2225 878 2279 quia
915 2225 1034 2266 brevi
1065 2228 1258 2280 tempore
1289 2239 1469 2280 regnare
1500 2233 1657 2274 coe—5⁵⁶¹

250 2286 326 2340 pit,
363 2283 475 2338 quod
508 2283 719 2324 acciderat
751 2298 863 2335 casu,
895 2284 982 2325 vim
1013 2283 1167 2325 habuit
1200 2284 1370 2325 ostenti.
1421 2284 1481 2324 At
1512 2283 1590 2324 La·
1656 2283 1657 2287 ’
