1685 2568
234 92 319 134 380
756 92 819 126 DE
845 93 1050 128 LEGIBUS

487 273 641 336 DE
739 270 1325 336 LEGIBUS

701 391 861 428 LIBER
892 390 1102 429 PRIMUS.

630 577 1179 616 ARGUMENTUM.

1650 606 1653 618 -
1649 573 1653 596 ,,
1637 267 1653 563 snum-emmo-
1621 0 1653 252 :max-4³*

307 666 435 702 Cicero
460 668 659 712 postquam
685 677 749 701 sex
774 665 879 701 libris
905 666 951 701 de
976 677 1015 701 re
1040 665 1192 711 publica
1211 665 1371 711 scriptis,
1397 676 1507 710 quem
1526 666 1574 699 ad
1643 663 1653 719 ⁴,

234 715 385 750 modum
418 714 489 748 sibi
520 725 578 748 res
610 713 762 758 publica
788 712 1048 748 constituenda
1073 724 1116 747 ac
1140 713 1303 757 regenda
1328 724 1406 747 esse
1432 712 1575 747 videre·

233 763 305 804 tur,
332 761 535 807 explicavit
558 760 725 795 Platonis
750 760 908 795 maxime
934 760 1144 805 exemplum
1170 762 1328 802 secutus,
1354 761 1425 794 1100
1445 759 1576 794 eodem

235 810 387 844 auctore
411 808 569 842 totidem
595 807 700 842 libris
726 807 839 842 etiam
865 807 910 842 de
936 807 1101 852 legibus,
1127 817 1220 851 quae
1247 807 1285 841 in
1312 807 1463 841 civitate
1489 817 1512 841 a
1535 817 1574 842 se

236 856 442 891 constituta
466 854 690 890 obtinendae
716 856 849 896 essent,
876 865 970 899 quae
997 865 1063 889 sua
1088 855 1187 889 esset
1211 853 1407 897 sententia,
1433 852 1576 898 aperire

234 903 364 938 voluit.
417 902 524 944 Quod
548 903 806 946 argumentum
831 902 885 936 ita
909 902 1125 946 persecutus
1152 902 1218 943 est,
1244 903 1285 935 ut
1310 901 1349 935 in
1375 900 1572 945 colloquio,

235 950 334 994 quod
370 949 480 994 fingit
517 960 555 984 se
594 960 678 983 cum
716 948 850 990 Quinto
889 948 1001 983 fratre
1040 949 1079 983 et
1113 947 1240 983 Attico
1280 959 1344 983 suo
1375 959 1406 982 a.
1438 959 1472 981 11.
1506 952 1574 982 ’702

234 998 301 1031 aut
326 1001 393 1031 703
420 997 569 1030 ineunte
595 995 780 1039 habuisse,
807 1008 890 1031 eum
914 996 1038 1031 locum
1062 996 1318 1040 pertractaret.
1365 994 1502 1029 Eorum
1520 995 1575 1029 ta-

234 1055 320 1078 men
351 1043 530 1078 librorum
559 1054 635 1078 non
665 1045 880 1078 manserunt
910 1043 983 1077 nisi
1013 1044 1105 1087 tres,
1138 1042 1245 1086 eique
1277 1053 1351 1076 non
1375 1041 1513 1086 integri
1537 1042 1576 1076 et

234 1091 469 1125 librariorum
504 1090 686 1125 erroribus
727 1090 836 1125 valde
877 1090 1050 1135 corrupti.
1107 1089 1156 1124 Et
1191 1089 1231 1123 in
1269 1089 1388 1134 primo
1426 1089 1576 1133 quidem

235 1138 330 1172 libro
364 1137 491 1172 Cicero
528 1137 731 1182 praemisso
768 1137 958 1182 prooemio
996 1137 1156 1182 primum
1186 1137 1357 1171 naturam
1387 1136 1477 1170 iuris
1516 1147 1575 1170 ex-

235 1185 354 1230 plicat
385 1196 538 1228 eamque
568 1185 615 1218 ab
646 1184 807 1219 hominis
841 1185 973 1219 natura
1002 1184 1155 1229 repetit,
1188 1183 1321 1218 deinde
1354 1183 1575 1225 considerat,

236 1232 369 1276 quibus
394 1232 539 1277 legibus
567 1231 698 1266 civitas
724 1231 804 1276 regi
830 1232 980 1275 debeat,
1007 1231 1165 1274 denique
1190 1231 1281 1265 haec
1306 1231 1455 1274 tractat,
1481 1240 1575 1273 quae

236 1279 444 1324 composita
474 1280 512 1313 et
544 1278 725 1331 discripta
755 1280 861 1313 erant
890 1279 972 1312 iura
996 1279 1035 1313 et
1058 1278 1159 1312 iussa
1182 1278 1421 1323 populorum,
1452 1277 1492 1311 in
1516 1276 1575 1310 his

236 1326 349 1361 etiam
373 1325 505 1371 populi
530 1325 687 1360 Romani
711 1325 780 1369 ius,
807 1326 905 1369 quod
933 1325 1042 1360 civile
1068 1325 1206 1359 dicitur
1231 1328 1324 1370 (cap.
1351 1327 1398 1369 ὃ).
1440 1324 1483 1358 111
1505 1324 1576 1357 hac

236 1374 360 1408 autem
386 1372 639 1418 disputatione
665 1384 752 1407 usus
777 1374 836 1407 est
854 1373 1160 1418 philosophorum
1178 1382 1289 1415 more,
1315 1382 1389 1406 non
1408 1372 1575 1406 veterum

236 1420 385 1455 illorum
412 1419 700 1462 Socraticorum
732 1420 1038 1454 Academicorum
1064 1420 1103 1454 et
1126 1418 1475 1463 Peripateticorum,
1510 1417 1575 1452 sed

236 1479 372 1511 eorum,
399 1466 463 1511 qui
489 1466 595 1510 quasi
620 1467 787 1502 officinas
812 1467 1063 1502 instruxerunt
1088 1466 1305 1511 sapientiae.
1349 1466 1456 1508 Nam,
1482 1475 1575 1509 quae

235 1516 380 1549 veteres
407 1514 465 1548 illi
489 1513 570 1549 fuse
596 1525 639 1548 ac
664 1514 781 1549 libere
807 1514 890 1559 disp
893 1516 998 1549 utare
1023 1514 1300 1555 consueverant,
1326 1523 1369 1547 ea
1390 1511 1576 1547 Ciceronis

234 1563 336 1606 temp
340 1561 481 1604 oribus,
518 1561 558 1595 in
595 1561 724 1606 primis
762 1572 784 1596 a
815 1527 966 1604 Stoicis,
1004 1559 1231 1595 articulatim
1266 1559 1444 1594 distincta
1479 1559 1576 1594 dice-

235 1609 388 1651 bantur,
421 1608 521 1652 quod
550 1608 739 1653 negabant
770 1608 859 1643 satis
891 1589 970 1643 fieri
994 1607 1080 1642 huic
1107 1607 1152 1642 de
1178 1607 1322 1652 legibus
1347 1607 1430 1642 loco
1455 1617 1576 1652 posse,

235 1656 309 1690 nisi
346 1655 548 1701 separatim
586 1656 631 1690 de
669 1655 825 1701 singulis
863 1655 1048 1700 capitibus
1087 1654 1340 1700 disputaretur
1378 1656 1471 1699 (cap.
1506 1654 1574 1696 13).

171 1737 175 1742 ,
236 1703 379 1737 Primus
411 1702 507 1736 liber
537 1703 640 1747 tamq
643 1713 727 1737 uam
729 1683 879 1737 efontes
912 1702 1075 1737 omnium
1106 1701 1232 1746 legum
1264 1701 1455 1745 omnisque
1487 1700 1576 1735 iuris

237 1749 358 1795 aperit
383 1751 422 1784 et
446 1715 640 1784 ultimamq
643 1750 764 1794 legem
790 1749 884 1784 dicit
908 1761 987 1785 esse
1013 1750 1175 1784 mentem
1195 1748 1255 1783 dei
1275 1748 1407 1793 optimi
1425 1747 1577 1782 maximi

238 1797 362 1832 omnia
391 1796 536 1832 ratione
568 1797 731 1831 iubentis
764 1798 803 1831 et
833 1797 1012 1839 vetantiS,
1046 1807 1068 1831 a
1093 1807 1165 1840 qua
1189 1795 1380 1830 hominum
1404 1806 1493 1829 vera
1516 1795 1577 1829 lex

234 1843 506 1889 proficiscatur,
545 1855 638 1888 quae
670 1844 720 1878 sit
750 1843 844 1878 ratio
877 1843 1076 1889 sapientis,
1108 1844 1198 1888 apta
1228 1843 1277 1877 ad
1306 1842 1507 1877 iubendum
1538 1842 1576 1876 615

236 1891 439 1925 vetandum
471 1891 581 1935 (conf.
609 1891 673 1926 lib.
699 1891 734 1925 II
759 1894 806 1935 4)
856 1891 978 1936 Atque
1005 1891 1076 1925 hoc
1102 1891 1159 1925 est
1184 1890 1441 1935 argumentum
1466 1888 1576 1923 huius

236 1937 333 1981 libri,
360 1949 514 1982 eamque
541 1938 707 1973 scholam
733 1937 844 1973 certis
865 1938 1050 1983 capitibus
1070 1937 1280 1982 distinguit.
1324 1935 1517 1971 Primum
1506 1935 1576 1981 1gi-

234 1986 296 2020 tur
321 1985 431 2020 docet
455 1996 478 2019 a
503 1985 584 2029 deo,
610 1985 713 2020 cuius
739 1985 887 2020 numine
913 1996 957 2020 ac
974 1986 1098 2020 mente
1119 1985 1243 2020 omnia
1260 1985 1447 2029 regantur,
1472 1994 1577 2029 prae-

237 2033 337 2067 clara
373 2032 533 2076 quadam
572 2032 790 2067 condicione
828 2034 1045 2077 generatum
1078 2043 1158 2067 esse
1188 2031 1392 2074 hominem3
1430 2031 1577 2076 praeter

235 2080 311 2114 alia
349 2079 448 2114 enim
479 2079 576 2114 bona
601 2079 673 2114 soli
698 2090 742 2114 ex
768 2080 931 2114 omnium
956 2079 1200 2114 animantium
1224 2078 1419 2124 generibus
1445 2089 1489 2112 ac
1513 2088 1576 2112 na-

236 2126 329 2160 turis
355 2126 573 2161 attributam
599 2137 679 2161 esse
704 2126 898 2170 rationem,
925 2138 1018 2171 quae
1038 2138 1121 2161 cum
1140 2125 1347 2161 adoleverit
1365 2127 1475 2170 atque
1495 2135 1577 2170 per-

236 2174 337 2208 fecta
374 2173 439 2216 sit,
479 2173 665 2218 sapientia
694 2173 921 2218 nominetur,
959 2175 1002 2208 ut
1031 2173 1174 2208 homini
1206 2184 1289 2207 cum
1321 2172 1390 2207 deo
1421 2171 1576 2206 rationis

237 2221 397 2256 societas
430 2220 480 2255 sit
511 2221 563 2263 et,
603 2220 691 2264 quia
722 2221 817 2255 ratio
850 2221 909 2256 lex
942 2220 1007 2263 sit,
1046 2219 1255 2255 communio
1286 2219 1375 2254 iuris
1408 2220 1447 2254 et
1472 2218 1577 2263 quasi

238 2268 419 2311 quaedam
445 2267 635 2312 adgnatio,
662 2267 761 2312 quod
787 2279 809 2302 a
834 2268 902 2302 deo
929 2268 1024 2302 ratio
1046 2267 1096 2302 sit
1114 2267 1332 2312 ingenerata
1351 2270 1440 2311 (cap.
1460 2268 1575 2310 7-9).

235 2314 379 2350 Deinde
413 2314 579 2350 ostendit
604 2317 697 2360 (cap.
727 2319 786 2360 10,
815 2318 872 2356 11)
898 2315 1089 2350 hominum
1113 2314 1210 2349 inter
1233 2314 1336 2359 ipsos
1362 2324 1442 2348 esse
1467 2323 1576 2358 prop-
