1685 2568
195 1049 247 1089 14

191 1101 235 1130 36

195 2137 237 2168 37

264 100 285 138 1
293 99 318 140 6
668 99 732 132 DE
757 99 956 133 NATURA
980 98 1185 133 DEORUM

260 195 466 236 membris
498 195 678 249 simplex
711 195 767 236 sit
798 195 1013 250 putandus
1046 195 1165 248 deus,
1198 195 1426 249 septimum
1458 195 1594 237 solem

262 253 458 308 adiungit
490 256 771 307 octavamque
795 254 967 307 ⁴lunam3
1000 253 1072 307 qui
1098 267 1180 307 quo
1208 267 1336 294 sensu
1360 254 1476 295 beati
1502 268 1594 295 esse

261 312 447 367 possint,
496 311 692 366 intellegi
740 326 826 353 non
875 313 1029 366 potest.
1102 311 1168 367 Ex
1212 311 1358 364 eadem
1399 311 1594 353 Platonis

263 371 410 412 schola
440 371 644 412 Ponticus
675 369 923 411 Heraclides
960 370 1196 424 puerilibus
1234 369 1393 421 fabulis
1424 370 1596 412 refersit

261 429 396 471 libros
438 432 480 470 et
517 429 643 469 modo
681 429 902 481 mundum,
940 431 1032 470 tum
1063 431 1251 470 mentem
1283 428 1470 470 divinam
1502 443 1593 470 esse

261 490 398 543 putat,
431 487 672 528 errantibus
706 487 835 528 etiam
864 487 1002 528 stellis
1030 487 1299 529 divinitatem
1325 487 1480 528 tribuit
1505 502 1595 529 sen·

263 560 394 600 suque
437 546 560 587 deum
603 545 746 600 privat
783 548 826 586 et
863 546 951 586 eius
989 545 1174 587 formam
1213 546 1466 587 mutabilem
1504 560 1595 587 esse

261 605 355 646 vult
394 605 624 658 eodemque
662 604 705 645 in
743 604 854 646 libro
893 619 1039 646 rursus
1070 607 1232 646 terram
1265 606 1307 645 et
1339 605 1503 646 caelum
1535 619 1595 646 re-

261 663 346 704 fert
385 663 429 703 in
468 663 579 704 deos.
640 662 730 704 Nec
766 677 868 704 vero
900 663 1187 718 Theophrasti
1218 663 1509 704 inconstantia
1538 663 1596 704 fe-

262 722 392 763 renda
429 724 511 775 est,
550 721 675 763 modo
714 721 827 762 enim
865 722 997 763 menti
1035 722 1226 763 divinum
1258 722 1411 762 tribuit
1443 721 1596 776 princi-

261 783 428 835 patum,
473 780 598 821 modo
640 780 775 835 caelo,
818 783 911 821 tum
949 783 1090 821 autem
1130 780 1263 835 signis
1303 780 1595 835 sideribusque

262 839 530 880 caelestibus.
579 838 669 880 Nec
701 839 933 880 audiendus
960 839 1049 880 eius
1075 839 1244 880 auditor
1271 838 1428 893 Strato,
1460 840 1496 880 is
1523 839 1596 893 qui

262 898 462 952 physicus
502 898 764 952 appellatur,
802 898 874 952 qui
912 912 1081 939 0111110111
1112 897 1199 938 vim
1232 897 1419 938 divinam
1450 898 1495 938 in
1524 912 1596 939 na-

261 960 360 997 tura
386 956 514 997 sitam
541 971 632 997 esse
659 958 815 1010 censet,
848 971 955 1011 quae
981 970 1130 997 causas
1157 956 1370 1011 gignendi,
1402 956 1595 1011 augendi,

262 1015 478 1056 minuendi
520 1015 696 1068 habeat,
741 1015 813 1056 sed
857 1018 1000 1056 careat
1044 1015 1159 1056 omni
1203 1029 1329 1056 sensu
1367 1017 1409 1056 et
1445 1016 1596 1070 figura.

262 1074 375 1115 Zeno
409 1076 564 1128 autem,
595 1076 644 1115 ut
674 1074 761 1115 iam
792 1074 845 1115 ad
876 1076 1055 1127 vestros,
1086 1073 1232 1127 Balbe,
1264 1073 1444 1127 veniam,
1475 1076 1597 1114 natu-

261 1132 398 1173 ralem
422 1133 562 1187 legem
587 1132 773 1173 divinam
801 1147 892 1173 esse
913 1134 1068 1184 censet,
1094 1146 1271 1186 eamque
1297 1132 1383 1173 vim
1404 1132 1596 1174 obtinere

261 1194 378 1232 recta
421 1191 705 1246 imperantem
745 1191 1127 1245 prohibentemque
1167 1191 1392 1232 contraria.
1461 1190 1597 1239 Quam

262 1250 401 1304 legem
441 1264 522 1304 quo
561 1250 686 1291 modo
721 1250 878 1291 efficiat
910 1250 1189 1303 animantem,
1227 1249 1478 1304 intellegere
1509 1264 1597 1291 non

261 1323 509 1363 possumus3
560 1309 683 1349 deum
733 1311 876 1349 autem
926 1308 1186 1349 animantem
1236 1311 1348 1349 certe
1399 1308 1595 1349 volumus

263 1381 367 1408 esse.
429 1367 571 1421 Atque
608 1367 677 1408 hie
714 1367 825 1408 idem
864 1367 948 1408 alio
987 1367 1080 1408 loeo
1120 1367 1293 1408 aethera
1324 1367 1448 1408 deum
1481 1367 1595 1420 dicit,

264 1426 300 1467 si
336 1426 533 1480 intellegi
569 1428 715 1480 potest
744 1426 852 1466 nihil
885 1425 1071 1466 sentiens
1104 1425 1222 1479 deus,
1261 1425 1333 1480 qui
1363 1440 1596 1480 numquam

262 1484 386 1526 nobis
437 1485 621 1526 occurrit
652 1499 798 1538 vneque
840 1484 884 1525 in
927 1484 1123 1539 precibus
1166 1499 1302 1538 neque
1346 1484 1390 1525 in
1434 1485 1595 1539 optatis

262 1557 399 1598 neque
436 1543 481 1584 in
511 1543 642 1596 votis,
681 1543 776 1584 aliis
810 1545 953 1584 autem
985 1543 1107 1584 libris
1139 1543 1350 1584 rationem
1383 1543 1596 1597 quandam

263 1616 339 1656 per
390 1616 558 1643 omnem
608 1604 807 1643 naturam
852 1616 994 1643 rerum
1037 1601 1322 1656 pertinentem
1365 1602 1408 1643 vi
1452 1601 1595 1643 divina

265 1674 356 1701 esse
395 1660 606 1702 adfectam
644 1663 779 1715 putat.
839 1659 957 1701 Idem
997 1660 1125 1701 astris
1162 1660 1243 1702 hoc
1279 1660 1391 1701 idem
1431 1660 1596 1713 tribuit,

263 1721 356 1760 tum
388 1719 522 1773 annis,
554 1719 772 1760 mensibus
806 1733 1097 1773 annorumque
1123 1718 1444 1760 mutationibus.
1489 1717 1594 1760 Cum

262 1791 363 1819 vero
402 1777 581 1819 Hesiodi
624 1778 900 1832 theogoniam
946 1777 1111 1829 [idest
1154 1777 1362 1832 originem
1403 1777 1594 1829 deorum]

263 1836 588 1890 interpretatur,
619 1837 738 1878 tollit
770 1837 941 1878 omnino
975 1836 1158 1879 usitatas
1192 1838 1496 1891 perceptasque
1532 1850 1596 1877 co-

265 1895 479 1950 gnitiones
512 1896 703 1949 deorum3
734 1910 871 1950 neque
904 1895 1015 1936 enim
1047 1894 1191 1936 Iovem
1222 1908 1357 1948 neque
1388 1893 1595 1935 Iunonem

263 1968 399 2007 neque
431 1953 611 1995 Vestam
649 1969 786 2008 neque
826 1968 1097 2008 quemquam,
1136 1953 1208 2007 qui
1245 1953 1307 1994 ita
1344 1953 1596 2007 appelletur,

263 2012 309 2053 in
347 2012 521 2053 deorum
558 2013 688 2054 habet
724 2027 920 2066 numero,
964 2012 1037 2053 sed
1073 2012 1199 2052 rebus
1236 2011 1435 2053 inanimis
1468 2014 1596 2066 atque

264 2070 395 2111 mutis
428 2086 504 2125 per
532 2072 745 2125 quandam
773 2070 1130 2125 significationem
1156 2071 1260 2112 haec
1287 2071 1408 2112 docet
1433 2070 1597 2112 tributa

263 2129 449 2171 nomina.
512 2128 640 2171 Cuius
674 2129 870 2184 discipuli
902 2129 1116 2170 Aristonis
1148 2144 1234 2171 non
1267 2130 1407 2170 minus
1439 2143 1595 2183 magno

264 2188 309 2229 in
334 2203 474 2230 errore
501 2189 714 2230 sententia
739 2191 817 2242 est,
849 2188 921 2242 qui
945 2203 1080 2242 neque
1105 2187 1289 2229 formam
1310 2188 1375 2229 dei
1400 2188 1596 2243 intellegi

264 2261 389 2302 posse
428 2250 598 2289 censeat
635 2262 770 2301 neque
808 2247 851 2287 in
890 2247 976 2288 deis
1010 2261 1180 2288 sensum
1213 2261 1304 2288 esse
1336 2247 1449 2288 dicat
1479 2247 1595 2288 dubi-

264 2308 410 2360 tetque
455 2306 645 2360 omnino,
690 2306 791 2347 deus
830 2305 1024 2347 animans
1062 2320 1192 2348 necne
1232 2306 1299 2347 sit.
1367 2304 1596 2347 Cleanthes

1616 734 1651 758 10

1616 1026 1648 1052 15

1616 1610 1648 1636 25

1615 1904 1648 1929 30

1614 2196 1669 2234 35¹
