1685 2568
245 67 330 109 144
707 67 770 102 DE
796 67 1117 103 DIVINATIONE

241 162 337 198 falsa
361 161 447 206 sint,
474 161 655 206 quaedam
672 171 748 196 non
766 160 830 204 ita,
855 160 913 196 uti
930 160 1123 206 praedicta
1141 160 1226 206 sint,
1252 161 1435 196 eveniant.
1486 161 1581 196 Mul-

242 211 300 245 tas
332 209 431 244 enim
455 208 736 262 praedictiones
768 209 942 242 eventum
965 207 1156 252 habuisse,
1189 208 1288 252 quod
1311 219 1446 254 negare
1471 220 1579 244 nemo

241 256 372 303 possit,
392 255 465 291 nisi
485 267 632 309 omnem
651 254 844 289 annalibus
865 255 976 289 fidem
995 255 1169 290 detrahat
1188 257 1280 300 (cap.
1297 259 1433 291 14—17
1454 261 1473 299 ξ
1487 260 1579 292 24—

243 305 313 348 33).
363 304 493 348 Itaque
519 314 558 337 se
582 302 630 336 iis
655 301 850 345 adsentiri,
885 301 948 346 qui
974 302 1046 337 duo
1072 301 1314 336 divinationis
1340 313 1475 347 genera
1500 314 1580 338 esse

242 350 422 394 dixerint,
449 349 538 384 artis
563 360 677 383 unum
700 347 900 393 particeps,
927 360 1056 393 expers
1081 348 1250 384 alterum.
1301 347 1432 384 Carere
1456 351 1581 385 autem

242 399 322 433 arte
348 408 429 439 eos,
462 396 525 441 qui
548 407 623 431 non
647 396 791 430 ratione
817 396 882 430 aut
907 396 1119 431 coniectura
1144 395 1347 430 observatis
1374 407 1417 430 ac
1440 397 1580 432 notatis

243 444 371 489 signis,
398 443 464 479 sed
489 442 738 478 concitatione
764 441 921 485 quadam
947 443 1061 477 animi
1080 443 1146 477 aut
1163 442 1286 477 animo
1306 453 1328 477 a
1347 443 1444 478 curis
1463 454 1580 478 vacuo

241 491 433 535 liberoque
457 490 722 535 praesentiant.
771 488 852 523 Huc
877 489 992 533 igitur
1016 489 1227 525 referendas
1254 501 1333 524 esse
1358 490 1581 535 praedictio-

242 550 307 573 nes
333 549 400 584 per
425 537 575 573 oracula
600 539 693 582 (cap.
722 539 846 578 18,19
873 540 892 578 §
919 541 1007 572 36——
970 541 1082 579 41),
1107 548 1174 582 per
1200 536 1342 571 somnia
1367 538 1461 582 (cap.
1488 541 1580 572 20—-

242 589 288 620 30
312 589 332 628 ξ
357 590 446 619 42-
453 587 509 629 65)
535 584 698 628 itemque
723 581 1009 618 vaticinationes
1033 583 1234 618 furentium
1260 586 1352 628 (cap.
1380 589 1423 619 31
1450 588 1470 627 ξ
1490 588 1581 620 65—

243 636 313 675 67).
364 632 558 667 Extremae
589 630 676 664 huic
708 629 956 674 disputationi
984 630 1183 676 Chrysippi
1215 631 1487 675 argumentatio
1520 631 1582 666 ad-

241 679 354 714 icitur
394 679 488 713 haec
526 676 719 712 divinandi
755 687 892 721 genera
927 688 1016 712 vera
1052 689 1132 712 esse
1169 677 1368 712 statuentis
1406 681 1499 724 (cap.
1538 683 1582 714 32

243 731 263 769 ς
289 730 378 762 68—
385 728 453 770 71).

335 772 478 808 Deinde
515 771 787 816 perlustrantur
822 770 1064 806 divinationis
1102 771 1307 806 artificialis
1345 783 1497 817 genera,
1535 772 1583 807 ad

241 831 336 865 quae
367 819 601 864 haruspiceS,
635 829 810 863 augures,
847 819 1074 854 coniectores
1102 818 1323 863 pertineant.
1374 818 1584 862 Eorundem

242 867 317 902 alia
350 878 430 902 esse
465 866 504 900 in
539 864 739 911 disciplina
771 867 809 902 et
839 865 1089 901 monumentis
1122 865 1262 918 posita,
1297 865 1372 900 alia
1396 866 1436 901 in
1460 866 1585 901 subita

243 914 457 950 coniectura
482 915 574 957 (cap.
596 917 685 948 33—
691 917 735 948 37
762 917 782 956 ξ
802 915 965 956 72—80).
1003 912 1096 946 Tum
1121 911 1284 958 exponit,
1311 912 1442 956 quibus
1467 913 1582 948 Stoici

241 961 448 996 rationibus
469 960 769 995 confirmaverint
787 971 867 995 esse
888 959 1157 994 divinationem
1176 961 1270 1004 (cap.
1291 963 1335 994 38
1357 971 1431 1004 seq.
1452 964 1471 1003 ξ
1490 964 1581 995 81—-

241 1012 311 1052 87).
362 1008 457 1051 Iam,
490 1006 554 1052 qui
585 1007 855 1042 divinationem
889 1017 970 1042 esse
994 1007 1148 1051 negent,
1181 1006 1280 1050 quod
1303 1007 1407 1041 nulla
1431 1007 1482 1042 sit
1506 1007 1584 1042 eius

240 1056 337 1090 ratio
370 1056 407 1090 et
432 1065 559 1098 causa,
592 1064 655 1089 eos
682 1065 818 1098 errare,
850 1065 936 1089 nam
962 1053 1213 1098 quaerendum
1238 1064 1335 1097 esse,
1367 1054 1464 1089 sitne
1490 1054 1584 1089 divi·

239 1103 343 1137 natio
369 1113 496 1145 necne,
522 1112 597 1136 non
623 1112 694 1145 quo
720 1101 831 1137 modo
857 1102 932 1136 fiat.
977 1100 1106 1145 Neque
1131 1111 1219 1135 vero
1245 1099 1371 1135 autin
1388 1101 1468 1136 vita
1487 1112 1584 1136 com-

240 1150 344 1184 muni
378 1150 444 1183 aut
474 1160 496 1183 a
526 1148 761 1201 philosophis
795 1147 975 1201 dubitari,
1010 1147 1099 1200 quin
1131 1147 1181 1182 sit
1212 1147 1392 1183 divinatio
1419 1150 1512 1193 (cap.
1538 1152 1583 1184 40

241 1201 260 1240 ξ
287 1201 375 1232 87—
382 1198 451 1239 89).
502 1195 618 1230 Recte
651 1195 765 1230 etiam
796 1195 937 1231 moveri
968 1195 1111 1229 animos
1143 1194 1334 1230 hominum
1359 1195 1582 1239 antiquitate

241 1242 457 1278 clarissimis
482 1242 709 1277 testimoniis
735 1243 874 1277 testata
900 1243 938 1277 et
957 1242 1175 1286 consignata
1194 1243 1287 1286 (cap.
1307 1245 1351 1277 41
1379 1246 1398 1284 ξ
1418 1245 1582 1287 90-92),

240 1292 280 1325 et
310 1291 349 1325 in
381 1289 524 1343 optima
553 1300 698 1334 quaque
722 1301 761 1324 re
787 1289 938 1335 publica
962 1300 1045 1324 cum
1071 1290 1194 1324 cetera
1221 1287 1413 1323 divinandi
1436 1300 1583 1334 genera,

239 1340 321 1372 tum
345 1337 513 1382 auspicia
538 1347 683 1382 semper
703 1336 864 1372 valuisse
884 1341 976 1381 (cap.
997 1340 1088 1371 42—
1092 1339 1136 1371 48
1162 1340 1182 1378 ξ
1201 1340 1291 1371 93-
1250 1338 1390 1381 -.108)
1429 1336 1585 1372 Omnem

240 1396 328 1420 vero
365 1383 607 1419 divinationis
641 1383 718 1418 vim
753 1384 792 1418 et
823 1383 1005 1429 originem
1038 1382 1268 1418 referendam
1294 1393 1374 1418 esse
1399 1383 1447 1417 ad
1473 1383 1584 1418 deum

241 1434 334 1477 (cap.
361 1436 451 1467 49-
456 1435 500 1466 55
533 1435 553 1473 §
581 1434 692 1466 109—
699 1433 797 1473 126),
831 1430 879 1465 ad.
904 1430 1022 1465 fatum
1047 1433 1141 1475 (cap.
1169 1434 1213 1465 56
1240 1433 1259 1472 ξ
1287 1434 1398 1466 127-
1358 1434 1502 1476 —128)‚
1535 1430 1584 1465 ad

239 1480 412 1514 naturam
437 1479 533 1524 (cap.
562 1482 617 1521 57,
645 1481 688 1512 58
715 1481 735 1520 ἓ
763 1480 971 1521 129—132).

194 1709 209 1739 1
328 1680 466 1722 Vetus
499 1680 643 1736 opinio
674 1682 740 1722 est
767 1680 850 1722 iam
879 1695 1010 1735 usque
1037 1681 1090 1722 ab
1116 1679 1299 1722 heroicis
1326 1679 1453 1722 ducta
1477 1682 1582 1721 tem-

240 1740 430 1796 poribus,
462 1754 595 1794 eaque
628 1741 671 1781 et
702 1739 853 1794 populi
879 1739 1063 1781 Romani
1094 1741 1138 1781 et
1170 1739 1360 1781 omnium
1387 1739 1580 1794 gentium

239 1801 413 1840 firmata
445 1812 671 1852 consensu,
709 1798 873 1840 versari
905 1797 1119 1852 quandam
1152 1797 1264 1839 inter
1294 1797 1491 1838 homines
1523 1797 1581 1838 di-

238 1858 522 1912 vinationem,
561 1872 690 1912 quam
725 1856 878 1899 Graeci
916 1855 1130 1910 μαντικήν
1163 1856 1402 1911 appellant,
1439 1855 1483 1897 id
1516 1858 1581 1897 est

237 1916 586 1971 praesensionem
619 1918 662 1957 et
694 1915 918 1957 scientiam
944 1930 1087 1957 rerum
1110 1915 1365 1956 futurarum.
1415 1913 1581 1970 Magni·
1618 1925 1635 1951 5

238 1976 319 2017 fica
351 1975 561 2029 quaedam
594 1989 661 2015 res
695 1976 737 2015 et
768 1974 991 2027 salutaris,
1023 1974 1060 2015 si
1092 1974 1217 2015 modo
1250 1976 1316 2015 est
1346 1973 1448 2027 ulla,
1481 1987 1581 2027 qua—

239 2048 319 2088 que
358 2033 551 2089 proxime
590 2033 642 2074 ad
681 2033 856 2074 deorum
893 2033 981 2075 vim
1018 2035 1174 2074 natura
1211 2031 1409 2074 mortalis
1440 2032 1580 2087 possit

239 2092 448 2134 accedere.
521 2091 674 2146 Itaque
726 2094 773 2132 ut
818 2092 904 2133 alia
946 2105 1024 2132 nos
1069 2091 1222 2133 melius
1267 2091 1405 2132 multa
1449 2105 1579 2145 quam

239 2151 409 2204 Graeci,
448 2150 509 2191 sic
539 2150 639 2192 huic
670 2150 1069 2205 praestantissimae
1101 2150 1163 2191 rei
1194 2164 1352 2191 nomen
1382 2148 1521 2191 nostri
1555 2164 1580 2191 a

238 2210 359 2263 divis,
386 2208 550 2263 Graeci,
576 2211 624 2250 ut
644 2208 770 2250 Plato
797 2209 1118 2263 interpretatur,
1146 2223 1171 2250 a
1189 2208 1333 2250 furore
1354 2207 1577 2249 duxerunt.
1599 2218 1633 2245 10

189 2276 211 2308 2
239 2268 421 2310 Gentem
463 2267 634 2322 quidem
674 2268 841 2309 nullam
881 2267 1003 2309 video
1040 2282 1176 2322 neque
1214 2269 1306 2308 tam
1342 2266 1577 2308 humanam
