1685 2568
48 2018 65 2031 l·
84 2000 86 2003 '
125 2028 127 2030 ,
199 2020 221 2031 —d

64 2050 75 2063 2
168 2042 210 2074 81

22 2092 26 2099 ¹
189 2100 191 2106 A

155 284 206 326 31

156 326 252 367 781)

158 613 200 644 79

164 1431 208 1462 80

227 96 281 136 74
632 92 697 128 DE
722 91 923 126 NATURA
948 88 1153 124 DEORUM

225 191 555 233 inbecillitatem
594 188 827 230 difficultas
865 187 1040 228 minime
1072 185 1188 228 cadit
1217 186 1263 227 in
1293 186 1565 227 maiestatem

226 251 412 292 deorum.
474 248 540 291 Ex
573 263 656 302 quo
690 247 875 288 efficitur
905 246 960 300 id,
993 245 1106 300 quod
1136 245 1353 299 volumus,
1391 245 1567 286 deorum

257 308 497 351 rovidentia
528 306 733 348 mundum
766 305 1070 346 administrari.
1120 303 1256 358 Atqui
1286 318 1458 345 necesse
1490 306 1567 357 est,

226 383 322 410 cum
350 367 438 408 sint
463 366 517 420 di,
550 365 586 406 si
613 364 739 406 modo
767 366 878 416 sunt,
910 366 958 404 ut
977 362 1170 418 profecto
1192 364 1305 415 sunt,
1336 362 1567 403 animantis

226 441 336 479 esse,
376 440 454 466 nec
495 424 636 465 solum
675 422 925 475 animantis,
967 422 1039 463 sed
1077 421 1207 462 etiam
1246 420 1427 463 rationis
1459 435 1569 462 com·
1606 434 1622 459 5

226 488 349 541 potes
381 484 495 525 inter
527 496 655 536 seque
683 481 805 536 quasi
831 481 947 522 civili
972 480 1270 522 conciliatione
1297 482 1340 521 et
1366 479 1570 521 societate

228 544 497 596 coniunctos,
529 556 662 583 unum
695 539 899 582 mundum
932 541 981 580 ut
1012 553 1280 581 communem
1312 553 1403 579 rem
1434 539 1572 593 publi-

228 617 322 645 cam
372 604 502 655 atque
551 600 702 641 urbem
753 598 943 652 aliquam
986 598 1186 654 regentis.
1257 595 1475 652 Sequitur,
1524 599 1573 638 ut

229 661 378 703 eadem
411 661 469 701 sit
494 659 538 700 in
564 658 629 713 iis,
662 673 769 712 quae
794 658 983 699 humano
1008 657 1053 697 in
1079 671 1246 712 genere,
1272 656 1396 710 ratio,
1426 656 1573 697 eadem

228 720 388 762 veritas
432 718 662 772 utrobique
709 717 765 758 sit
809 715 1039 770 eademque
1084 717 1169 770 lex,
1213 730 1320 770 quae
1365 717 1431 756 est
1468 715 1574 757 recti
1594 728 1627 752 10

229 778 474 835 praeceptio
502 777 707 832 pravique
735 775 940 830 depulsio.
983 774 1049 816 Ex
1076 789 1159 828 quo
1185 774 1452 829 intellegitur
1477 789 1575 829 pru-

231 839 420 880 dentiam
463 850 631 890 quoque
672 837 716 876 et
757 836 945 875 mentem
984 848 1009 874 a
1048 832 1136 874 deis
1171 833 1223 874 ad
1255 833 1449 875 homines
1482 847 1575 888 per-

230 898 414 949 venisse,
454 896 508 937 ob
542 908 720 948 eamque
753 907 926 935 causam
958 891 1168 933 maiorum
1199 891 1411 933 institutis
1443 906 1575 946 mens,

229 956 347 1009 fides,
374 955 524 1007 virtus,
551 952 778 995 concordia
804 954 1077 993 consecratae
1106 953 1148 992 et
1167 950 1336 1005 publice
1358 950 1576 992 dedicatae

232 1017 343 1056 sunt.
395 1012 512 1062 Quae
544 1013 617 1066 qui
650 1011 849 1054 convenit
875 1024 1004 1065 penes
1031 1009 1132 1051 deos
1159 1023 1252 1051 esse
1278 1023 1448 1065 negare,
1480 1024 1576 1051 cum
1596 1021 1629 1047 15

232 1088 379 1115 eorum
406 1074 592 1128 augusta
618 1073 660 1112 et
686 1072 835 1112 sancta
856 1069 1086 1110 simulacra
1104 1069 1384 1110 veneremur?
1417 1067 1577 1117 Quodsi

232 1134 345 1174 inest
371 1132 415 1173 in
439 1131 662 1172 hominum
678 1143 833 1185 genere
863 1143 994 1182 mens,
1020 1128 1137 1181 fides,
1163 1127 1314 1179 virtus,
1340 1127 1577 1181 concordia,

233 1191 343 1233 unde
387 1190 492 1231 haec
534 1192 581 1231 in
618 1191 778 1230 terram
815 1187 899 1229 nisi
938 1187 991 1228 ab
1031 1186 1196 1241 superis
1237 1186 1418 1227 defluere
1456 1189 1578 1241 potu-

234 1249 388 1292 erunt?
451 1248 643 1303 Cumque
683 1248 769 1288 sint
806 1246 850 1287 in
882 1246 1006 1288 nobis
1040 1246 1285 1299 consilium,
1319 1245 1450 1299 ratio,
1481 1260 1578 1300 pru-

235 1309 390 1362 dentia,
422 1322 594 1349 necesse
627 1308 693 1348 est
726 1306 826 1347 deos
858 1305 963 1346 haec
988 1305 1084 1359 ipsa
1111 1305 1269 1346 habere
1295 1305 1471 1358 maiora,
1502 1319 1579 1346 nec
1599 1309 1632 1341 ἑο

236 1368 395 1409 habere
429 1367 581 1420 solum,
614 1365 687 1406 sed
720 1365 851 1406 etiam
882 1364 936 1405 iis
968 1364 1032 1404 uti
1063 1363 1108 1404 in
1140 1363 1351 1404 maxumis
1385 1366 1427 1404 et
1459 1366 1580 1418 optu-

236 1429 316 1469 mis
349 1426 494 1480 rebus;
527 1424 636 1466 nihil
669 1426 812 1465 autem
843 1437 920 1464 nec
953 1422 1090 1464 maius
1122 1436 1200 1463 nec
1225 1422 1378 1463 melius
1404 1422 1580 1476 mundo3

234 1499 407 1527 necesse
446 1487 512 1525 est
551 1497 653 1539 ergo
687 1498 783 1524 eum
816 1481 992 1523 deorum
1024 1481 1203 1523 consilio
1237 1484 1279 1522 et
1309 1481 1582 1536 providentia

236 1543 542 1587 administrari.
586 1542 811 1584 Postremo
839 1556 934 1582 cum
963 1540 1068 1581 satis
1096 1540 1363 1581 docuerimus
1389 1540 1467 1582 hos
1488 1554 1581 1582 esse

236 1604 350 1657 deos,
384 1617 565 1658 quorum
598 1601 809 1656 insignem
843 1599 929 1641 vim
963 1602 1006 1640 et
1036 1599 1265 1640 inlustrem
1290 1599 1444 1640 faciem
1470 1599 1581 1641 vide·
1601 1610 1634 1635 25

236 1676 393 1716 remus,
426 1661 561 1703 solem
594 1660 686 1702 dico
721 1662 763 1701 et
795 1659 943 1700 lunam
976 1660 1020 1700 et
1050 1672 1183 1713 vagas
1217 1658 1367 1699 stellas
1400 1661 1442 1700 et
1473 1658 1582 1699 iner-

237 1723 383 1763 rantes
426 1722 470 1762 et
501 1720 667 1762 caelum
700 1721 742 1760 et
775 1717 980 1759 mundum
1010 1717 1154 1772 ipsum
1186 1719 1230 1758 et
1261 1732 1407 1758 earum
1439 1732 1581 1758 rerum

237 1780 343 1833 vim,
385 1794 492 1834 quae
533 1779 725 1820 inessent
762 1778 806 1818 in
846 1776 961 1818 omni
994 1776 1152 1817 mundo
1186 1791 1280 1818 cum
1312 1790 1470 1832 magno
1503 1790 1582 1817 usu

239 1841 282 1880 et
319 1838 624 1880 commoditate
663 1836 831 1893 generis
863 1835 1061 1890 humani,
1100 1835 1282 1876 efficitur
1315 1835 1460 1876 omnia
1490 1834 1583 1890 regi

174 1933 181 1954 ἶ
239 1897 384 1939 divina
422 1900 564 1938 mente
600 1899 727 1950 atque
759 1894 997 1950 prudentia.
1059 1893 1124 1936 Ac
1156 1894 1205 1935 de
1237 1893 1378 1948 prima
1410 1893 1582 1948 quidem
1602 1903 1635 1929 30

116 1956 224 2033 *¹30
238 1959 363 2012 parte
397 1956 503 1997 satis
535 1956 695 1997 dictum
729 1957 805 1996 est.

329 2013 542 2069 Sequitur,
574 2017 623 2056 ut
655 2014 832 2055 doceam
864 2013 1008 2055 omnia
1041 2011 1233 2054 subiecta
1265 2025 1357 2052 esse
1389 2014 1584 2065 naturae,

240 2089 373 2129 eaque
406 2074 459 2115 ab
493 2088 542 2114 ea
573 2072 856 2128 pulcherrime
889 2071 990 2126 geri.
1052 2069 1134 2112 Sed
1166 2070 1267 2125 quid
1299 2070 1356 2111 sit
1386 2070 1482 2124 ipsa
1512 2084 1584 2111 na-

239 2136 355 2186 tura,
395 2132 693 2187 explicandum
732 2133 798 2172 est
836 2133 936 2172 ante
968 2129 1173 2183 breviter,
1213 2144 1295 2184 quo
1327 2128 1497 2170 facilius
1529 2128 1584 2182 id,

241 2192 355 2247 quod
393 2191 542 2233 docere
579 2191 796 2244 volumus,
835 2189 1032 2244 intellegi
1069 2189 1219 2243 possit.
1280 2187 1478 2242 Namque
1511 2187 1586 2228 alii
1603 2196 1638 2223 35

239 2253 443 2293 naturam
475 2264 567 2291 esse
600 2251 777 2291 censent
808 2248 895 2290 vim
929 2247 1142 2302 quandam
1169 2247 1259 2288 sine
1285 2247 1451 2288 ratione
1478 2246 1586 2288 cien—

240 2313 329 2352 tem
362 2311 504 2351 motus
537 2308 583 2350 in
614 2307 863 2363 corporibus
895 2307 1178 2360 necessarios,
1217 2305 1291 2348 alii
1323 2307 1467 2347 autem
1498 2305 1586 2347 vim
