1685 2568
206 234 300 260 rum
337 218 550 260 neminem
586 218 670 258 nisi
706 217 880 259 iuvante
918 217 995 259 deo
1036 217 1169 258 talem
1207 217 1339 259 fuisse
1376 218 1544 260 creden-

141 288 205 319 166
226 278 326 319 dum
364 280 440 318 est
503 276 619 325 Quae
656 276 767 317 ratio
805 279 955 331 poetas
994 290 1275 330 maxumeque
1306 276 1544 318 Homerum

207 336 382 392 inpulit,
419 338 468 377 ut
499 335 764 390 Ρ111101Ρ110113
796 335 991 389 1101011111,
1022 333 1159 389 Ulixi,
1190 334 1399 389 Diomedi,
1430 336 1544 390 Aga-

206 394 440 448 1110111110111,
472 393 652 446 Achilli,
684 396 823 435 certos
856 394 955 435 deos
989 393 1279 434 discriminum
1311 396 1354 434 et
1384 395 1544 448 pericu-

206 454 348 495 lorum
380 428 557 494 coinites
590 451 852 507 adiungeret.
900 451 1164 494 Praeterea
1153 466 1344 506 ipsolum
1371 452 1544 495 deorum
1563 465 1581 491 5

208 527 333 567 saepe
365 511 652 566 praesentiae,
685 511 834 564 quales
868 525 998 566 supra
1029 510 1377 565 commemoravi,
1409 511 1544 553 decla-

207 574 306 612 rant
344 571 397 612 ab
434 570 487 611 iis
527 571 570 611 et
602 569 850 611 civitatibus
883 572 926 611 et
958 569 1139 625 singulis
1171 569 1417 611 hominibus
1451 585 1546 612 con-

208 630 308 683 suli,
348 629 460 684 quod
493 628 662 683 quidem
694 628 964 684 intellegitur
996 628 1127 670 etiam
1159 628 1545 684 significationibus

207 703 350 730 rerum
387 687 647 741 futurarum,
686 701 794 741 quae
825 689 919 728 tum
951 687 1279 742 dormientibus,
1317 690 1410 728 tum
1441 688 1547 742 vigi-

208 747 398 789 lantibus
418 746 744 801 portenduntur.
787 745 926 787 Multa
945 748 1167 801 praeterea
1187 746 1381 800 ostentis,
1408 747 1546 788 multa
1566 760 1600 785 10

207 806 316 848 extis
360 805 638 846 admonemur
670 804 902 859 multisque
934 805 1060 846 rebus
1094 805 1207 858 aliis,
1247 819 1352 859 quas
1386 805 1546 846 diutur-

206 880 286 906 nus
323 879 426 905 usus
463 864 526 904 ita
565 863 751 917 notavit,
789 865 837 904 ut
870 865 1007 904 artem
1039 863 1314 905 divinationis
1348 863 1546 906 efficeret.
1682 842 1685 951 ι

139 933 202 964 167
224 923 362 965 Nemo
400 923 535 978 igitur
572 922 638 963 vir
675 935 857 977 magnus
897 922 987 963 sine
1025 922 1170 976 aliquo
1209 922 1370 964 adflatu
1403 923 1546 964 divino

206 997 412 1036 umquam
448 981 542 1022 fuit.
604 980 694 1022 Nec
731 995 831 1022 vero
870 982 916 1022 id
949 981 1012 1022 ita
1047 980 1329 1022 refellendum
1368 984 1450 1035 est,
1486 985 1546 1035 ut,
1680 955 1685 1038 ι

208 1041 245 1082 31
276 1040 495 1096 segetibus
527 1042 601 1081 aut
633 1039 787 1080 vinetis
820 1039 1057 1094 cuiuspiam
1082 1042 1318 1094 tempestas
1343 1041 1548 1094 nocuerit,
1568 1052 1601 1078 15

208 1102 283 1142 aut
321 1100 358 1141 31
395 1099 497 1154 quid
529 1113 550 1140 e
583 1098 697 1140 vitae
730 1099 964 1140 commodis
997 1113 1119 1140 casus
1153 1099 1401 1153 abstulerit,
1440 1114 1547 1154 eum,

207 1159 274 1201 cui
319 1158 420 1213 quid
459 1157 614 1199 horum
652 1157 869 1210 acciderit,
915 1159 989 1198 aut
1025 1157 1212 1198 invisum
1250 1158 1327 1199 deo
1367 1160 1442 1199 aut
1478 1173 1548 1199 ne·
1683 1193 1685 1200 Α

207 1218 397 1273 glectum
442 1231 467 1258 3
506 1217 582 1257 deo
619 1216 865 1258 iudicemus.
926 1215 1085 1271 Magna
1123 1216 1164 1257 di
1202 1219 1370 1270 curant,
1413 1231 1549 1272 parva
1681 1204 1685 1325 1

205 1277 453 1332 neglegunt.
503 1275 674 1330 Magnis
708 1277 851 1316 autem
878 1274 982 1316 viris
1008 1289 1240 1330 prosperae
1267 1289 1435 1330 semper
1461 1290 1547 1317 om-

205 1350 280 1377 nes
313 1349 393 1389 res,
426 1334 637 1388 siquidem
670 1334 775 1375 satis
808 1349 833 1375 a
863 1334 1024 1375 nostris
1057 1336 1099 1374 et
1132 1349 1156 1375 a
1187 1334 1379 1388 principe
1410 1334 1548 1388 philo·
1568 1346 1602 1371 20
1669 1354 1685 1514 Jff

1666 1516 1672 1640 l

1665 1649 1669 1709 5

1664 1742 1666 1769 ι

210 123 292 164 106
625 121 690 156 DE
716 121 916 156 NATURA
941 120 1145 155 DEORUM
1672 0 1685 170 Ξ

207 1394 384 1449 sophiae
416 1391 590 1435 Socrate
624 1392 783 1435 dictum
816 1395 882 1434 est
914 1393 964 1433 de
995 1392 1266 1434 ubertatibus
1298 1393 1473 1434 virtutis
1506 1396 1549 1435 et

208 1453 354 1508 copiis.

136 1493 204 1576 (1338
295 1511 414 1553 Haec
439 1510 546 1552 mihi
570 1510 658 1552 fere
683 1510 729 1551 in
754 1512 941 1551 mentem
966 1510 1209 1565 veniebant,
1241 1525 1347 1564 quae
1374 1510 1549 1553 dicenda

207 1573 406 1626 putarem
439 1570 489 1611 de
520 1572 676 1611 natura
708 1569 895 1610 deorum.
956 1568 1020 1610 Tu
1053 1571 1208 1623 autem,
1239 1568 1381 1623 Cotta,
1414 1569 1450 1610 si
1481 1585 1548 1611 me

208 1630 369 1683 audias,
396 1629 572 1670 eandem
599 1642 772 1670 causam
799 1642 904 1683 agas
929 1630 1056 1682 teque
1083 1630 1125 1669 et
1150 1628 1386 1683 principem
1412 1628 1548 1670 civem
1567 1640 1602 1666 25

208 1691 251 1730 et
287 1688 534 1743 pontificem
576 1701 668 1729 esse
706 1687 869 1742 cogites
909 1689 969 1741 et,
1013 1686 1214 1741 quoniam
1246 1687 1290 1728 in
1321 1689 1548 1742 utramque

208 1750 378 1802 partem
409 1746 532 1788 vobis
565 1746 666 1788 licet
699 1746 929 1800 disputare,
960 1745 1072 1787 hanc
1096 1746 1241 1800 potius
1267 1760 1412 1787 sumas
1438 1761 1548 1787 03111-

209 1820 290 1860 que
314 1805 567 1847 facultatem
594 1804 840 1858 disserendi,
873 1819 1001 1859 quam
1025 1804 1109 1845 tibi
1136 1819 1161 1846 a
1185 1804 1411 1846 rhetoricis
1435 1819 1548 1846 exer·
1661 1822 1664 1876 5

207 1864 486 1906 citationibus
531 1866 752 1918 acceptam
793 1863 1074 1918 amplificavit
1111 1863 1359 1917 Academia,
1402 1863 1547 1918 potius

207 1923 291 1965 huc
316 1923 522 1965 conferas.
565 1922 683 1964 Mala
709 1922 822 1963 enim
848 1924 891 1963 et
915 1921 1050 1976 impia
1075 1922 1334 1963 consuetudo
1362 1924 1428 1963 est
1453 1937 1548 1964 con·
1568 1933 1602 1958 30
1674 1962 1676 1968 ,

207 1984 277 2023 tra
310 1982 410 2024 deos
437 1981 694 2037 disputandi,
728 1981 817 2022 sive
843 1995 894 2022 ex
921 1980 1063 2022 animo
1089 1980 1133 2021 id
1157 1980 1207 2021 fit
1227 1980 1315 2022 sive
1336 1980 1550 2023 simulate.
