1685 2568
422 73 512 108 LIB.
539 73 566 108 Ι.
601 73 699 108 ΟΑΡ.
729 78 879 109 11-13,
911 77 931 116 ξ
959 78 1107 110 18-22.
1349 77 1432 119 153

155 168 276 211 Tum
320 169 432 223 quis
476 184 576 212 non
613 169 744 211 artis
782 170 981 224 scripta
1018 185 1073 212 ac
1111 175 1435 214 monumenta

1078 230 1318 271 volutans

155 285 318 329 Voces
344 287 628 328 tristificas
655 286 851 329 chartis
876 288 1145 342 promebat
1169 288 1435 330 Etruscis?

155 344 336 387 Omnes
375 345 578 388 civilem
617 359 868 401 generosa
898 360 926 387 a
956 346 1119 402 stirpe
1150 346 1436 402 profectam

154 402 334 446 Vitare
353 404 614 460 ingentem
634 404 827 446 cladem
846 407 1144 460 pestemque
1164 406 1437 448 monebant

155 461 250 505 Vel
281 463 453 519 legum
485 462 697 504 exitium
729 463 992 505 constanti
1023 478 1143 506 voce
1174 464 1414 506 ferebant

157 520 365 577 Templa
421 521 665 576 deumque
716 522 836 564 adeo
886 522 1113 564 flammis
1162 523 1437 578 urbemque

1071 582 1320 623 iubebant

155 638 370 694 Eripere
419 641 468 680 et
513 641 742 695 stragem
785 640 1090 682 horribilem
1136 641 1438 696 caedemque

1134 714 1321 754 verer13

154 755 323 811 Atque
348 756 474 799 haec
497 756 608 799 fixa
634 757 780 813 gravi
804 757 914 800 fato
941 773 996 802 ae
1020 758 1235 800 fundata
1254 758 1438 813 teneri,

154 813 219 856 Ni
243 815 387 870 prius
408 816 662 858 excelsum
683 816 742 858 ad
763 817 998 859 columen
1015 817 1240 859 formata
1259 817 1439 859 decore

155 871 343 916 Sancta
361 873 501 916 Iovis
523 875 721 930 species
743 875 912 917 claros
933 879 1193 931 spectaret
1212 877 1263 918 in
1283 879 1439 918 ortus.

155 931 277 974 Tum
326 933 435 975 fore
484 936 539 975 ut
589 935 819 977 occultos
863 935 1083 990 populus
1129 938 1439 990 sanctusque¹

1107 997 1322 1036 senatus

157 1048 374 1092 Cernere
406 1054 619 1094 conatus
651 1056 849 1108 posset,
882 1053 925 1094 si
957 1053 1084 1095 solis
1118 1053 1178 1095 ad
1210 1056 1376 1095 ortum

157 1107 415 1151 Conversa
456 1111 572 1152 inde
614 1114 819 1167 patrum
860 1111 1004 1153 sedes
1045 1112 1328 1167 populique
1371 1112 1441 1154 vi-

1169 1170 1322 1212 deret

155 1225 290 1268 Haec
321 1227 529 1269 tardata
561 1228 644 1270 diu
670 1229 870 1284 species
896 1229 1215 1284 multumque
1241 1232 1440 1271 morata
1466 1239 1510 1270 21

157 1283 377 1328 Consule
415 1289 464 1328 te
501 1287 705 1329 tandem
743 1288 881 1330 celsa
912 1291 990 1330 est
1020 1288 1071 1329 in
1103 1288 1218 1330 sede
1250 1289 1439 1343 locata,

155 1345 325 1399 Atque
356 1360 455 1387 una
485 1345 580 1387 fixi
612 1361 665 1389 ac
698 1347 895 1403 signati
926 1347 1177 1402 temporis
1209 1347 1335 1389 hora

154 1402 392 1459 Iuppiter
424 1405 628 1447 excelsa
660 1406 895 1448 clarabat
928 1408 1133 1461 sceptra
1164 1407 1416 1461 columna,

155 1461 220 1504 Et
252 1462 423 1505 clades
454 1465 656 1518 patriae
687 1464 896 1507 flamma
925 1465 1167 1520 ferroque
1197 1468 1383 1520 parata

155 1520 383 1564 Vocibus
439 1522 784 1579 Allobrogum
845 1524 1086 1579 patribus
1147 1524 1440 1579 populoque

156 1639 274 1681 Rite
311 1640 476 1696 igitur
506 1643 727 1696 veteres,
766 1656 979 1696 quorum
1011 1583 1338 1707 111οὲ315ξὲἔᾷ
1369 1643 1510 1685 te-l3

157 1756 251 1807 Qui
280 1758 500 1814 populos
532 1759 780 1814 urbisque
811 1760 963 1802 modo·
989 1775 1044 1802 ac
1075 1703 1443 1816 virtluetbeisiiege-

1180 1819 1306 1860 bant

157 1875 275 1917 Rite
301 1876 455 1918 etiam
474 1878 656 1932 vestri,
683 1892 894 1932 quorum
914 1878 1187 1933 pietasque
1206 1852 1443 1932 fidesque

158 1933 437 1976 Praestitit
468 1938 517 1977 et
548 1936 702 1992 longe
733 1936 860 1978 vicit
892 1936 1152 1992 sapientia
1183 1939 1412 1991 cunctos,

157 1993 437 2048 Praecipue
470 1995 674 2038 coluere
705 1995 906 2052 vigenti
936 1996 1140 2037 numine
1172 1995 1329 2038 divos.

158 2051 296 2094 Haec
327 2052 448 2095 adeo
479 2055 686 2110 penitus
718 2070 837 2097 cura
867 2055 1039 2097 videre
1072 2054 1265 2111 sagaci,

160 2111 278 2155 Otia
310 2111 395 2166 qui
427 2113 614 2156 studiis
646 2114 774 2156 laeti
805 2116 1016 2156 tenuere
1048 2113 1264 2168 decoris,

157 2171 318 2227 Inque
349 2170 623 2215 Academia
660 2173 943 2215 umbrifera
973 2172 1243 2228 nitidoque
1274 2171 1437 2226 Lyceo
1465 2180 1508 2210 22

158 2230 420 2272 Fuderunt
451 2231 619 2273 claras
651 2232 855 2274 fecundi
885 2232 1113 2287 pectoris
1147 2231 1288 2274 artis.

158 2290 195 2332 E
224 2290 407 2345 quibus
434 2293 663 2345 ereptum
688 2291 851 2346 primo
877 2291 978 2333 iam
1004 2306 1028 2332 a
1046 2290 1180 2332 flore
1200 2290 1440 2331 iuventae
