1685 2568
521 0 614 25 (4⁴

468 111 557 146 LIB.
583 112 628 146 ΙΙ.
662 110 762 146 CAP.
789 115 892 146 2—4.
925 115 944 154 g
969 115 1072 147 4—8.
1344 112 1427 153 407

98 211 191 250 tum
233 208 533 263 conplectitur,
577 207 690 262 quod
730 207 836 248 satis
869 207 926 248 sit
956 207 1146 248 modicae
1178 207 1431 261 palaestrae,

98 267 198 320 loci3
231 281 313 321 quo
347 267 508 320 effecto,
538 269 760 320 tamquam
790 265 834 306 id
865 265 1065 306 habuerit
1096 265 1236 319 operis
1269 280 1318 306 ac
1343 280 1431 306 mu-

97 325 230 378 neris,
261 327 309 366 ut
339 325 449 366 hanc
479 324 604 366 nobis
637 324 824 366 efficeret
854 324 997 365 sedem
1030 323 1083 365 ad
1114 323 1431 378 disputandum,

98 383 246 425 statim
278 383 536 439 praecipitat
566 383 609 424 111
635 383 778 424 Lirem
810 385 864 437 et,
896 382 1018 437 quasi
1049 382 1094 423 in
1123 382 1335 423 familiam
1359 396 1431 436 pa-

62 453 78 478 5
98 442 266 483 triciam
308 442 491 495 venerit,
535 441 699 483 amittit
740 456 896 483 nomen
940 441 1161 483 obscurius
1205 440 1431 494 Liremque

98 501 233 542 multo
267 500 517 556 gelidiorem
548 500 670 553 facit,
700 515 777 541 1100
810 500 922 541 enim
952 499 1090 541 ullum
1120 499 1202 541 hoc
1231 499 1431 554 frigidius

97 559 255 600 flumen
286 558 425 613 attigi,
458 572 586 612 quom
619 558 673 600 ad
698 559 837 600 multa
862 558 1125 611 accesserim,
1155 560 1205 599 ut
1229 557 1301 599 vix
1325 557 1431 612 pede

95 620 309 672 temptare
345 617 389 658 id
426 617 606 672 possim,
648 617 761 671 quod
797 617 843 658 in
873 616 1068 659 Phaedro
1099 616 1296 657 Platonis
1326 615 1432 658 facit

96 674 304 718 Socrates.
353 676 415 717 M.
446 675 528 716 Est
564 690 665 717 vero
703 676 783 729 ita3
821 676 895 716 sed
931 678 1077 717 tamen
1112 675 1211 716 huic
1244 674 1431 716 amoeni·
1458 682 1476 713 7

44 746 76 770 10
96 734 194 788 tati,
227 749 352 788 quem
385 749 435 775 ex
467 733 624 782 Quinto
656 749 783 789 saepe
815 734 959 789 audio,
991 734 1197 788 Thyamis
1228 733 1430 788 Epirotes

95 796 194 834 tuus
225 793 299 834 ille
330 793 452 847 nihil,
484 793 647 847 opinor,
679 793 948 835 concesserit.
1000 793 1044 845 Q.
1076 792 1157 834 Est
1187 792 1261 846 ita,
1293 794 1342 833 ut
1374 791 1432 832 di·
1482 804 1484 806 ’

95 852 173 906 cis3
205 866 305 893 cave
338 851 450 893 enim
480 854 606 906 putes
638 851 775 893 Attici
805 851 944 893 nostri
969 851 1194 892 Amalthio
1225 850 1431 906 platanis·

44 910 47 913 ’
80 923 176 966 jque
212 910 300 951 illis
333 910 559 965 quicquam
591 925 682 952 esse
714 910 988 965 praeclarius.
1046 909 1146 964 Sed,
1184 910 1221 951 si
1251 909 1431 963 videtur,

80 967 365 1011 Jconsidamus
402 969 471 1010 hic
507 969 551 1010 in
588 970 742 1010 umbra
776 971 904 1023 atque
937 969 990 1010 ad
1022 982 1117 1010 eam
1148 971 1316 1023 partem
1349 983 1432 1010 ser-

42 1039 76 1064 15
96 1028 250 1082 monis,
289 1043 339 1069 ex
372 1042 456 1082 qua
487 1028 649 1083 egressi
681 1043 844 1082 sumus,
875 1030 1152 1069 revertamur.
1213 1028 1276 1068 M.
1307 1026 1432 1068 Prae-

95 1087 208 1128 clare
246 1087 400 1142 exigis,
438 1085 610 1140 Quinte,
649 1085 713 1141 (at
748 1101 828 1142 ego
861 1086 1061 1142 effugisse
1095 1085 1357 1141 arbitrabar)
1390 1088 1432 1126 et

93 1145 175 1186 tibi
206 1145 359 1187 horum
390 1145 498 1186 nihil
525 1145 669 1186 deberi
692 1148 849 1200 potest.
900 1144 946 1197 Q.
971 1144 1122 1186 Ordire
1147 1144 1301 1200 igitur,
1331 1159 1432 1186 nam

93 1204 206 1245 hunc
236 1204 318 1245 tibi
349 1207 491 1245 totum
523 1204 712 1245 dicamus
745 1204 868 1245 diem.

181 1262 244 1304 M.
271 1262 325 1303 <A
350 1262 469 1304 Iove
495 1262 749 1304 Musarum
774 1262 1090 1318 primordia’,
1120 1262 1231 1304 sicut
1255 1262 1301 1303 in
1325 1262 1432 1303 Ara-

41 1332 75 1358 20
94 1321 156 1363 tio
187 1321 373 1363 carmine
406 1321 493 1363 orsi
519 1336 676 1363 sumus.
728 1321 772 1373 Q.
805 1320 1018 1370 Quorsum
1044 1322 1184 1363 istuc?
1227 1322 1290 1363 M.
1323 1320 1431 1369 Quia

92 1394 203 1421 nunc
246 1380 351 1421 item
395 1380 449 1421 ab
495 1380 641 1421 eodem
690 1382 733 1421 et
770 1395 795 1421 a
832 1380 984 1422 ceteris
1023 1380 1087 1421 dis
1125 1380 1430 1421 inmortalibus

94 1441 194 1480 sunt
217 1439 342 1480 nobis
369 1439 523 1495 agendi
548 1439 753 1494 capienda
777 1439 1024 1494 primordia.
1058 1439 1102 1491 Q.
1123 1438 1295 1494 Optime
1317 1453 1431 1493 vero,
1457 1443 1478 1475 8

92 1496 240 1549 frater,
272 1500 314 1538 et
344 1497 438 1538 fieri
469 1497 530 1539 sic
561 1497 691 1540 decet.

181 1556 243 1597 M.
275 1555 507 1597 Videamus
537 1556 672 1612 igitur
702 1571 868 1611 rursus,
899 1557 1019 1612 prius
1052 1571 1181 1612 quam
1212 1556 1431 1611 adgredia-
1457 1558 1483 1598 4
1530 1606 1534 1611 ‚

40 1625 75 1651 25
95 1629 190 1656 mur
234 1615 287 1656 ad
330 1615 448 1669 leges
493 1615 704 1670 singulas,
748 1615 836 1656 vim
872 1619 1158 1670 naturamque
1194 1615 1323 1671 legis,
1365 1629 1431 1669 ne,
1534 1614 1547 1623 ²

94 1688 223 1728 quom
263 1673 484 1714 referenda
523 1674 610 1714 sint
648 1674 702 1715 ad
738 1689 832 1715 eam
869 1675 995 1716 nobis
1034 1674 1195 1728 omnia,
1234 1674 1432 1715 labamur

94 1732 308 1774 interdum
347 1746 489 1773 errore
528 1733 735 1774 sermonis
767 1733 1099 1788 ignoremusque
1130 1733 1218 1774 vim
1250 1732 1431 1774 rationis

94 1791 195 1844 eius,
228 1805 312 1845 qua
342 1791 437 1832 iura
467 1791 592 1832 nobis
625 1791 862 1833 definienda
895 1792 992 1833 sint.
1044 1791 1088 1843 Q.
1121 1791 1230 1834 Sane
1260 1791 1431 1845 quidem

93 1849 247 1903 hercle,
279 1852 321 1890 et
354 1852 419 1890 est
450 1849 535 1891 ista
566 1852 684 1891 recta
715 1850 891 1892 docendi
920 1851 1002 1892 via.
1051 1851 1114 1892 M.
1148 1850 1269 1892 Hanc
1296 1850 1432 1906 igitur

39 1918 73 1944 ³0
93 1908 215 1950 video
254 1908 670 1963 sapientissimorum
706 1908 838 1950 fuisse
876 1910 1151 1962 sententiam,
1190 1909 1331 1965 legem
1361 1923 1430 1950 ne-

94 1981 174 2021 que
198 1966 422 2009 hominum
447 1967 632 2023 ingeniis
658 1968 946 2023 excogitatam
971 1983 1049 2009 nec
1075 1968 1230 2010 scitum
1257 1967 1431 2022 aliquod

93 2040 185 2067 esse
215 2025 486 2081 populorum,
519 2025 592 2067 sed
624 2028 845 2067 aeternum
877 2027 1089 2081 quiddam,
1122 2027 1235 2081 quod
1265 2027 1431 2068 univer-

93 2098 187 2125 sum
232 2084 438 2126 mundum
486 2087 655 2139 regeret
703 2084 942 2140 imperandi
983 2085 1322 2141 prohibendique
1367 2099 1431 2126 sa-

92 2142 265 2198 pientia.
319 2142 389 2184 Ita
419 2143 655 2198 principem
687 2143 828 2199 legem
858 2144 981 2186 illam
1012 2147 1054 2186 et
1085 2144 1284 2186 ultimam
1316 2158 1430 2184 men-

39 2211 73 2238 35
93 2204 181 2243 tem
225 2215 316 2242 esse
360 2201 558 2243 dicebant
601 2202 746 2243 omnia
788 2203 955 2244 ratione
1000 2205 1074 2244 aut
1117 2204 1310 2258 cogentis
1355 2204 1429 2243 aut

92 2260 279 2301 vetantis
312 2259 395 2313 dei3
427 2274 476 2301 ex
508 2275 591 2314 quo
623 2260 701 2302 illa
732 2261 811 2315 lex,
844 2276 972 2316 quam
1001 2261 1044 2302 di
1068 2261 1256 2303 humano
1284 2261 1426 2316 generi

93 2318 315 2372 dederunt,
352 2321 464 2360 recte
503 2322 568 2360 est
605 2319 799 2374 laudata3
839 2322 905 2362 est
936 2320 1049 2361 enim
1080 2320 1192 2361 ratio
1224 2333 1427 2374 mensque
