1685 2568
446 98 536 134 ΜΒ.
561 99 607 134 ΙΙ.
641 99 741 135 CAP.
767 104 869 135 4—6.
897 104 915 143 ς
944 105 1091 136 11-16.
1343 102 1426 144 201

89 194 298 236 abducere
331 194 637 236 divinationem
669 208 848 249 eamque
879 195 942 236 ita
974 195 1165 236 definire:
1205 195 1430 239 divinatio-

87 267 186 294 nem
225 267 318 294 esse
357 267 503 295 earum
539 267 681 294 rerum
719 253 1055 308 praedictionem
1093 256 1136 295 et
1166 256 1430 308 praesensio-

87 325 197 365 nem,
231 326 338 366 quae
365 314 508 353 essent
532 311 748 354 fortuitae.
790 311 984 353 Primum
1011 312 1158 354 eodem
1183 313 1430 354 revolveris.

88 368 202 411 Nam
241 372 284 411 et
320 370 473 412 medici
511 372 554 412 et
592 371 892 426 gubernatoris
931 373 974 412 et
1005 371 1279 426 imperatoris
1311 386 1430 426 prae-

53 439 70 466 5
90 428 229 470 sensio
263 431 330 470 est
361 443 503 471 rerum
533 428 825 471 fortuitarum.
886 428 1003 471 Num
1034 429 1169 485 igitur
1201 432 1276 470 aut
1305 429 1431 471 haru-

89 501 192 542 spex
229 490 304 528 aut
342 501 479 543 augur
517 489 593 529 aut
629 490 751 529 vates
790 488 884 543 quis
918 490 993 530 aut
1025 488 1244 530 somnians
1276 489 1430 530 melius

88 546 317 588 coniecerit
350 549 424 587 aut
455 560 477 588 e
508 547 660 588 morbo
694 561 921 588 evasurum
953 549 1179 603 aegrotum
1211 549 1286 589 aut
1315 562 1336 588 e
1360 562 1431 603 pe-

88 604 224 646 riculo
256 620 410 646 navem
442 607 516 646 aut
547 619 597 646 ex
622 605 788 647 insidiis
816 606 1049 648 exercitum
1076 620 1204 660 quam
1230 606 1430 660 medicus,

89 677 218 718 quam
245 664 519 719 gubernator,
546 678 674 718 quam
700 664 964 719 imperator?
1002 665 1138 719 Atqui
1161 680 1214 706 ne
1237 665 1316 706 illa
1342 665 1430 720 qui·
1458 676 1498 707 14

35 735 69 762 ιο
89 722 184 763 dem
222 722 454 764 divinantis
487 737 579 764 esse
605 723 789 777 dicebas,
821 726 973 765 ventos
999 726 1074 765 aut
1099 724 1259 765 imbres
1285 723 1431 779 inpen-

88 781 235 822 dentes
272 781 529 836 quibusdam
571 782 837 837 praesentire
881 782 1017 838 signis
1059 780 1123 838 (in
1160 797 1243 838 quo
1280 785 1431 824 nostra

88 839 297 894 quaedam
317 840 481 882 Aratea
500 841 748 883 memoriter
773 856 798 883 a
822 843 865 883 te
890 841 1172 896 pronuntiata
1192 840 1323 898 sunt),
1349 841 1431 883 etsi

86 898 192 941 haec
222 899 318 953 ipsa
347 898 530 941 fortuita
562 903 673 954 sunt3
703 901 956 955 plerumque
989 900 1113 954 enim,
1143 915 1231 942 non
1262 915 1430 955 semper

87 957 299 999 eveniunt.
346 956 463 1006 Quae
484 961 550 1000 est
574 959 710 1014 igitur
736 961 811 1000 aut
835 959 910 1000 ubi
935 961 1132 1000 versatur
1150 959 1431 1001 fortuitarum

35 1028 68 1054 15
87 1031 231 1058 rerum
270 1017 535 1072 praesensio,
579 1032 708 1072 quam
749 1018 1056 1059 divinationem
1093 1019 1251 1060 vocas?
1314 1017 1431 1068 Quae

87 1075 200 1116 enim
242 1076 500 1130 praesentiri
543 1079 619 1117 aut
663 1078 755 1118 arte
799 1079 874 1118 aut
917 1077 1084 1118 ratione
1123 1079 1197 1118 aut
1234 1091 1316 1119 usu
1356 1079 1432 1119 aut

87 1133 330 1175 coniectura
369 1136 568 1189 possunt,
610 1149 660 1176 ea
699 1149 787 1176 non
827 1135 982 1176 divinis
1022 1135 1252 1177 tribuenda
1290 1139 1432 1191 putas,

87 1192 161 1233 sed
203 1193 367 1247 peritis.
428 1192 497 1234 Ita
534 1193 810 1248 relinquitur,
853 1196 902 1235 ut
940 1194 1210 1236 ea'fortuita
1247 1194 1431 1236 divinari

85 1251 272 1306 possint,
311 1266 418 1305 quae
456 1252 578 1293 nulla
614 1267 692 1294 nec
730 1255 822 1294 arte
858 1267 936 1294 nee
968 1252 1182 1308 sapientia
1212 1253 1432 1308 provideri

34 1322 68 1348 20
85 1312 285 1365 possunt3
317 1313 377 1364 ut,
410 1310 446 1352 si
479 1311 573 1365 quis
598 1310 654 1352 M.
680 1311 932 1353 Marcellum
963 1312 1100 1366 illum,
1133 1312 1206 1366 qui
1236 1314 1304 1354 ter
1335 1327 1431 1355 con-

86 1368 153 1410 sul
195 1368 296 1422 fuit,
340 1369 489 1410 multis
534 1370 656 1412 annis
702 1373 801 1412 ante
843 1370 1021 1412 dixisset
1063 1371 1292 1427 naufragio
1337 1386 1430 1413 esse

84 1427 343 1483 periturum,
382 1428 617 1470 divinasset
653 1429 866 1484 profecto,
902 1430 1024 1471 nulla
1062 1430 1175 1471 enim
1213 1432 1306 1472 arte
1344 1430 1431 1472 alia

84 1486 128 1527 id
164 1501 243 1529 nec
275 1487 488 1542 sapientia
520 1488 628 1530 scire
658 1488 883 1544 potuisset.
934 1488 1105 1530 Talium
1138 1503 1240 1545 ergo
1273 1504 1429 1544 rerum,

86 1560 194 1600 quae
224 1545 270 1586 in
300 1545 476 1588 fortuna
503 1547 671 1602 positae
698 1551 810 1602 sunt,
841 1548 1088 1603 praesensio
1116 1548 1324 1589 divinatio
1352 1551 1429 1590 est.
1456 1583 1482 1624 6

34 1616 67 1643 25
173 1604 380 1647 Potestne
416 1605 552 1661 igitur
589 1620 736 1648 earum
776 1621 937 1660 rerum,
979 1621 1087 1661 quae
1124 1607 1235 1648 nihil
1266 1607 1429 1649 habent
1458 1635 1501 1666 15

85 1663 279 1718 rationiS,
306 1678 437 1718 quare
462 1664 633 1707 futurae
660 1665 759 1720 sint,
787 1679 878 1707 esse
898 1666 990 1707 ulla
1008 1666 1287 1721 praesensio?
1319 1665 1431 1715 Quid

85 1725 151 1764 est
189 1722 302 1764 enim
340 1723 457 1764 aliud
493 1723 602 1778 fors,
645 1724 746 1778 quid
783 1724 977 1779 fortuna,
1018 1725 1120 1779 quid
1151 1739 1296 1780 casus,
1328 1725 1431 1780 quid

85 1783 275 1836 eventus,
306 1781 390 1823 nisi
423 1797 519 1824 cum
545 1783 605 1825 sic
632 1783 793 1838 aliquid
818 1784 980 1838 cecidit,
1014 1784 1074 1825 sie
1100 1784 1254 1839 evenit,
1285 1787 1334 1826 ut
1360 1785 1428 1826 vel

85 1839 211 1882 aliter
242 1840 391 1882 cadere
424 1843 553 1896 atque
586 1842 755 1884 evenire
786 1842 1006 1897 potuerit?
1051 1841 1143 1891 Quo
1169 1843 1296 1885 modo
1324 1857 1428 1899 ergo

33 1898 144 1954 30id,
183 1899 296 1953 quod
333 1901 494 1942 temere
530 1900 581 1941 fit
619 1915 742 1943 caeco
775 1916 876 1943 casu
909 1904 952 1943 et
983 1901 1260 1944 volubilitate
1291 1902 1428 1944 fortu-

84 1972 176 2013 nae,
206 1958 464 2013 praesentiri
496 1962 539 2000 et
569 1960 758 2015 praedici
788 1961 962 2016 potest?
1006 1960 1196 2002 Medicus
1229 1962 1428 2003 morbum
1458 1970 1500 2001 16

39 2065 46 2072 ι
84 2016 456 2072 ingravescentem
499 2019 667 2060 ratione
706 2019 921 2074 providet,
965 2019 1144 2062 insidias
1180 2020 1430 2075 imperator,

84 2077 367 2131 tempestates
400 2077 683 2132 gubernator,
715 2081 758 2119 et
785 2081 933 2120 tamen
956 2078 989 2120 ii
1013 2078 1096 2134 ipsi
1122 2093 1250 2134 saepe
1273 2079 1429 2121 fallun-

85 2135 174 2189 tur,
216 2134 289 2189 qui
325 2135 434 2176 nihil
474 2136 565 2178 sine
602 2139 720 2178 certa
751 2137 918 2179 ratione
951 2137 1201 2193 opinantur3
1238 2140 1288 2179 ut
1319 2139 1429 2193 agri-

33 2202 66 2230 35
86 2193 198 2248 cola,
230 2207 327 2235 cum
358 2193 507 2236 florem
539 2195 659 2237 oleae
690 2195 824 2251 videt,
855 2196 1007 2238 bacam
1040 2211 1208 2251 quoque
1240 2211 1286 2238 se
1318 2197 1430 2238 visu-

83 2266 179 2293 rum
222 2254 368 2307 putat,
411 2267 498 2294 non
542 2254 632 2295 sine
676 2255 843 2297 ratione
884 2255 960 2296 ille
999 2255 1188 2310 quidem,
1233 2255 1306 2296 sed
1341 2269 1429 2296 non

83 2323 320 2365 numquam
365 2313 511 2353 tamen
551 2311 733 2355 fallitur.
803 2312 966 2363 Quodsi
1007 2314 1220 2355 falluntur
1262 2313 1310 2367 ii,
1355 2313 1430 2367 qui
