1685 2568
134 288 180 319 44

135 935 180 967 45

136 1507 194 1549 20

135 1560 182 1590 46

140 2287 183 2317 47

203 65 290 105 448
735 61 799 96 DE
824 60 1026 96 LEGIBUS

203 159 367 202 Deinde
405 159 456 202 de
491 158 856 215 promulgatione,
892 156 943 198 de
975 157 1157 212 singulis
1188 157 1315 198 rebus
1346 157 1536 212 agendis,

202 220 257 261 de
286 218 468 275 privatis
500 217 881 274 magistratibusve
913 215 1145 257 audiendis.

293 277 402 319 Tum
445 277 562 332 leges
606 275 973 331 praeclarissimae
1017 274 1067 315 de
1111 273 1333 315 duodecim
1374 274 1535 315 tabulis

204 337 442 379 translatae
468 336 587 389 duae,
619 349 798 389 quarum
825 333 961 374 altera
985 332 1214 388 privilegia
1238 332 1368 386 tollit,
1399 332 1536 373 altera

205 397 256 438 de
278 396 418 450 capite
437 394 542 436 civis
567 392 713 449 rogari
735 392 818 432 nisi
847 391 1031 433 maximo
1057 391 1282 433 comitiatu
1306 393 1437 432 vetat.
1478 391 1537 432 Et
1555 403 1572 429 5

203 455 393 497 nondum
416 453 603 494 inventis
630 450 844 492 seditiosis
869 450 1054 491 tribunis
1079 449 1231 505 plebis,
1255 464 1308 491 ne
1334 450 1536 505 cogitatis

205 513 387 569 quidem,
413 510 707 554 admirandum
731 512 901 550 tantum
926 509 1110 550 maiores
1135 508 1179 549 in
1204 510 1424 563 posterum
1443 523 1538 562 pro·

204 572 371 614 vidisse.
419 570 471 612 In
500 570 693 625 privatos
724 567 919 610 homines
945 568 1063 623 leges
1088 567 1192 609 ferri
1216 567 1464 621 noluerunt3
1494 567 1536 608 id

205 634 271 673 est
308 630 420 672 enim
458 626 750 684 privilegium}
791 641 874 681 quo
913 626 1014 681 quid
1045 628 1111 667 est
1140 626 1369 667 iniustius?
1409 640 1537 679 quom

204 690 313 746 legis
333 689 438 730 haec
457 688 521 728 vis
549 687 621 727 sit:
649 686 802 728 scitum
829 688 872 727 et
896 685 1060 726 iussum
1084 685 1130 726 in
1149 685 1299 726 omnis.
1341 683 1462 725 Ferri
1487 684 1538 726 de
1558 697 1592 722 ιο

206 748 386 804 singulis
417 746 501 788 nisi
532 745 782 787 centuriatis
813 744 998 786 comitiis
1028 743 1277 797 noluerunt3
1309 743 1538 798 discriptus

206 808 317 850 enim
349 805 533 861 populus
567 819 705 857 censu,
738 803 969 857 ordinibus,
1002 802 1215 844 aetatibus
1241 802 1338 856 plus
1364 802 1539 843 adhibet

206 867 259 908 ad
290 864 542 920 suffragium
568 862 734 905 consilii
760 877 888 917 quam
914 861 1007 902 fuse
1033 861 1079 902 in
1103 861 1242 902 tribus
1269 863 1539 902 convocatus.

207 925 298 974 Quo
329 924 470 965 verius
502 923 547 963 in
577 936 705 964 causa
732 923 882 963 nostra
906 921 973 962 vir
998 919 1145 975 magni
1169 919 1331 975 ingenii
1356 934 1539 961 summa-

206 999 286 1039 que
317 982 561 1039 prudentia,
592 981 638 1022 L.
670 979 817 1034 Cotta,
849 979 1018 1021 dicebat
1048 978 1158 1020 nihil
1190 978 1362 1020 omnino
1396 980 1538 1020 actum
1559 988 1592 1014 15

207 1058 298 1085 esse
337 1042 386 1083 de
424 1040 567 1094 nobis3
604 1042 774 1094 praeter
811 1038 923 1079 enirn
956 1053 1084 1093 quam
1115 1037 1228 1092 quod
1259 1037 1434 1079 comitia
1464 1037 1540 1078 illa

207 1103 348 1144 essent
380 1100 510 1142 armis
543 1101 666 1154 gesta
697 1098 936 1150 servilibus,
967 1099 1190 1152 praeterea
1214 1111 1349 1150 neque
1374 1096 1539 1137 tributa

207 1160 360 1216 capitis
397 1159 572 1201 comitia
608 1159 704 1198 rata
741 1171 832 1198 esse
863 1170 988 1211 posse
1018 1170 1154 1210 neque
1186 1155 1276 1196 ulla
1307 1154 1539 1209 privilegii3

208 1219 405 1274 quocirca
441 1217 549 1258 nihil
586 1216 711 1258 nobis
750 1230 855 1270 opus
889 1229 980 1256 esse
1012 1215 1125 1270 lege,
1163 1214 1212 1255 de
1245 1213 1398 1268 quibus
1430 1213 1539 1254 nihil

207 1278 379 1320 omnino
413 1279 554 1318 actum
587 1277 699 1317 esset
731 1274 911 1330 legibus.
961 1272 1043 1315 Sed
1074 1273 1213 1314 visum
1245 1275 1310 1314 est
1342 1275 1385 1313 et
1415 1272 1538 1313 vobis
1558 1283 1593 1307 20

208 1340 251 1379 et
288 1335 538 1379 clarissimis
578 1334 681 1376 viris
719 1333 889 1387 melius,
927 1333 977 1374 de
1016 1346 1098 1387 quo
1132 1331 1244 1373 servi
1275 1333 1317 1372 et
1349 1331 1539 1372 latrones

209 1396 382 1438 scivisse
424 1408 465 1436 se
505 1393 666 1448 aliquid
704 1392 909 1445 dicerent,
953 1391 1002 1433 de
1040 1391 1121 1432 hoc
1158 1390 1306 1431 eodem
1343 1392 1541 1431 cunctam

207 1455 393 1508 Italiam,
425 1452 525 1507 quid
557 1452 749 1503 sentiret,
781 1451 1014 1492 ostendere.

297 1512 497 1567 Sequitur
529 1511 579 1552 de
611 1510 747 1565 captis
780 1510 968 1565 pecuniis
1001 1511 1043 1550 et
1075 1508 1124 1549 de
1157 1507 1334 1549 ambitu.
1387 1506 1540 1562 Leges-

209 1587 290 1628 que
321 1586 451 1626 quom
482 1570 619 1625 magis
650 1569 816 1610 iudiciis
843 1583 971 1623 quam
996 1567 1138 1609 verbis
1165 1565 1415 1608 sanciendae
1441 1566 1539 1619 sint,
1558 1575 1593 1601 25

209 1631 472 1686 adiungitur:
503 1628 696 1670 Noxiae
728 1642 890 1683 poena
913 1641 1003 1682 par
1029 1628 1157 1680 esto,
1188 1627 1237 1666 ut
1261 1625 1306 1666 in
1331 1639 1407 1666 suo
1433 1624 1538 1666 vitio

210 1691 386 1746 quisque
418 1689 650 1744 plectatur,
681 1686 745 1728 vis
778 1686 933 1741 capite,
966 1685 1148 1727 avaritia
1179 1684 1333 1736 multa,
1364 1683 1539 1725 honoris

209 1749 420 1804 cupiditas
456 1746 694 1803 ignominia
731 1745 957 1787 sanciatur.
1018 1743 1247 1785 Extremae
1285 1743 1402 1797 leges
1441 1743 1540 1782 sunt

208 1808 332 1850 nobis
370 1821 457 1848 non
493 1806 698 1858 usitatae,
738 1803 800 1845 rei
836 1803 1009 1858 publica
1038 1801 1315 1843 necessariae.
1375 1800 1539 1856 Legum

210 1865 446 1909 custodiam
489 1865 654 1905 nullam
697 1863 922 1915 habemus,
963 1862 1108 1915 itaque
1153 1875 1225 1902 eae
1268 1860 1386 1915 leges
1428 1861 1539 1913 sunt,
1558 1870 1593 1895 3⁰

211 1939 315 1980 quas
357 1923 623 1979 apparitores
664 1921 802 1963 nostri
843 1921 1011 1974 volunt3
1056 1935 1081 1961 a
1117 1918 1305 1961 librariis
1343 1918 1540 1973 petimus,

210 1983 393 2039 publicis
426 1982 583 2023 litteris
610 1981 906 2035 consignatam
932 1978 1183 2020 memoriam
1208 1977 1424 2033 publicam
1450 1977 1542 2018 nul-

210 2044 298 2084 lam
328 2042 548 2083 habemus.
598 2039 749 2081 Graeci
780 2039 861 2080 hoc
893 2038 1155 2093 diligentius,
1188 2036 1300 2091 apud
1333 2051 1437 2090 quos
1468 2051 1541 2077 vo-

211 2099 461 2155 μοφύλακες
498 2099 772 2151 creabantur,
809 2112 886 2139 nec
916 2097 946 2138 ii
978 2097 1117 2137 solum
1149 2095 1317 2136 litteras
1350 2094 1467 2150 (nam
1498 2093 1542 2135 id

212 2161 381 2215 quidem
418 2158 548 2199 etiam
580 2157 692 2212 apud
723 2156 906 2197 maiores
937 2158 1109 2197 nostros
1141 2153 1270 2210 erat),
1308 2153 1381 2195 sed
1413 2153 1542 2194 etiam
1561 2162 1594 2188 ³5

210 2220 326 2260 facta
366 2217 587 2259 hominum
625 2216 911 2257 observabant
949 2214 1002 2255 ad
1039 2214 1241 2269 legesque
1272 2212 1542 2254 revocabant.

212 2278 329 2319 Haec
361 2277 483 2318 detur
515 2290 617 2317 cura
647 2274 911 2327 censoribus,
948 2272 1288 2328 quandoquidem
1321 2285 1392 2312 eos
1423 2270 1469 2311 in
1498 2284 1543 2311 re
