1685 2568
444 87 532 122 121ss.
560 87 586 123 I.
615 86 714 122 CAP.
743 91 869 123 9—11.
895 90 915 129 ἓ
941 91 1092 123 22-28.
1380 89 1433 129 13

812 147 840 171 s

101 198 209 238 quae
242 198 292 225 ex
325 198 436 238 aqua
460 185 613 225 cuncta
637 183 830 238 fingeret.
880 180 926 224 Si
951 182 993 223 di
1018 185 1202 237 possunt
1227 197 1318 225 esse
1344 185 1435 226 sine

102 257 230 284 sensu
269 244 312 284 et
350 244 509 296 mente,
546 256 620 283 cur
652 255 787 296 aquae
817 244 1001 294 mentem,
1039 242 1164 283 menti
1200 245 1335 283 autem
1365 257 1437 284 cm·

72 329 74 333 v
100 315 251 355 aquam
284 301 492 354 adiunxit,
531 299 567 341 31
598 299 693 354 ipsa
723 313 843 341 mens
875 302 1072 341 constare
1103 302 1248 355 potest
1279 315 1435 342 vacans

102 360 309 415 corpore?
359 358 668 400 Anaximandri
697 360 844 400 'autem
875 358 1019 414 opinio
1052 360 1118 400 est
1147 359 1318 401 nativos
1345 374 1436 401 esse

66 419 203 460 sdeos
241 418 382 473 longis
418 416 659 459 intervallis
698 416 875 459 orientis
909 416 1241 472 occidentisque,
1280 432 1436 472 eosque

101 476 426 519 innumerabilis
458 489 551 517 esse
582 475 775 517 mundos.
836 473 918 517 Sed
947 489 1026 517 nos
1060 475 1185 517 deum
1215 476 1296 517 nisi
1331 491 1437 518 sem-

102 536 317 591 piternum
347 534 597 590 intellegere
624 534 696 589 qui
720 534 977 590 possumus?
1019 533 1126 576 Post
1150 534 1437 577 Anaximenes

103 599 203 636 acra
240 594 364 635 deum
402 593 575 647 statuit,
613 607 793 648 eumque
830 592 952 649 gigni
989 607 1165 648 esseque
1196 593 1438 636 inmensum

103 656 146 694 et
185 652 401 693 infinitum
439 654 482 694 et
519 666 686 707 semper
721 652 767 693 in
804 654 941 706 motu3
982 652 1105 706 quasi
1137 654 1212 693 aut
1244 656 1316 694 001·
1348 652 1438 694 31110

50 726 84 750 10
102 712 193 753 ulla
215 711 357 752 forma
382 710 484 752 deus
511 725 603 752 esse
629 710 780 765 possit,
806 725 902 752 cum
926 710 1181 765 praesertim
1208 711 1333 752 deum
1352 726 1439 753 non

102 770 228 812 modo
262 769 418 824 aliqua,
451 769 525 811 sed
555 769 844 824 pulcherrima
877 769 1015 824 specie
1048 769 1196 811 deceat
1228 784 1332 824 esse,
1365 773 1439 811 aut

1464 543 1506 574 2ss

101 844 188 871 non
208 843 345 883 omne,
365 828 479 883 quod
498 831 641 870 ortum
660 828 729 882 sit,
750 828 994 870 mortalitas
1009 831 1304 883 consequatur.
1336 828 1439 870 Inde
1457 831 1500 871 1]

102 888 402 943 AnaxagoraS,
448 887 520 942 qui
560 887 724 942 accepit
761 887 814 928 ab
854 887 1116 928 Anaximene
1156 887 1440 942 disciplinam,

103 947 268 1002 primus
295 946 486 988 omnium
511 960 655 987 rerum
681 946 1002 1000 discriptionem
1028 948 1070 987 et
1090 946 1263 988 modum
1283 947 1440 988 mentis

51 1018 84 1044 15
102 1005 296 1047 infinitae
333 1005 377 1047 vi
409 1019 457 1047 ac
487 1005 654 1046 ratione
686 1004 917 1060 dissignari
949 1007 991 1046 et
1022 1005 1172 1046 confici
1203 1005 1359 1059 voluit3
1395 1005 1442 1046 in

27 1060 29 1063 ’
104 1078 187 1118 quo
226 1078 313 1105 non
349 1063 458 1105 vidit
494 1078 630 1117 neque
668 1065 835 1104 motum
873 1063 1016 1104 sensui
1045 1063 1238 1105 iunctum
1271 1066 1314 1105 et
1346 1079 1441 1106 con-

101 1122 312 1164 tinentem
348 1122 394 1163 in
430 1122 598 1163 infinito
641 1121 779 1163 ullum
811 1136 902 1163 esse
934 1136 1060 1176 posse
1099 1136 1236 1176 neque
1269 1137 1440 1164 sensum

102 1181 293 1235 omnino,
325 1195 408 1235 quo
439 1194 527 1221 non
555 1180 652 1235 ipsa
681 1183 837 1221 natura
867 1180 994 1235 pulsa
1027 1180 1217 1222 sentiret.
1277 1181 1441 1223 Deinde

103 1240 139 1281 si
181 1242 368 1281 mentem
411 1239 541 1280 istam
582 1238 705 1293 quasi
748 1238 908 1280 animal
948 1238 1123 1293 aliquod
1159 1239 1298 1281 voluit
1336 1255 1440 1294 esse,

49 1313 83 1338 20
103 1298 185 1340 erit
223 1297 386 1353 aliquid
418 1297 616 1352 interius,
649 1312 698 1339 ex
731 1312 815 1352 quo
846 1297 955 1339 illud
987 1297 1147 1339 animal
1177 1299 1441 1353 nominetur3
1476 1324 1478 1326 v

104 1357 205 1412 quid
242 1360 386 1398 autem
422 1356 601 1398 interius
640 1356 812 1398 mente?
856 1356 1055 1412 cingatur
1090 1356 1226 1412 igitur
1263 1372 1441 1413 corpore

103 1408 289 1458 externo.
339 1414 462 1464 Quod
487 1415 690 1470 quoniam
714 1430 801 1457 non
824 1415 979 1470 placet,
1006 1419 1156 1471 aperta
1176 1415 1441 1471 simplexque

103 1489 222 1516 mens
264 1474 387 1516 nulla
429 1489 475 1516 re
513 1474 729 1540 adiuncta,
775 1489 860 1529 qua
896 1474 1055 1515 sentire
1092 1475 1249 1530 possit,
1292 1475 1442 1531 fugere

102 1533 424 1590 intellegentiae
455 1535 629 1575 nostrae
659 1533 747 1575 vim
780 1535 823 1574 et
853 1533 1075 1575 notionem
1106 1533 1286 1575 videtur.
1342 1534 1442 1577 Oro-

50 1605 84 1631 25
104 1592 290 1634 toniates
324 1594 467 1634 autem
499 1592 717 1646 Alcmaeo,
750 1591 823 1647 qui
849 1592 931 1633 soli
958 1594 1000 1633 et
1025 1592 1153 1633 lunae
1178 1592 1442 1648 reliquisque

104 1651 314 1693 sideribus
353 1651 579 1706 animoque
616 1653 840 1706 praeterea
877 1650 1148 1692 divinitatem
1186 1651 1319 1706 dedit,
1355 1667 1443 1694 non

105 1710 240 1751 sensit
266 1724 357 1751 sese
377 1710 635 1752 mortalibus
655 1710 783 1751 rebus
802 1709 1164 1751 inmortalitatem
1184 1710 1296 1752 dare.
1327 1710 1443 1752 Nam

102 1768 393 1825 Pythagoras,
438 1768 510 1823 qui
553 1768 719 1811 censuit
762 1768 952 1810 animum
996 1783 1087 1810 esse
1130 1783 1207 1824 per
1242 1771 1443 1811 naturam

103 1842 246 1869 rerum
272 1842 441 1869 omnem
465 1828 679 1869 intentum
706 1829 749 1869 et
768 1830 1091 1882 commeantem,
1118 1842 1168 1869 ex
1195 1843 1278 1882 quo
1303 1828 1444 1870 nostri

53 1898 87 1924 30
106 1886 236 1928 animi
267 1888 561 1942 carperentur,
590 1901 678 1928 non
708 1886 817 1928 vidit
848 1886 1126 1928 distractione
1157 1886 1443 1929 humanorum

107 1945 345 1987 animorum
384 1945 566 2000 discerpi
605 1947 648 1986 et
684 1945 866 1987 lacerari
904 1945 1029 1987 deum
1067 1947 1126 2001 et,
1165 1960 1261 1987 cum
1297 1946 1444 1988 miseri

107 2003 238 2045 animi
262 2007 415 2058 essent,
447 2004 561 2059 quod
584 2004 800 2059 plerisque
827 2004 1108 2060 contingeret,
1138 2007 1232 2046 tum
1258 2004 1324 2046 dei
1348 2020 1444 2060 par-

106 2064 195 2103 tem
226 2077 316 2104 esse
347 2063 566 2117 miseram3
599 2063 712 2118 quod
743 2063 836 2105 fieri
868 2078 956 2105 non
981 2065 1136 2118 potest.
1187 2062 1273 2105 Cur
1299 2066 1443 2105 autem

108 2121 333 2175 quicquam
372 2122 593 2177 ignoraret
634 2122 800 2164 animus
840 2121 1046 2177 hominis,
1091 2122 1127 2163 si
1164 2124 1278 2164 esset
1311 2123 1442 2164 deus?

52 2190 86 2216 35
107 2194 189 2234 quo
222 2179 347 2221 modo
379 2195 506 2235 porro
539 2180 640 2222 deus
671 2181 766 2235 iste,
798 2181 835 2222 si
865 2181 973 2222 nihil
1010 2183 1123 2223 esset
1153 2181 1239 2222 nisi
1264 2181 1442 2235 animus,

107 2240 181 2280 aut
211 2238 366 2279 infixus
399 2241 472 2281 aut
501 2239 668 2281 infusus
701 2242 814 2281 esset
843 2239 889 2281 in
921 2240 1109 2282 mundo?
1165 2239 1275 2281 Tum
1305 2239 1443 2281 Xeno-

104 2297 286 2352 phaneS,
333 2297 406 2352 qui
447 2300 589 2340 mente
633 2298 832 2341 adiuncta
876 2313 1001 2340 omne
1043 2301 1284 2354 praeterea,
1330 2298 1443 2352 quod

1468 1425 1510 1456 27

1469 2071 1512 2103 28

1671 1626 1679 1667 2.-
1671 1481 1685 1610 '2‘'''‘?“⁸‘Zt
1673 1423 1679 1462 ..1
1675 1394 1678 1402 -

1669 1811 1685 1995 Αῳὲζ-Α-ιιν-κ..

1669 1995 1685 2059 ..Ὗ-’Δ

1669 2051 1685 2147 ἔξεις»

1669 2141 1685 2281 l
