1685 2568
360 108 447 144 LIB.
473 108 518 144 ΙΙ.
546 107 646 144 CAP.
673 112 823 144 58—60.
850 112 870 150 g
898 112 1094 144 119—125.
1311 108 1394 148 241

61 206 173 262 quod
204 205 344 246 insani
377 220 454 246 sua
485 204 579 247 visa
610 203 841 246 coniectori
871 217 958 244 non
987 205 1179 256 narrant,
1210 206 1400 256 narrant,

62 264 133 320 qui
170 263 521 305 somniaverunt?
577 261 742 311 Quaero
783 261 931 315 etiam,
973 261 1009 302 51
1046 262 1177 302 velim
1216 262 1400 302 scribere

61 322 162 378 quid
200 325 275 363 aut
311 323 453 378 legere
493 324 567 363 aut
605 335 754 363 canere
791 321 859 361 vel
898 334 1000 361 voce
1038 320 1106 361 vel
1138 320 1294 360 fidibus
1327 322 1402 360 aut

62 381 368 438 geometricum
407 380 607 434 quiddam
646 381 720 421 aut
757 379 981 434 physicum
1018 381 1093 419 aut
1131 378 1401 419 dialecticum

26 453 43 479 5
62 439 291 495 explicare,
331 439 598 480 somniumne
636 437 969 493 exspectandum
1009 437 1066 478 sit
1098 451 1152 478 an
1184 451 1254 478 ars
1287 437 1403 477 adhi-

62 498 217 552 benda,
255 498 345 539 sine
384 512 468 552 qua
504 497 613 538 nihil
646 511 792 538 earum
823 511 966 537 rerum
996 510 1074 537 nec
1104 495 1198 536 fieri
1228 510 1305 537 1160
1337 509 1403 536 ex-

61 556 197 613 pediri
236 558 393 611 potest.
454 556 607 610 Atqui,
645 570 697 596 ne
736 555 771 596 si
808 555 1014 610 navigare
1052 554 1223 608 quidem
1261 554 1403 607 velim,

60 617 124 657 ita
155 615 409 671 gubernem,
446 617 495 655 ut
528 614 848 668 somniaverim3
883 627 1088 670 praesens
1121 613 1234 655 enim
1265 627 1404 668 poena

62 674 130 716 sit.
183 673 264 722 Qui
295 673 429 729 igitur
461 673 660 714 convenit
692 687 845 728 aegros
878 687 903 714 a
935 672 1175 714 coniectore
1208 671 1472 713 somnio-123

11 745 44 771 10
63 748 158 774 rum
197 732 342 788 potius
385 746 510 786 quam
555 746 581 773 a
616 731 779 773 medico
818 733 962 786 petere
1000 731 1284 772 medicinam?
1334 730 1405 771 An

62 791 358 846 Aesculapius,
390 805 446 832 an
471 789 642 845 Serapis
675 793 820 845 potest
849 790 974 832 nobis
1006 790 1297 845 praescribere
1328 804 1405 844 per

63 865 260 892 somnum
293 849 557 891 curationem
588 849 866 902 valetudinis,
903 848 1131 904 Neptunus
1165 849 1405 904 gubernan-

61 910 177 951 tibus
208 923 296 950 non
326 909 499 963 potest?
538 910 581 949 et
612 908 649 949 51
681 908 771 949 51116
804 907 965 950 medico
999 907 1253 949 medicinam
1285 907 1405 948 dabit

61 968 273 1021 Minerva,
310 966 459 1009 Musae
493 966 723 1021 scribendi,
755 966 942 1022 legendi,
975 970 1214 1008 ceterarum
1247 966 1405 1008 artium

27 1039 42 1065 5
63 1026 287 1069 scientiam
332 1026 646 1067 somniantibus
689 1040 776 1067 non
820 1025 1012 1067 dabunt?
1068 1026 1129 1066 At
1167 1026 1202 1066 51
1240 1025 1404 1067 01116110

63 1086 236 1127 daretur
267 1085 538 1139 valetudinis,
570 1085 674 1126 haec
706 1099 886 1139 quoque,
919 1099 1027 1138 quae
1054 1084 1152 1138 dixi,
1182 1085 1406 1138 darentur3

63 1159 172 1199 quae
211 1143 412 1198 quoniam
450 1158 537 1185 non
569 1143 742 1197 dantur,
780 1143 989 1184 medicina
1021 1157 1107 1184 non
1140 1143 1283 1197 datur,
1321 1159 1406 1198 qua

63 1203 236 1245 sublata
266 1202 437 1244 tollitur
469 1202 608 1244 omnis
641 1202 876 1243 auctoritas
909 1202 1186 1243 somniorum.

151 1260 233 1303 Sed
269 1261 376 1303 haec
409 1262 612 1316 [quoque]
644 1261 690 1302 in
729 1263 934 1315 promptu
970 1260 1149 1314 fuerint,
1188 1276 1300 1302 nunc
1330 1261 1392 1302 in-

28 1333 44 1359 ο
62 1321 223 1362 1611016
253 1320 486 1361 videamus.
535 1319 625 1361 Aut
656 1319 768 1361 enim
801 1319 945 1361 divina
975 1319 1040 1361 vis
1074 1320 1284 1374 quaedam
1310 1335 1405 1362 con-

64 1380 208 1421 sulens
239 1379 365 1420 nobis
398 1378 663 1421 somniorum
695 1378 1031 1434 significationes
1057 1378 1175 1433 facit,
1209 1381 1283 1420 aut
1310 1394 1405 1421 con-

63 1439 244 1480 iectores
283 1452 333 1479 ex
371 1437 557 1492 quadam
595 1437 893 1479 convenientia
931 1440 974 1478 et
1006 1437 1303 1480 coniunctione
1334 1453 1407 1480 na-

63 1500 206 1551 turae,
257 1512 384 1551 quam
433 1498 590 1538 vocant
639 1494 942 1550 συμποὲθειαν,
994 1496 1096 1551 quid
1145 1497 1295 1551 cuique
1345 1497 1406 1539 rei

64 1555 290 1598 conveniat
317 1557 385 1608 [ex
405 1555 615 1610 somniis],
641 1558 685 1596 et
711 1555 812 1609 quid
839 1570 1051 1609 quamque
1077 1570 1167 1596 rem
1191 1559 1407 1610 sequatur,

30 1615 335 1671 ⁵intellegunt,
368 1617 442 1655 aut
474 1629 620 1656 eorum
650 1617 850 1655 neutrum
883 1617 962 1668 est,
994 1615 1066 1656 sed
1099 1615 1308 1668 quaedam
1335 1616 1407 1657 ob-

65 1674 252 1716 servatio
285 1676 487 1715 constans
519 1676 647 1727 atque
680 1673 880 1714 diuturna
910 1676 986 1728 est,
1019 1688 1114 1715 cum
1141 1674 1242 1728 quid
1268 1675 1407 1715 visum

65 1733 295 1774 secundum
328 1733 516 1786 quietem
548 1733 617 1786 sit,
650 1732 751 1786 quid
783 1732 950 1773 evenire
983 1734 1026 1773 et
1057 1732 1159 1786 quid
1191 1734 1311 1787 sequi
1343 1747 1407 1774 so-

65 1792 163 1834 leat.
221 1791 416 1832 Primum
456 1791 591 1846 igitur
630 1791 969 1846 intellegendum
1010 1794 1076 1832 est
1114 1792 1281 1833 nullam
1320 1792 1407 1833 vim

66 1864 157 1892 6556
189 1850 378 1892 divinam
405 1850 660 1891 effectricem
687 1850 962 1891 somniorum.
1014 1851 1158 1904 Atque
1184 1851 1293 1891 illud
1319 1852 1407 1905 qui-

32 1909 160 1950 ⁰dem
191 1909 464 1964 perspicuum
496 1911 578 1963 est,
615 1908 736 1950 nulla
772 1908 866 1950 visa
897 1909 1163 1950 somniorum
1193 1910 1407 1964 proficisci

66 1983 91 2010 a
126 1968 300 2009 numine
338 1968 532 2022 deorum,
571 1970 722 2009 nostra
754 1968 866 2009 enim
898 1982 1027 2009 causa
1059 1968 1101 2009 di
1132 1968 1175 2009 id
1205 1968 1407 2024 facerent,

63 2028 112 2068 ut
137 2026 361 2082 providere
386 2026 534 2068 futura
558 2041 793 2081 possemus.
838 2025 1003 2075 Quotus
1029 2028 1164 2083 igitur
1192 2031 1257 2068 est
1284 2028 1396 2082 quis·
1412 2034 1476 2065 125

66 2100 164 2140 que,
203 2085 276 2140 qui
308 2086 486 2126 somniis
518 2088 687 2140 pareat,
720 2085 792 2140 qui
823 2085 1068 2141 intellegat,
1102 2086 1174 2140 qui
1207 2087 1407 2128 memine-

64 2144 150 2186 rit‘?
183 2159 311 2199 quam
343 2145 470 2185 multi
500 2159 613 2198 vero,
646 2143 720 2198 qui
750 2146 1028 2186 contemnant
1060 2160 1238 2200 eamque
1265 2160 1407 2200 super-

32 2211 48 2239 5
67 2203 287 2244 stitionem
318 2202 510 2245 inbecilli
536 2203 667 2244 animi
694 2205 823 2257 atque
850 2203 976 2245 anilis
1002 2205 1173 2259 putent!
1207 2203 1315 2252 Quid
1342 2207 1407 2245 est

65 2260 211 2318 igitur,
244 2276 318 2303 cur
349 2261 416 2303 his
448 2261 696 2303 hominibus
728 2262 954 2304 consulens
987 2263 1089 2304 deus
1117 2263 1293 2304 somniis
1320 2277 1407 2304 mo-

64 2323 166 2362 neat
206 2334 296 2375 eos,
339 2320 411 2374 qui
447 2320 526 2362 illa
562 2335 648 2362 non
686 2320 812 2362 modo
851 2335 970 2376 cura,
1012 2322 1086 2363 sed
1116 2336 1169 2363 ne
1201 2321 1402 2362 memoria

135 2400 206 2427 010.
224 2401 271 2427 lv
305 2402 329 2426 2.
1080 2393 1122 2424 16

1420 1239 1474 1280 60

1409 1292 1476 1321 124
