1685 2568
267 103 295 141 2
670 101 734 136 DE
759 102 958 137 NATURA
983 102 1186 137 DEORUM

268 194 506 240 gravissimae
541 195 648 230 huius
685 195 909 239 quaestionis
942 196 986 231 de
1017 198 1150 231 natura
1182 196 1331 231 deorum
1362 196 1525 239 disserit,
1555 196 1602 232 de

268 253 340 287 qua
369 243 447 276 tam
472 243 594 277 variae
625 244 774 286 tamque
807 242 1058 287 discrepantes
1090 243 1396 288 philosophorum
1421 243 1497 278 sint
1521 254 1601 278 sen-

268 289 421 341 sentiae,
448 300 536 334 quas
563 288 747 342 deinceps
762 289 891 334 paucis
917 291 1063 324 enarrat
1088 292 1180 354 (cap.
1203 295 1233 331 1,
1259 292 1306 333 2).
1349 290 1442 324 Tum
1462 289 1600 333 Cicero,

267 382 584 427 vituperaverant,
622 383 720 426 quod
758 382 1033 428 philosophiam
1072 383 1249 418 Graecam
1286 382 1428 418 Latinis
1465 383 1601 418 litteris

267 430 446 471 traderet,
480 430 518 464 et
541 429 752 464 universum
783 429 955 475 philosop
958 430 1042 465 hiae
1067 430 1230 464 studium
1263 429 1431 464 defendit
1456 431 1493 465 et
1522 430 1602 464 bre-

268 476 364 510 viter
388 476 569 511 rationem
594 476 728 518 reddit,
756 487 865 520 quam
891 477 936 511 ob
962 488 1038 511 rem
1063 476 1143 522 ipse
1163 476 1467 511 Academicorum
1493 476 1602 511 disci-

267 523 408 568 plinam
440 522 674 568 potissimum
706 524 852 558 secutus
885 523 950 566 sit,
984 534 1136 576 quorum
1162 523 1207 558 de
1239 523 1468 568 gravissimis
1492 523 1603 558 rebus

269 570 480 604 dubitanter
505 569 681 614 loquendi
705 569 800 604 ratio
826 570 872 604 ad
898 570 994 604 hanc
1019 570 1138 615 ipsam
1164 570 1419 614 quaestionem
1443 570 1601 604 maximo

269 628 378 661 opere
403 617 588 661 pertinere
613 616 800 658 videatur,
834 617 879 651 de
905 628 977 660 qua
1002 628 1083 651 cum
1109 616 1370 651 difficillimum
1394 628 1461 662 per
1485 628 1523 651 se
1553 616 1604 651 sit

268 663 462 706 iudicium,
500 665 579 698 tum
615 664 740 698 tantae
779 644 1078 698 doctissimorum
1120 663 1311 699 hominum
1354 663 1602 698 dissensiones

269 712 361 755 (cap.
389 715 455 745 3—-
455 691 479 746 ⁷6
512 715 531 752 ξ
557 715 623 745 5-
582 712 696 753 -.14>
746 710 841 744 Dein
867 710 911 745 de
944 710 1194 755 disputatione
1225 711 1322 745 inter
1347 709 1384 746 C.
1411 710 1603 745 Aurelium

270 756 416 791 Cottam
442 758 480 792 et
505 757 543 793 C.
564 757 749 791 Velleium
775 758 813 791 et
838 756 877 798 Q.
898 757 1080 791 Lucilium
1105 757 1262 791 Balbum
1287 768 1325 792 se
1351 757 1523 792 audiente
1549 757 1602 791 in-

270 805 402 838 stituta
425 804 547 845 refert,
573 804 611 838 in
637 814 710 847 qua
734 814 825 847 quae
851 814 873 837 a
896 804 1125 849 principibus
1151 804 1226 838 illis
1252 804 1364 838 trium
1390 803 1602 848 disciplina-

267 863 348 885 rum
385 851 575 896 disputata
605 850 695 893 sint,
735 862 772 885 se
804 849 896 884 dicit
926 851 983 885 his
1017 850 1121 885 libris
1153 862 1333 896 exponere
1367 850 1603 885 constituisse

269 900 361 943 (cap.
389 904 420 941 6,
448 903 467 933 7
499 903 518 940 ξ
546 899 719 940 15—17).
770 897 818 931 Et
847 897 886 931 in
910 897 980 932 hoc
1007 897 1155 941 quidem
1180 897 1298 942 primo
1323 897 1418 932 libro
1453 897 1602 931 initium

269 944 484 990 disputandi
509 944 601 979 facit
627 943 663 978 C.
683 944 860 986 Velleius,
887 944 924 978 et
949 955 972 978 a
996 944 1280 989 reprehensione
1306 945 1455 988 quidem
1479 944 1602 979 Plato-

268 992 372 1027 nicae
399 993 437 1026 et
456 991 601 1026 Stoicae
621 990 787 1033 rationis,
814 1001 967 1035 quarum
992 990 1059 1025 illa
1076 991 1253 1025 mundum
1278 1001 1300 1025 a
1319 991 1387 1026 deo
1412 992 1603 1035 tamquam

269 1039 401 1084 opifice
432 1040 542 1082 atque
573 1037 808 1072 aedificatore
839 1037 1046 1082 profectum
1078 1037 1343 1080 contendebat,
1370 1037 1487 1072 altera
1511 1036 1601 1081 πρό-

267 1099 392 1130 νοιαν,
418 1085 457 1119 id
483 1087 539 1120 est
563 1084 852 1130 providentiam,
879 1084 1092 1126 inducebat,
1125 1095 1147 1118 a
1172 1095 1244 1129 qua
1267 1084 1424 1118 mundus
1450 1084 1601 1119 effectus

269 1133 367 1168 esset
398 1133 437 1167 et
473 1131 808 1174 administraretur,
847 1132 999 1175 utraque
1037 1132 1160 1166 autem
1196 1131 1372 1165 mundum
1406 1131 1528 1166 animo
1564 1132 1603 1166 et

269 1179 436 1214 sensibus
454 1179 673 1224 praeditum,
699 1178 909 1221 rotundum,
935 1178 1124 1212 ardentem
1144 1178 1417 1222 volubilemque
1440 1178 1603 1213 faciebat

283 1238 361 1272 cap.
388 1228 527 1270 8—10).
576 1225 816 1270 Reliquorum
842 1225 974 1260 deinde
1002 1225 1164 1259 omnium
1194 1225 1499 1270 philosophorum
1526 1225 1601 1259 iam

267 1274 352 1308 inde
377 1284 400 1307 a
424 1273 579 1307 Thalete
605 1272 650 1307 de
676 1272 743 1307 deo
770 1272 963 1307 sententiis
982 1271 1145 1306 breviter
1170 1272 1464 1306 commemoratis
1485 1273 1523 1306 et
1546 1283 1602 1306 re·

266 1319 456 1366 prehensis
489 1321 580 1365 (cap.
610 1321 772 1363 10—15)
804 1319 851 1353 ad
876 1319 994 1364 ipsam
1019 1318 1239 1363 Epicuream
1264 1318 1308 1353 de
1335 1319 1392 1353 dis
1417 1319 1601 1353 rationem

268 1367 525 1420 explicandam
549 1366 704 1407 accedit,
731 1377 841 1410 quam
865 1377 975 1400 unam
994 1376 1118 1401 veram
1138 1376 1216 1400 esse
1243 1365 1437 1401 existimat.
1476 1365 1602 1400 Solum

268 1415 365 1450 enim
398 1413 597 1458 Epicurum
628 1394 765 1448 vidisse
802 1413 961 1458 primum
992 1423 1071 1447 esse
1103 1413 1208 1454 deos,
1241 1412 1339 1457 quod
1368 1412 1408 1447 in
1439 1412 1602 1447 omnium

267 1460 399 1496 animis
431 1471 556 1495 eorum
585 1460 776 1495 notionem
806 1459 1054 1505 impressisset
1085 1461 1218 1494 natura
1249 1460 1286 1494 et
1320 1459 1397 1494 sine
1431 1459 1604 1494 doctrina

268 1507 575 1552 anticipationem
596 1507 779 1551 quandam
799 1507 960 1550 deorum,
981 1517 1090 1550 quam
1108 1506 1189 1559 ipse
1209 1506 1376 1551 appellat
1401 1504 1600 1551 πρόληψιν,

268 1556 346 1590 31110
366 1565 439 1598 qua
455 1565 530 1589 non
548 1554 719 1598 intellegi
739 1553 935 1606 quicquam
953 1565 1021 1588 nec
1040 1553 1166 1597 quaeri
1185 1564 1253 1588 nec
1273 1553 1406 1598 disput
1401 1553 1453 1587 111
1473 1564 1601 1598 posse;

268 1603 306 1637 id
332 1613 375 1636 ex
401 1612 443 1636 eo
469 1601 650 1646 intellegi,
676 1601 775 1645 quod
801 1601 963 1635 omnium
986 1600 1178 1635 hominum
1201 1600 1240 1635 in
1260 1611 1302 1634 eo
1326 1601 1376 1636 sit
1400 1600 1494 1634 mira
1518 1611 1602 1635 con·

271 1649 408 1692 sensio,
440 1649 482 1682 ut
506 1648 595 1683 deos
621 1659 701 1683 esse
727 1648 909 1691 statuant,
941 1658 1094 1692 eamque
1119 1647 1179 1682 vel
1211 1647 1516 1692 anticipationem
1541 1646 1602 1681 vel

269 1695 549 1742 praenotionem
586 1695 736 1730 deorum
766 1695 943 1737 habeant,
976 1695 1018 1728 ut
1049 1705 1111 1729 eos
1143 1694 1272 1729 beatos
1304 1695 1342 1729 et
1373 1693 1601 1729 immortales

268 1743 417 1788 putent3
445 1753 487 1777 ex
513 1753 584 1786 quo
610 1741 797 1786 consequi,
822 1742 864 1776 ut
888 1741 978 1775 nihil
1001 1740 1143 1785 negotii
1166 1751 1234 1775 nec
1256 1740 1329 1786 ipsi
1353 1741 1516 1775 habeant
1533 1752 1601 1775 1100

268 1789 351 1824 31113
384 1789 581 1824 exhibeant
611 1800 730 1832 neque
761 1788 816 1822 ira
839 1799 957 1832 neque
983 1788 1104 1833 gratia
1128 1789 1339 1831 teneantur,
1372 1788 1474 1832 quia,
1508 1798 1602 1831 quae

268 1836 361 1871 talia
391 1836 480 1878 sint,
513 1835 702 1870 imbecilla
731 1835 807 1870 sint
838 1835 971 1871 omnia.
1021 1835 1063 1869 Id
1095 1834 1127 1869 si
1151 1834 1206 1869 ita
1236 1834 1300 1877 sit,
1332 1834 1392 1879 pie
1426 1834 1600 1869 colendos

269 1894 347 1918 esse
383 1883 470 1917 deos
508 1884 661 1928 propter
693 1883 943 1927 praestantem
978 1883 1163 1924 naturam,
1196 1881 1298 1916 nullo
1333 1882 1456 1916 autem
1489 1881 1601 1916 modo

268 1930 464 1971 timendos,
491 1941 561 1974 quo
582 1941 653 1964 uno
681 1929 773 1964 dicit
791 1940 936 1964 omnem
961 1928 1260 1974 superstitionem
1286 1928 1405 1962 everti
1430 1930 1522 1981 (cap
1546 1933 1601 1970 16,

271 1979 338 2021 17)
390 1976 460 2011 Sed
486 1977 533 2010 ad
558 1977 652 2010 hanc
678 1976 890 2022 opinionem
913 1975 1197 2010 confirmandam
1222 1974 1413 2019 anquirere
1439 1975 1602 2009 animum

270 2024 307 2058 et
331 2023 486 2058 1011111111
513 2024 550 2057 et
574 2023 691 2057 vitam
717 2024 754 2057 et
784 2023 969 2057 actionem
1000 2022 1133 2056 mentis
1159 2023 1269 2065 atque
1296 2021 1538 2066 agitationem
1562 2021 1601 2056 in

269 2071 354 2113 de03
388 2072 426 2105 et
456 2071 611 2114 figuram
642 2069 791 2113 quidem
822 2070 962 2104 nullam
992 2080 1100 2114 posse
1132 2068 1243 2103 aliam
1275 2080 1353 2103 esse
1379 2069 1451 2103 11131
1475 2069 1601 2103 11111113-

270 2128 372 2160 nam,
398 2117 556 2161 primum
582 2117 680 2160 quod
705 2118 836 2151 natura
866 2116 1027 2160 speciem
1051 2115 1163 2149 aliam
1195 2115 1346 2150 deorum
1370 2126 1444 2150 non
1468 2116 1601 2150 habea-

268 2175 359 2207 mus,
386 2164 518 2198 deinde
539 2163 637 2207 quod
662 2163 824 2197 humana
842 2163 960 2197 forma
985 2162 1034 2197 sit
1058 2162 1316 2207 pulcherrima,
1342 2163 1421 2197 tum
1446 2162 1544 2207 quod
1563 2162 1602 2196 in

268 2211 343 2245 alia
367 2211 470 2245 1111113
494 2210 610 2254 figura
635 2209 862 2244 domicilium
888 2209 1022 2244 mentis
1049 2220 1127 2244 esse
1153 2209 1280 2254 possit.
1325 2175 1469 2253 Nequeq
1477 2210 1602 2244 tamen

270 2269 350 2292 eam
376 2257 536 2303 speciem
557 2268 687 2302 corpus
707 2268 798 2299 esse,
825 2257 889 2290 sed
910 2256 1014 2300 quasi
1035 2267 1177 2301 corpus,
1204 2267 1356 2300 eamque
1381 2267 1456 2291 non
1480 2267 1601 2299 sensu,

269 2305 334 2339 sed
359 2306 481 2339 mente
508 2304 607 2339 cerni
632 2315 700 2339 nec
726 2303 914 2338 soliditate
940 2315 1008 2338 1100
1033 2303 1080 2338 ad
1104 2314 1311 2346 numerum,
1344 2303 1408 2338 sed
1433 2302 1602 2347 imagini-
1657 2288 1660 2308 ἦ
