1685 2568
383 103 471 140 ΜΒ.
497 104 541 139 11.
570 103 669 139 CAP.
697 107 822 139 9—11.
849 107 868 146 ἓ
895 108 1043 139 22—28.
1297 106 1385 146 410

51 202 194 242 autem
231 214 319 241 non
355 200 498 254 iudex,
538 199 614 240 sed
651 199 752 240 deus
790 198 882 253 ipse
913 198 1066 240 vindex
1098 199 1386 253 constituitur,

50 259 288 314 praesentis
319 273 481 314 poenae
513 261 630 299 metu
660 257 813 313 religio
846 257 1089 299 confirmari
1119 257 1298 297 videtur.

139 315 331 372 Suosque
370 317 470 358 deos
503 319 577 358 aut
607 330 742 358 novos
776 318 850 357 aut
882 315 1144 370 alienigenas
1177 315 1260 356 coli
1292 329 1388 356 con·

49 375 261 417 fusionem
287 375 419 417 habet
438 375 695 431 religionum
716 377 759 416 et
778 374 950 430 ignotas
971 374 1249 415 caerimonias
1268 373 1386 427 †nos

14 447 32 474 5
52 435 357 476 sacerdotibus.
411 433 525 475 Nam
557 448 584 474 a
614 434 810 489 patribus
843 435 1040 488 acceptos
1073 432 1174 474 deos
1205 432 1268 473 ita
1298 432 1387 487 pla·
1413 439 1457 470 26

51 496 119 535 cet
150 493 245 546 coli,
277 493 313 534 si
344 492 443 534 huic
474 493 562 548 legi
593 492 813 547 paruerint
844 492 927 547 ipsi
958 494 1115 546 patres.

139 551 331 593 Delubra
364 565 456 592 esse
486 551 531 592 in
561 551 740 592 urbibus
773 565 922 592 censeo
953 565 1031 592 nec
1057 564 1212 604 sequor
1237 564 1388 605 magos

50 609 291 664 Persarum,
311 610 465 664 quibus
487 610 732 651 auctoribus
747 609 902 651 Xerses
922 609 1212 650 inflammasse
1226 608 1389 663 templa

52 668 255 711 Graeciae
282 669 449 722 dicitur,
476 668 588 722 quod
613 668 849 723 parietibus
876 668 1142 709 includerent
1162 667 1274 721 deos,
1301 667 1389 721 qui-

0 741 33 767 10
52 728 132 769 bus
170 727 315 769 omnia
347 728 551 768 deberent
583 741 674 768 esse
706 726 900 781 patentia
932 741 981 768 ac
1011 727 1159 780 libera,
1192 740 1389 780 quorum-

53 801 133 841 que
164 785 234 828 1116
265 786 448 827 mundus
481 785 618 827 omnis
650 785 861 840 templum
887 787 1001 826 esset
1026 789 1068 826 et
1094 785 1255 826 domus.
1303 784 1387 826 Me·
1406 785 1454 828 11

52 846 135 887 lius
167 843 287 886 Graii
325 847 454 899 atque
484 844 640 898 nostri,
680 844 752 898 qui
789 846 837 885 ut
869 846 1076 899 augerent
1106 844 1312 899 pietatem
1343 844 1390 884 in

53 905 166 958 deos,
197 903 367 945 easdem
398 903 499 944 illos
530 903 650 944 urbis
683 917 788 957 quas
820 917 898 944 nos
929 903 1115 944 incolere
1142 903 1389 956 voluerunt3

53 962 191 1005 adfert
221 963 336 1003 enim
366 962 472 1003 haee
504 961 648 1017 opinio
674 961 927 1016 religionem
952 962 1103 1002 utilem
1130 961 1390 1015 civitatibus,

2 1034 32 1060 15
53 1021 262 1076 siquidem
294 1023 336 1062 et
366 1020 474 1062 illud
504 1021 612 1062 bene
645 1020 804 1061 dictum
837 1023 902 1061 est
935 1035 960 1061 a
989 1019 1255 1075 Pythagora,
1294 1020 1389 1061 doc-

52 1080 222 1122 tissimo
254 1080 364 1133 viro,
395 1082 489 1120 tum
521 1094 718 1120 maxume
750 1082 793 1120 et
823 1079 1030 1134 pietatem
1062 1081 1104 1120 et
1136 1079 1390 1134 religionem

52 1139 214 1180 versari
250 1138 293 1180 in
332 1138 504 1192 animis,
546 1152 674 1192 quom
712 1138 840 1179 rebus
879 1138 1034 1179 divinis
1066 1152 1241 1192 operam
1273 1138 1390 1178 dare-

53 1212 166 1252 mus,
207 1199 250 1238 et
287 1197 401 1252 quod
437 1197 613 1250 Thales,
651 1197 724 1251 qui
762 1196 1104 1252 sapientissimus
1143 1196 1188 1237 in
1225 1199 1390 1251 septem

52 1256 153 1310 fuit,
186 1256 383 1297 homines
415 1255 658 1297 existimare
691 1258 888 1310 oportere
921 1255 1082 1309 omnia,
1119 1269 1222 1308 quae
1252 1270 1391 1297 cerne-

0 1328 34 1354 20
53 1318 168 1369 rent,
204 1315 379 1356 deorum
417 1329 508 1356 esse
546 1315 691 1369 plena3
727 1314 820 1356 fore
857 1314 970 1355 enim
1003 1314 1141 1356 omnis
1174 1314 1391 1367 castiores,

52 1373 188 1416 veluti
225 1388 355 1428 quom
391 1373 437 1414 in
472 1373 585 1414 fanis
625 1375 768 1414 essent
805 1373 989 1414 maxime
1020 1373 1249 1427 religiosis.
1309 1373 1391 1414 Est

53 1432 167 1475 enim
199 1432 407 1487 quaedam
439 1432 639 1487 opinione
669 1432 829 1487 species
856 1432 1067 1473 deorum
1056 1447 1103 1473 111
1127 1432 1274 1485 oculis,
1305 1447 1392 1473 non

54 1492 194 1533 solum
224 1491 270 1532 in
299 1491 530 1532 mentibus.
579 1491 856 1546 Eandemque
881 1491 1093 1532 rationem
1118 1490 1204 1532 luci
1229 1491 1391 1532 habent
1417 1499 1460 1530 27

53 1551 98 1592 in
142 1550 270 1606 agris
331 1549 481 1604 Neque
525 1564 593 1603 ea,
637 1564 744 1604 quae
782 1565 807 1591 a
845 1549 1080 1591 maioribus
1118 1550 1289 1604 prodita
1327 1552 1392 1590 est

1 1622 35 1648 25
55 1624 184 1664 quom
216 1609 418 1662 dominis,
449 1611 542 1650 tum
572 1609 745 1650 famulis
777 1609 920 1664 posita
950 1609 996 1650 in
1025 1608 1147 1649 fundi
1177 1608 1392 1664 villaeque

55 1670 296 1723 conspectu,
326 1668 480 1722 religio
511 1667 681 1721 Larum,
712 1667 974 1722 repudianda
1005 1670 1081 1708 est.

141 1726 234 1768 Iam
259 1727 369 1768 ritus
393 1726 584 1767 familiae
610 1729 866 1782 patrumque
893 1740 1062 1767 servare
1087 1726 1131 1767 id
1157 1728 1235 1780 est,
1263 1741 1394 1780 quon-

54 1786 142 1828 iam
179 1785 415 1840 antiquitas
446 1799 652 1840 proxume
685 1785 847 1827 accedit
878 1785 932 1826 ad
963 1785 1082 1839 deos,
1119 1799 1145 1826 a
1176 1784 1240 1826 dis
1273 1785 1395 1839 quasi

54 1844 259 1886 traditam
291 1844 546 1900 religionem
576 1844 698 1886 tueri.

2 1914 37 1941 30
144 1902 266 1952 Quod
297 1906 440 1945 autem
467 1917 516 1944 ex
541 1902 764 1944 hominum
789 1917 944 1959 genere
970 1905 1252 1956 consecratos,
1284 1902 1395 1944 sicut

54 1961 286 2005 Herculem
323 1964 366 2003 et
404 1964 587 2016 ceteros,
624 1961 706 2003 coli
736 1962 805 2003 lex
835 1962 972 2016 iubet,
1009 1962 1171 2003 indicat
1203 1962 1393 2003 omnium

56 2021 226 2076 quidem
259 2021 423 2062 animos
454 2021 699 2062 inmortalis
729 2035 832 2075 esse,
865 2021 938 2062 sed
962 2021 1142 2062 fortium
1167 2021 1394 2062 bonorum-

57 2094 138 2135 que
168 2080 346 2122 divinos.
407 2079 523 2121 Bene
555 2094 674 2134 vero,
711 2079 824 2134 quod
854 2079 993 2134 Mens,
1029 2079 1193 2133 Pietas,
1231 2078 1394 2132 Virtus7
1420 2085 1462 2116 28

55 2138 181 2180 Fides
213 2141 486 2181 consecratur
516 2153 665 2192 manu3
692 2153 879 2192 'quarum
940 2138 1101 2180 mnium
1133 2138 1295 2179 Romae
1328 2138 1393 2178 de-

5 2209 38 2235 85
59 2198 199 2240 dicata
229 2197 399 2252 publice
431 2198 595 2252 templa
626 2201 742 2251 sunt,
773 2199 841 2251 ut,
870 2197 902 2238 il
924 2212 948 2238 a
980 2197 1052 2252 qui
1082 2197 1271 2239 habeant
1304 2196 1394 2251 (ha-

55 2256 159 2298 bent
196 2258 340 2298 autem
377 2270 524 2298 omnes
561 2255 700 2312 boni),
741 2256 842 2297 deos
879 2255 996 2311 ipsos
1034 2256 1082 2297 in
1121 2255 1273 2297 animis
1307 2254 1393 2295 suis

56 2315 302 2358 conlocatos
327 2317 493 2370 putent.
547 2314 662 2356 Nam
687 2315 796 2356 illud
822 2315 1042 2368 vitiosum,
1062 2313 1249 2356 Athenis
1282 2312 1390 2370 quod
