1685 2568
243 59 328 101 168
707 58 772 92 DE
797 57 1122 94 DIVINATIONE

242 158 287 197 te
313 154 507 209 excitari3
539 170 635 197 cum
662 157 805 196 autem
832 156 1102 209 experrectus
1130 168 1244 195 esses
1270 154 1377 196 hora
1400 156 1583 197 secunda

242 214 344 268 fere,
369 216 413 255 te
440 214 522 255 sibi
548 213 762 255 somnium
787 213 1047 254 narravisse:
1079 212 1219 254 visum
1244 213 1326 254 tibi
1352 228 1455 268 esse,
1487 229 1583 256 cum

242 273 289 314 in
318 273 425 314 locis
459 272 562 314 solis
595 274 784 313 maestus
817 286 999 326 errares,
1041 269 1086 313 O.
1117 270 1303 312 Marium
1335 287 1430 313 cum
1460 272 1582 314 fasci-

243 332 324 373 bus
356 331 561 372 laureatis
594 345 796 384 quaerere
829 344 879 370 ex
909 332 971 384 te,
1009 329 1110 384 quid
1141 329 1280 370 tristis
1313 345 1439 384 esses,
1472 346 1583 372 cum-

245 404 326 445 que
358 392 406 431 tu
437 391 480 430 te
511 389 654 443 patria
684 389 727 430 vi
758 388 931 443 pulsum
962 403 1054 429 esse
1087 388 1276 442 dixisses,
1309 389 1583 443 prehendisse
1620 399 1637 426 5

245 463 343 490 eum
387 448 582 489 dextram
625 449 746 488 tuam
790 449 833 488 et
869 447 982 488 bono
1020 447 1162 488 animo
1201 449 1243 488 te
1281 447 1456 488 iussisse
1494 463 1585 489 esse

246 506 472 561 lictorique
509 520 717 560 proxumo
750 505 997 559 tradidisse,
1033 508 1082 547 ut
1112 508 1155 546 te
1186 505 1232 546 in
1263 509 1586 548 monumentum

247 580 373 607 suum
416 564 659 618 deduceret,
700 566 742 605 et
784 563 940 604 dixisse
980 564 1025 604 in
1062 579 1110 606 eo
1149 564 1231 605 tibi
1269 565 1453 606 salutem
1483 565 1586 606 fore.

247 624 358 665 Tum
396 626 439 665 et
477 637 521 664 se
554 623 816 664 exclamasse
849 620 1080 663 Sallustius
1110 625 1260 664 narrat
1292 623 1476 665 reditum
1507 623 1589 665 tibi

247 683 430 725 celerem
473 684 516 723 et
561 681 799 737 gloriosum
841 683 1059 736 paratum,
1104 684 1147 723 et
1190 684 1232 723 te
1270 682 1411 737 ipsum
1448 683 1589 724 visum
1609 694 1642 719 10

249 741 415 784 somnio
450 740 664 782 delectari.
720 740 834 781 Nam
865 740 972 781 illud
1007 739 1114 780 mihi
1144 740 1228 794 ipsi
1259 741 1454 782 celeriter
1486 756 1590 782 nun-

247 801 407 842 tiatum
439 801 516 852 est,
547 801 596 840 ut
628 798 864 840 audivisses
895 798 940 839 in
972 797 1248 840 monumento
1274 799 1401 841 Marii
1433 799 1482 840 de
1514 802 1589 841 tuo

249 859 389 901 reditu
410 857 898 912 magnificentissumum
917 857 1026 898 illud
1046 859 1219 898 senatus
1241 859 1484 899 consultum
1499 873 1591 899 esse

247 918 412 959 factum
449 917 660 958 referente
699 918 875 970 optumo
916 918 958 957 et
996 916 1248 957 clarissumo
1281 916 1373 958 viro
1407 917 1591 971 consule,

248 977 376 1030 idque
425 975 776 1029 frequentissimo
820 975 992 1016 theatro
1036 974 1276 1016 incredibili
1320 976 1506 1017 clamore
1549 978 1645 1017 et15

252 1035 407 1090 plausu
456 1034 802 1088 comprobatum,
854 1033 1009 1074 dixisse
1058 1035 1102 1075 te
1150 1033 1259 1074 nihil
1302 1034 1379 1076 illo
1423 1034 1593 1075 Atinati

253 1093 420 1135 somnio
451 1093 545 1134 fieri
576 1107 703 1147 posse
736 1092 933 1134 divinius.

180 1137 237 1180 29
341 1152 401 1193 At
427 1152 565 1193 multa
589 1151 714 1192 falsa.
757 1150 895 1192 Immo
923 1151 1105 1192 obscura
1127 1150 1313 1192 fortasse
1338 1151 1475 1193 nobis.
1513 1149 1594 1193 Sed

181 1191 226 1222 60
253 1211 340 1253 sint
372 1210 485 1251 falsa
517 1210 745 1264 quaedam,
777 1212 927 1251 contra
958 1224 1060 1250 vera
1092 1209 1194 1263 quid
1225 1209 1432 1252 dicimus?
1477 1209 1594 1259 Quae

253 1270 425 1325 quidem
460 1269 598 1311 multo
630 1269 757 1323 plura
789 1268 1024 1322 evenirent,
1063 1268 1099 1309 si
1132 1268 1185 1309 ad
1217 1268 1403 1322 quietem
1435 1268 1595 1324 integri
1615 1280 1649 1305 2⁰

251 1329 424 1370 iremus.
479 1327 604 1369 Nunc
637 1327 782 1369 onusti
814 1327 908 1368 cibo
942 1329 984 1367 et
1014 1326 1113 1368 vino
1146 1327 1400 1380 perturbata
1433 1330 1475 1368 et
1501 1342 1596 1369 con-

251 1387 351 1429 fusa
382 1386 606 1428 cernimus.
655 1385 777 1440 Vide,
810 1385 910 1439 quid
934 1383 1130 1426 Socrates
1156 1385 1201 1426 in
1220 1384 1415 1427 Platonis
1435 1386 1597 1428 Politia

254 1447 468 1500 loquatur.
518 1444 636 1486 Dicit
665 1444 795 1485 enim:
829 1443 970 1486 ‘Cum
996 1443 1370 1486 dormientibus
1398 1459 1453 1486 ea
1478 1460 1596 1499 pars

255 1504 429 1559 animi,
471 1518 596 1558 quae
638 1503 822 1544 mentis
864 1505 913 1544 et
952 1502 1173 1544 rationis
1213 1502 1280 1544 sit
1317 1503 1597 1558 particeps,

256 1563 429 1618 sopita
448 1563 712 1618 langueat,
732 1562 827 1603 illa
848 1563 1033 1615 autem,
1052 1561 1103 1602 in
1123 1576 1219 1615 qua
1237 1561 1421 1603 feritas
1447 1577 1596 1616 quae-
1616 1571 1650 1598 25

256 1623 366 1664 dam
399 1622 467 1663 sit
500 1623 651 1675 atque
684 1620 910 1676 agrestis
943 1620 1241 1674 inmanitas,
1286 1635 1393 1662 cum
1426 1621 1494 1662 sit
1525 1620 1598 1662 in—

256 1681 518 1722 moderato
562 1679 925 1734 obstupefacta
965 1681 1089 1734 potu
1127 1681 1279 1733 atque
1310 1682 1479 1734 pastu,
1521 1694 1598 1720 ex-

257 1740 454 1781 sultare
496 1753 604 1780 eam
644 1739 696 1779 in
737 1753 908 1780 somno
949 1737 1368 1793 inmoderateque
1400 1738 1598 1780 iactari.

255 1798 440 1852 Itaque
471 1797 588 1839 huic
621 1797 787 1839 omnia
818 1797 930 1838 visa
961 1796 1258 1838 obiciuntur
1290 1812 1315 1838 a
1347 1799 1512 1839 mente
1545 1812 1599 1838 ac

256 1857 459 1898 ratione
504 1862 677 1910 vacua‘,
721 1858 775 1897 ut
819 1858 906 1897 aut
943 1870 1050 1897 cum
1088 1858 1249 1896 matre
1291 1870 1474 1910 corpus
1513 1855 1599 1897 mi·
1618 1866 1653 1892 30

257 1930 398 1957 scere
430 1914 666 1956 videatur
698 1917 784 1956 aut
816 1929 923 1956 cum
956 1914 1136 1969 quovis
1164 1914 1267 1954 alio
1294 1915 1372 1955 vel
1399 1914 1599 1956 homine

257 1974 338 2016 vel
383 1973 490 2028 deo,
535 1989 685 2028 saepe
729 1974 897 2027 belua,
943 1975 1094 2027 atque
1139 1972 1293 2013 etiam
1338 1973 1600 2015 trucidare

258 2041 481 2087 aliquem
531 2035 581 2073 et
625 2032 778 2087 impie
822 2031 1083 2073 cruentari
1126 2032 1388 2085 multaque
1431 2031 1601 2073 facere

257 2092 437 2146 inpure
482 2093 632 2145 atque
676 2093 842 2132 taetre
886 2106 994 2132 cum
1037 2089 1334 2131 temeritate
1373 2092 1421 2131 et
1458 2091 1603 2145 inpu-

189 2159 233 2190 61
262 2147 447 2191 dentia.
508 2149 576 2191 At
614 2149 698 2204 qui
737 2149 934 2190 salubri
975 2151 1023 2190 et
1060 2149 1320 2190 moderato
1359 2149 1499 2190 cultu
1531 2151 1601 2190 at-
1620 2156 1654 2186 ³5

259 2223 353 2264 que
392 2208 532 2250 victu
571 2208 735 2263 quieti
773 2222 823 2249 se
854 2207 1133 2248 tradiderit
1165 2222 1220 2248 ea
1250 2210 1396 2262 parte
1429 2207 1601 2261 animi,
1664 2206 1668 2240 '¹

260 2281 386 2322 quae
424 2267 610 2308 mentis
649 2269 697 2308 et
735 2266 946 2308 consilii
984 2268 1080 2321 est,
1119 2266 1322 2322 agitata
1354 2267 1402 2307 et
1433 2269 1604 2308 erecta
