1685 2568
161 908 199 939 15

172 1254 197 1295 7

158 1614 198 1645 16

229 100 318 141 410
747 101 810 135 DE
836 100 1039 135 LEGIBUS

231 196 276 246 Q.
307 195 395 237 Eas
434 198 483 237 tu
519 196 653 252 igitur
689 197 806 252 leges
843 197 1018 252 rogabis
1050 196 1266 251 videlicet,
1309 212 1416 251 quae
1446 212 1566 240 num-

229 269 359 309 quam
392 255 665 310 abrogentur.
723 257 782 297 M.
808 254 944 309 Certe,
977 255 1014 296 si
1038 255 1164 297 modo
1192 259 1390 310 acceptae
1417 271 1442 298 a
1466 257 1565 298 duo·

229 313 309 354 bus
345 314 469 355 vobis
502 316 637 355 erunt.
692 312 791 368 Sed,
828 316 877 355 ut
906 314 973 355 vir
1004 313 1275 356 doctissimus
1306 314 1407 356 fecit
1437 314 1563 357 Plato

229 374 357 426 atque
396 372 507 413 idem
547 373 826 428 gravissimus
858 372 1215 427 philosophorum
1246 373 1453 427 omnium,
1492 373 1565 428 qui

228 431 425 486 princeps
458 431 507 472 de
538 446 584 473 re
615 431 788 486 publica
819 431 1073 485 conscripsit
1103 431 1300 485 idemque
1333 432 1565 486 separatim
1583 445 1600 471 5
1652 447 1655 492 ᾗ
1682 469 1685 492 3

228 490 279 530 de
323 489 492 544 legibus
534 491 641 543 eius,
683 490 727 530 id
764 489 870 530 mihi
907 490 1031 531 credo
1071 504 1163 531 esse
1199 490 1462 544 faciundum,
1504 493 1564 545 ut,
1652 494 1653 504 ²

228 548 346 602 prius
379 563 506 602 quam
537 548 676 603 ipsam
709 548 850 603 legem
882 548 1069 603 recitem,
1101 549 1151 589 de
1184 549 1272 590 eius
1304 549 1413 604 legis
1440 549 1564 591 laude

228 607 377 648 dicam.
428 606 549 655 Quod
580 607 689 648 idem
725 610 767 648 et
794 606 1022 648 Zaleucum
1049 609 1092 648 et
1116 606 1388 649 Charondam
1413 607 1564 650 fecisse

226 665 370 719 video,
409 680 538 720 quom
577 665 747 719 quidem
778 665 845 706 illi
881 680 969 707 non
1008 666 1139 707 studii
1177 669 1219 707 et
1257 666 1564 722 delectationis,
1652 701 1653 716 2

228 725 300 766 sed
339 724 401 765 rei
438 724 634 779 publicae
673 739 801 765 causa
838 725 955 780 leges
988 724 1235 766 civitatibus
1268 726 1356 766 suis
1388 726 1618 781 scripse-10
1652 765 1685 787 ,U

227 785 338 824 runt.
389 781 503 831 Quos
535 783 729 824 imitatus
755 759 907 824 Plator>
912 783 1110 825 videlicet
1141 783 1223 825 hoc
1256 798 1422 838 quoque
1454 784 1564 840 legis
1652 791 1653 795 ’

226 841 397 896 putavit
422 856 525 895 0550,
552 842 806 896 persuadere
833 842 1005 896 aliquid,
1029 857 1117 883 non
1143 843 1287 884 omnia
1305 842 1348 884 vi
1368 857 1417 885 ac
1438 843 1564 885 minis

227 915 389 956 cogere
441 900 484 952 Q.
516 875 644 954 Quid,
682 900 795 955 quod
826 900 1054 942 Zaleucum
1090 901 1222 942 istum
1259 903 1391 957 negat
1427 902 1564 943 ullum

227 936 359 1000 fuisse
386 958 614 1000 Timaeus?
657 960 720 1001 M.
746 959 807 1001 At
831 961 892 1001 az‘t
916 959 1251 1014 Theophrastus,
1277 963 1426 1001 auctor
1450 960 1565 1002 haud
1651 1008 1652 1017 ἶ

226 1018 411 1059 deterior
451 1033 547 1059 mea
585 1018 755 1072 quidem
794 1019 1008 1059 sententia
1044 1016 1286 1073 (meliorem
1327 1019 1454 1060 multi
1492 1031 1617 1061 no-15
1678 1060 1681 1072 ‚

227 1075 429 1131 minant);
461 1079 799 1118 commemorant
831 1092 932 1119 vero
957 1077 1092 1132 ipsius
1119 1077 1244 1131 cives,
1275 1078 1413 1118 nostri
1439 1078 1564 1120 chen·
1678 1073 1683 1082 ⁵

225 1139 301 1186 105,
333 1135 469 1176 Locri.
526 1134 607 1177 Sed
640 1136 728 1177 sive
759 1136 842 1177 fuit
873 1136 962 1177 sive
992 1150 1079 1178 non
1110 1136 1204 1190 fuit,
1235 1136 1344 1177 nihil
1377 1136 1430 1178 ad
1455 1151 1564 1191 rem3

223 1187 451 1248 loquimur,
483 1194 595 1248 quod
627 1195 833 1236 traditum
866 1198 941 1236 est.

315 1251 379 1293 Sit
411 1253 544 1308 igitur
575 1253 656 1295 hoc
687 1254 773 1294 iam
806 1269 830 1295 a
863 1254 1071 1308 principio
1102 1268 1355 1308 persuasum
1387 1254 1562 1309 civibus,

229 1288 557 1353 11011111105ῠο550
600 1313 791 1353 omnium
835 1327 976 1353 rerum
1022 1327 1070 1354 ac
1114 1313 1405 1354 moderatores
1450 1313 1562 1368 deos,
1583 1326 1616 1351 20
1650 1352 1683 1369 ῃ

226 1386 376 1424 eaque,
413 1385 521 1424 quae
554 1374 776 1425 gerantur,
809 1386 954 1412 eorum
989 1371 1079 1427 geri
1110 1371 1264 1413 iudicio
1298 1386 1345 1413 ac
1376 1372 1563 1426 numine,

225 1429 479 1483 eosdemque
501 1430 662 1484 optime
683 1430 733 1470 de
754 1444 907 1485 genere
926 1430 1149 1472 hominum
1169 1430 1321 1471 mereri
1341 1432 1395 1485 et,
1422 1431 1562 1485 qualis

225 1488 404 1542 quisque
431 1488 500 1543 sit,
527 1488 627 1542 quid
655 1491 768 1544 agat,
796 1489 897 1543 quid
921 1489 966 1529 in
992 1503 1036 1530 se
1062 1489 1277 1543 admittat,
1303 1504 1387 1543 qua
1408 1492 1563 1544 mente,

225 1561 309 1601 qua
340 1547 501 1601 pietate
534 1547 648 1588 colat
679 1548 922 1603 religiones,
952 1547 1109 1588 intueri
1140 1547 1393 1602 piorumque
1420 1550 1462 1589 et
1487 1548 1563 1590 im·
1648 1583 1649 1586 ,

225 1606 393 1660 piorum
419 1605 577 1647 habere
603 1607 832 1660 rationem3
863 1607 930 1647 his
957 1606 1070 1647 enim
1094 1606 1222 1647 rebus
1247 1606 1423 1648 inbutae
1449 1621 1562 1649 men·
1581 1619 1616 1646 25
1648 1610 1650 1659 J
1678 1649 1684 1663 q

225 1668 290 1705 tes
328 1664 443 1705 haud
481 1679 581 1706 sane
620 1665 912 1706 abhorrebunt
950 1665 1003 1706 ab
1041 1665 1139 1705 utili
1179 1667 1252 1706 aut
1284 1680 1309 1706 a
1340 1680 1441 1707 vera
1473 1680 1563 1707 sen-
1648 1666 1684 1672 ”

224 1723 370 1764 tentia.
439 1722 550 1772 Quid
593 1727 658 1765 est
702 1724 813 1765 enim
857 1724 997 1765 verius
1042 1738 1170 1778 quam
1213 1724 1426 1765 neminem
1469 1739 1562 1766 esse

226 1784 424 1836 oportere
456 1785 547 1823 tam
581 1783 712 1823 stulte
745 1783 1037 1838 adrogantem,
1069 1784 1117 1823 ut
1142 1782 1187 1823 in
1212 1797 1256 1824 se
1282 1783 1493 1825 rationem
1519 1786 1562 1825 et

225 1843 411 1881 mentem
449 1843 572 1896 putet
602 1842 757 1895 inesse,
795 1842 838 1882 in
871 1842 987 1882 caelo
1020 1841 1262 1895 mundoque
1291 1856 1377 1883 non
1408 1843 1560 1897 putet?
1647 1884 1648 1904 ἢ

226 1902 300 1940 aut
331 1901 379 1940 ut
411 1914 471 1953 ea,
505 1915 612 1954 quae
644 1900 714 1941 vix
746 1914 913 1941 summa
945 1900 1107 1955 ingenii
1131 1901 1289 1941 ratione
1313 1901 1561 1953 covfnprehen-
1580 1912 1614 1938 30

222 1959 387 2008 dantur,
418 1959 535 2000 mella
566 1959 733 2000 ratione
762 1958 925 2000 moveri
950 1959 1101 2013 putet?
1140 1957 1274 2007 Quem
1299 1973 1399 2000 vero
1427 1961 1561 2002 astro·
1679 1959 1685 1969 “

223 2031 319 2057 rum
351 2017 538 2071 ordines,
577 2032 703 2071 quem
735 2017 897 2058 dierum
929 2017 1203 2072 noctiumque
1234 2017 1561 2073 vicissitudines,

225 2090 351 2129 quem
383 2090 577 2116 mensum
609 2077 864 2130 temperatio
899 2090 1108 2130 quemque
1140 2090 1207 2131 ea,
1240 2090 1347 2131 quae
1381 2076 1561 2132 gignun-

223 2136 295 2175 tur
319 2134 444 2175 nobis
471 2134 524 2175 ad
549 2134 786 2188 fruendum,
817 2150 903 2176 non
930 2137 1101 2190 gratum
1128 2149 1220 2176 0550
1246 2138 1417 2190 cogunt,
1448 2136 1560 2177 hunc

223 2192 441 2234 hominem
462 2193 634 2234 omnino
655 2194 871 2235 numerari
892 2194 964 2248 qui
985 2194 1131 2235 decet?
1165 2192 1385 2248 Quomque
1406 2194 1559 2249 omnia,
1579 2205 1612 2231 3⁵
1645 2239 1646 2253 ἢ
1680 2240 1684 2246 „

223 2265 332 2306 quae
358 2252 569 2293 rationem
595 2251 768 2306 habent,
798 2255 1018 2306 praestent
1042 2252 1108 2306 iis,
1135 2267 1242 2306 quae
1268 2253 1355 2293 sint
1380 2252 1559 2294 rationis

223 2311 427 2365 expertia,
458 2310 662 2365 nefasque
695 2311 752 2352 sit
785 2311 921 2353 dicere
952 2312 1087 2352 ullam
1118 2325 1207 2352 rem
1239 2314 1458 2365 praestare
1489 2326 1561 2353 na·
