1685 2568
428 67 516 104 LIB.
542 69 568 104 1.
605 68 704 104 CAP.
734 73 882 104 13—15.
915 73 934 112 ς
960 75 1110 106 22—27.
1356 71 1443 112 155

103 164 219 207 Num
255 164 392 220 igitur
426 167 494 206 tot
525 164 861 207 clarissimorum
893 163 1045 206 dueum
1077 180 1311 221 regumque
1342 181 1444 208 nau-

101 222 291 279 fragium
324 224 500 265 sustulit
531 225 668 265 artem
701 223 995 283 gubernandi?
1029 226 1104 265 aut
1134 238 1238 265 num
1262 224 1443 279 impera-

103 284 247 323 torum
274 282 453 324 scientia
476 281 585 324 nihil
612 283 690 335 est,
717 282 818 336 quia
844 296 1035 323 summus
1055 282 1289 337 imperator
1307 297 1443 337 nuper

101 340 217 396 fugit
255 341 413 382 amisso
453 340 668 382 exercitu?
706 342 782 381 aut
817 355 920 382 num
957 343 1186 396 propterea
1223 341 1346 382 nulla
1378 344 1443 382 est

64 411 84 437 ⁵
103 399 164 440 rei
188 399 384 454 publicae
410 399 620 455 gerendae
639 399 750 440 ratio
772 401 900 454 atque
920 399 1159 454 prudentia,
1186 400 1287 454 quia
1306 400 1444 441 multa

102 456 177 499 Cn.
202 456 466 513 Pompeium,
493 457 701 512 quaedam
727 457 782 499 M.
809 457 1028 513 Catonem,
1053 473 1140 500 non
1164 459 1286 500 nulla
1311 458 1444 500 etiam

101 519 144 557 te
176 516 318 571 ipsum
349 515 625 557 fefellerunt?
670 515 834 558 Similis
867 519 933 558 est
964 517 1241 572 haruspicum
1272 531 1444 572 respon-

102 575 165 616 sio
217 575 440 630 omnisque
491 574 722 630 opinabilis
767 575 993 630 divinati03
1043 576 1287 618 coniectura
1331 575 1444 617 enim

100 634 275 688 nititur,
317 634 433 675 ultra
477 648 606 688 quam
645 634 848 690 progredi
884 649 972 676 non
1008 637 1164 690 potest.
1224 634 1291 676 Ea
1326 634 1444 676 fallit
1469 641 1512 673 25

46 704 85 730 10
101 692 286 734 fortasse
317 706 404 733 non
434 706 687 747 numquam,
729 693 802 734 sed
832 694 979 735 tamen
1010 693 1064 734 ad
1093 694 1320 735 veritatem
1355 708 1444 735 sae-

99 751 277 806 pissime
303 750 477 806 derigit3
510 753 576 792 est
602 751 715 792 enim
741 752 795 793 ab
823 752 939 793 omni
965 752 1220 794 aeternitate
1246 752 1444 808 repetita,

99 810 145 851 in
183 824 268 864 qua
306 824 401 851 cum
439 824 575 865 paene
612 810 985 852 innumerabiliter
1022 825 1090 853 res
1129 811 1277 853 eodem
1315 811 1443 853 modo

100 868 319 910 evenirent
350 868 487 910 isdem
519 868 654 924 signis
688 870 964 925 antegressis,
997 884 1065 912 ars
1098 872 1164 912 est
1196 870 1348 912 effecta
1379 885 1444 912 ea-

101 927 197 968 dem
229 942 357 982 saepe
389 927 768 970 am‘madvertendo
802 943 850 970 ac
880 929 1082 971 notando.

46 998 80 1023 15
188 985 396 1041 Auspicia
426 1001 527 1028 vero
559 989 706 1028 vestra
731 1002 860 1041 quam
886 988 1104 1029 constant!
1138 1002 1246 1043 quae
1273 988 1445 1042 quidem
1463 987 1515 1030 15

99 1059 212 1087 nunc
244 1060 268 1086 a
298 1045 504 1086 Romanis
538 1045 772 1100 auguribus
804 1046 1061 1101 ignorantur
1094 1045 1226 1100 (bona
1256 1047 1338 1089 hoc
1369 1049 1446 1088 tua

99 1103 225 1145 vem'a
251 1103 461 1159 dixerim),
495 1119 520 1145 a
547 1103 764 1159 Cilicibus,
794 1104 1077 1159 Pamphyliis,
1108 1105 1278 1159 Pisidis,
1303 1105 1444 1160 Lyciis

99 1164 309 1203 tenentur.
364 1161 479 1204 Nam
512 1162 613 1217 quid
645 1176 724 1218 ego
756 1162 973 1218 hospitem
1004 1166 1214 1218 nostrum,
1247 1165 1444 1206 clarissu-
1470 1173 1514 1204 26

99 1236 217 1262 mum
249 1223 378 1275 atque
411 1223 637 1276 optumum
668 1221 824 1276 virum,
857 1221 1111 1263 Deiotarum
1142 1237 1302 1278 regem,
1334 1237 1444 1265 com-

44 1291 80 1316 20
100 1280 363 1321 memorem?
408 1279 480 1335 qui
522 1280 632 1321 nihil
675 1295 880 1334 umquam
922 1281 1008 1322 nisi
1052 1282 1275 1336 auspicato
1321 1282 1444 1337 gerit.

99 1338 181 1388 Qui
223 1353 320 1380 cum
358 1353 408 1380 ex
444 1338 597 1380 itinere
637 1339 823 1393 quodam
860 1339 1086 1395 proposito
1125 1343 1168 1382 et
1206 1341 1444 1382 constituto

98 1397 347 1439 revertisset
385 1398 555 1452 aquilae
594 1398 839 1439 admonitus
878 1399 1045 1453 volatu,
1083 1400 1286 1441 conclave
1324 1400 1444 1454 illud,

98 1456 173 1498 ubi
211 1458 304 1498 erat
335 1470 581 1511 mansurus,
619 1457 656 1498 si
687 1457 748 1498 ire
780 1458 1058 1512 perrexisset,
1090 1458 1288 1513 proxima
1318 1461 1443 1501 nocte

99 1515 272 1557 corruit.
314 1514 479 1570 Itaque,
503 1518 552 1557 ut
578 1530 628 1557 ex
653 1515 747 1571 ipso
776 1515 1013 1571 audiebam,
1039 1531 1245 1572 persaepe
1265 1519 1444 1559 revertit
1471 1526 1515 1557 27

45 1585 80 1611 25
100 1589 150 1616 ex
187 1574 358 1629 itinere,
397 1589 493 1616 cum
528 1574 615 1615 iam
654 1589 909 1630 progressus
949 1579 1062 1617 esset
1093 1576 1330 1618 multorum
1362 1577 1444 1618 die-

99 1648 195 1674 rum
234 1633 362 1675 viam.
425 1631 554 1675 Cuius
597 1633 767 1688 quidem
808 1634 890 1676 hoc
931 1635 1326 1689 praeclarissimum
1367 1638 1444 1690 est,

100 1692 224 1747 quod,
255 1694 538 1747 posteaquam
571 1707 596 1734 a
618 1691 800 1734 Caesare
831 1693 1069 1735 tetrarchia
1095 1696 1137 1735 et
1161 1708 1295 1750 regno
1321 1709 1445 1749 pecu-

98 1750 254 1806 niaque
286 1751 495 1792 multatus
530 1753 606 1805 est,
638 1754 770 1807 negat
803 1766 847 1793 se
879 1754 1026 1794 tamen
1058 1767 1204 1794 eorum
1236 1753 1444 1808 auspicio-

99 1824 212 1864 rum,
255 1824 363 1864 quae
407 1809 491 1851 sibi
535 1809 589 1851 ad
630 1809 884 1865 Pompeium
926 1811 1217 1866 proficiscenti
1260 1812 1445 1854 secunda

42 1878 81 1904 30
101 1868 331 1923 evenerint,
362 1869 600 1924 paenitere3
633 1872 806 1911 senatus
834 1869 948 1911 enim
974 1871 1278 1912 auctoritatem
1304 1874 1347 1913 et
1371 1886 1444 1927 po-

100 1926 193 1981 puli
223 1926 408 1969 Romani
438 1927 686 1969 libertatem
719 1930 847 1983 atque
872 1928 1044 1984 imperii
1071 1929 1328 1986 dignitatem
1355 1930 1443 1972 suis

101 1985 231 2026 armis
264 2000 355 2027 esse
382 1986 611 2041 defensam,
645 1986 811 2042 sibique
837 2002 908 2030 eas
936 2003 1048 2042 aves,
1080 1989 1236 2043 quibus
1263 1989 1444 2031 auetori-

36 2075 41 2081 .
100 2044 181 2085 bus
214 2043 402 2086 officium
433 2048 477 2087 et
506 2046 634 2087 fidem
667 2048 836 2088 secutus
869 2049 994 2102 esset,
1025 2047 1132 2089 bene
1159 2048 1443 2102 consuluisse3

103 2102 392 2157 antiquiorem
423 2104 537 2145 enim
569 2104 653 2146 sibi
683 2104 818 2147 fuisse
849 2106 1195 2161 possessionibus
1229 2107 1317 2148 suis
1350 2107 1444 2163 glo-

45 2171 82 2198 35
102 2161 223 2203 riam.
284 2160 364 2203 Ille
401 2162 508 2204 mihi
543 2163 713 2205 videtur
750 2164 886 2220 igitur
921 2179 1020 2206 vere
1053 2166 1267 2221 augurari.
1328 2165 1443 2207 Nam

99 2220 241 2262 nostri
278 2220 450 2275 quidem
486 2221 769 2277 magistratus
808 2223 1010 2279 auspiciis
1048 2226 1228 2266 utuntur
1266 2225 1443 2277 coactis3

100 2293 272 2321 necesse
305 2281 371 2321 est
403 2279 516 2321 enim
548 2281 632 2323 offa
663 2281 832 2324 obiecta
862 2282 1012 2324 cadere
1043 2282 1231 2325 frustum
1257 2298 1307 2325 ex
1332 2282 1444 2338 pulli
