1685 2568
429 114 519 152 LIB.
545 115 590 151 ΙΙ.
624 114 724 151 ΟΑΡ.
751 120 853 151 3-6.
880 119 900 158 ἓ
925 120 1051 152 5—11.
1323 118 1408 159 309

74 210 254 254 Graecia
290 211 512 253 verissime
550 211 706 266 dicere3
742 226 841 253 nam
881 213 924 252 et
960 211 1056 267 ipsa
1086 211 1408 267 Peloponnesus

72 270 161 312 fere
191 273 286 312 tota
315 270 360 312 in
391 270 500 312 mari
532 273 615 325 est,
643 270 648 324 Ι
675 285 753 312 nec
783 272 954 325 practer
984 270 1230 312 Phliuntios
1263 272 1315 322 [p.
1341 281 1409 311 228

73 329 152 371 11111
183 331 294 383 sunt,
327 343 509 383 quorum
541 329 636 385 agri
665 343 753 371 non
780 329 1034 384 contingant
1059 344 1189 382 mare,
1221 331 1264 370 et
1290 331 1411 370 extra

72 387 416 454 Peloponnesum
448 387 663 429 Aenianes
695 390 738 429 et
768 387 897 430 Doris
929 390 972 429 et
1002 387 1192 442 Dolopes
1226 387 1309 429 soli
1339 387 1411 429 ab·

38 449 176 488 5811111,
218 461 244 488 a
285 446 407 488 mari.
474 444 584 495 Quid
629 447 767 488 dicam
810 446 974 488 insulas
1019 445 1250 488 Graeciae?
1302 460 1410 512 quae

72 505 273 547 fluctibus
311 505 473 547 cinctae
509 507 664 546 natant
700 519 834 560 paene
871 505 990 560 ipsae
1024 505 1153 547 simul
1185 520 1282 547 cum
1313 505 1412 547 civi-

71 566 213 606 tatum
243 563 455 605 institutis
489 565 531 604 et
562 564 765 605 moribus.
820 563 963 618 Atque
994 564 1100 606 haec
1132 564 1321 619 quidem,
1362 566 1411 606 ut

74 637 204 678 supra
241 623 345 676 dixi,
387 622 547 664 veteris
585 625 685 663 sunt
717 622 932 664 Graeciae.
994 622 1272 665 Coloniarum
1308 637 1409 665 vero

74 696 182 737 quae
221 683 286 723 est
323 680 503 723 deducta
540 695 566 722 a
597 680 738 722 Graiis
775 682 821 722 in
851 681 1021 736 Asiam,
1059 681 1289 736 Thracam,
1326 681 1411 723 Ita-

38 741 195 794 oliam,
243 738 451 794 Siciliam,
500 739 694 782 Africam
743 743 915 795 praeter
957 756 1087 782 unam
1129 740 1410 796 Magnesiam,

74 813 201 854 quam
238 798 352 840 unda
381 813 470 840 non
501 798 677 840 adluat?
721 798 790 840 Ita
821 799 1106 841 barbarorum
1138 800 1255 856 agris
1288 800 1411 854 quasi

73 858 248 900 adtexta
280 857 286 912 Ι
320 857 529 912 quaedam
566 857 735 899 videtur
772 873 848 899 ora
886 872 977 900 esse
1010 858 1231 913 Graeciae3
1264 860 1315 911 [p.
1343 869 1410 900 229

71 932 173 959 116111
209 931 232 959 6
261 917 459 958 barbaris
492 917 662 971 quidem
692 917 799 971 ipsis
830 917 940 958 nulli
972 920 1093 959 erant
1126 920 1254 959 antea
1286 917 1412 959 mari-

72 976 182 1017 tumi
206 978 377 1031 praeter
395 976 602 1018 Etruscos
624 979 666 1017 et
685 975 864 1030 Poenos,
891 977 1017 1017 alteri
1037 977 1253 1019 mercandi
1273 991 1412 1031 causa,

37 1035 359 1077 5latrocinandi
395 1035 533 1077 alteri.
595 1033 711 1083 Quae
750 1049 879 1076 causa
915 1036 1141 1090 perspicua
1179 1038 1244 1077 est
1280 1036 1413 1077 malo-

72 1108 168 1135 rum
216 1094 685 1148 commutationumque
729 1093 932 1135 Graeciae
980 1096 1159 1149 propter
1207 1109 1258 1136 ea
1305 1094 1413 1135 vitia

73 1152 389 1194 maritimarum
419 1153 603 1219 urbium,
635 1167 743 1207 quae
772 1155 872 1194 ante
897 1153 1027 1207 paulo
1053 1153 1318 1207 perbreviter
1343 1153 1413 1194 ad-

72 1212 166 1268 tigi
228 1209 310 1253 Sed
346 1214 494 1253 tamen
529 1212 576 1253 in
611 1212 678 1253 his
710 1211 827 1253 vitiis
859 1211 973 1252 inest
1002 1211 1082 1253 illa
1111 1225 1271 1268 magna
1302 1226 1413 1254 com-

73 1270 276 1325 moditas,
320 1273 380 1324 et,
424 1270 537 1325 quod
576 1271 734 1326 ubique
777 1270 970 1326 genitum
1005 1273 1010 1321 Ι
1044 1272 1128 1325 est,
1170 1274 1220 1312 ut
1264 1272 1316 1323 [p.
1343 1281 1411 1312 230

37 1340 54 1366 ο
73 1329 126 1371 ad
158 1343 253 1371 eam
277 1329 440 1383 urbem,
473 1344 602 1383 quam
626 1329 802 1384 incolas,
830 1329 970 1384 possit
996 1328 1164 1383 adnare,
1196 1331 1240 1370 et
1263 1344 1411 1371 rursus

71 1391 121 1430 ut
159 1388 219 1443 id,
260 1388 374 1443 quod
411 1388 506 1444 agri
537 1388 717 1430 efferant
749 1388 832 1442 sui,
871 1402 1158 1443 quascumque
1195 1388 1332 1430 velint
1368 1389 1413 1430 in

71 1449 222 1502 terras,
255 1449 429 1502 portare
460 1447 630 1502 possint
661 1462 710 1489 ac
741 1448 925 1489 mittere.

160 1505 242 1555 Qui
284 1507 427 1561 potuit
469 1506 604 1561 igitur
645 1506 828 1547 divinius
869 1508 912 1547 et
948 1506 1162 1548 utilitates
1200 1506 1413 1562 conplecti

0 1613 3 1620 ,
72 1565 315 1607 maritimas
340 1564 551 1607 Romulus
583 1567 626 1607 et
654 1566 761 1607 vitia
785 1566 934 1618 vitare,
967 1580 1096 1620 quam
1123 1566 1236 1620 quod
1260 1566 1412 1607 urbem

72 1624 270 1679 perennis
304 1623 442 1665 amnis
473 1626 517 1665 et
548 1625 787 1679 aequabilis
820 1627 863 1665 et
893 1624 939 1665 in
969 1639 1086 1666 mare
1118 1624 1205 1666 late
1237 1624 1412 1666 influen-

71 1683 129 1724 tis
171 1683 318 1750 posuit
360 1683 406 1724 in
447 1682 569 1737 ripa?
741 1685 890 1739 posset
932 1683 1036 1725 urbs
1077 1685 1120 1725 et
1159 1684 1349 1739 accipere
1387 1698 1413 1725 a

72 1742 194 1796 mari,
214 1757 298 1797 quo
319 1744 476 1798 egeret,
497 1744 540 1783 et
553 1698 768 1797 redldere,p
764 1757 847 1798 quo
868 1742 1138 1797 redundaret,
1161 1740 1165 1799 Ι
1189 1757 1255 1784 eo·
1276 1744 1328 1795 [p.
1343 1752 1410 1784 231

73 1801 252 1855 demque
289 1803 339 1842 ut
368 1800 542 1842 flumine
573 1815 641 1842 res
674 1801 728 1843 ad
758 1801 919 1844 victum
950 1802 1197 1856 cultumque
1228 1801 1412 1843 maxime

71 1859 334 1902 necessarias
370 1874 458 1901 non
494 1860 636 1901 solum
672 1860 782 1901 mari
817 1860 1131 1915 †absorberet,
1169 1860 1244 1902 sed
1281 1860 1413 1902 etiam

71 1918 263 1961 invectas
289 1918 501 1973 acciperet
526 1933 576 1960 ex
602 1921 728 1973 terra,
759 1921 808 1960 ut
833 1919 940 1961 mihi
965 1919 1053 1961 iam
1077 1922 1171 1961 tum
1197 1919 1412 1961 divinasse

71 1977 146 2019 ille
176 1978 373 2020 videatur
404 1977 515 2019 hanc
544 1978 695 2019 urbem
726 1978 868 2019 sedem
901 1978 1130 2033 aliquando
1164 1980 1207 2020 et
1238 1978 1412 2020 domum

72 2051 239 2079 summo
281 2051 373 2079 esse
410 2036 591 2091 imperio
628 2037 940 2092 praebituram3
982 2052 1084 2079 nam
1120 2037 1232 2079 hanc
1268 2052 1411 2079 rerum

71 2097 241 2138 tantam
283 2095 524 2151 potentiam
566 2109 654 2137 non
694 2095 828 2137 ferme
870 2096 1040 2138 facilius
1077 2096 1169 2138 ulla
1205 2096 1251 2138 in
1287 2099 1411 2152 parte

0 2203 2 2210 y
70 2154 223 2196 Italiae
254 2154 398 2208 posita
427 2154 529 2196 urbs
561 2157 705 2196 tenere
736 2154 959 2209 potuisset.

71 2286 163 2315 tam
193 2273 427 2328 neglegens
459 2272 532 2326 qui
561 2286 650 2314 non
678 2272 840 2314 habeat
864 2273 1007 2315 animo
1031 2275 1185 2315 notata
1209 2286 1258 2314 ac
1281 2272 1408 2326 plane

71 2331 273 2388 cognita?
305 2331 424 2372 cuius
455 2331 493 2372 is
525 2333 592 2372 est
621 2334 786 2372 tractus
812 2331 1048 2387 ductusque
1075 2331 1186 2373 muri
1212 2345 1308 2373 cum
1326 2330 1407 2372 Ro-

1401 1506 1409 1514 ·
1437 1487 1465 1528 5

1439 1539 1482 1570 10

159 2212 291 2256 Urbis
318 2216 462 2255 autem
488 2213 624 2268 ipsius
648 2213 798 2255 nativa
818 2213 1034 2269 praesidia
1053 2214 1147 2269 quis
1166 2211 1170 2270 Ι
1187 2216 1253 2255 est
1274 2214 1325 2265 [p.
1341 2223 1408 2254 232
1435 2198 1476 2280 (151
