1685 2568
282 75 367 117 234
744 74 808 110 DE
834 74 1160 110 DIVINATIONE

282 170 635 225 concludendum,
676 185 783 225 quae
815 171 869 212 ab
902 170 1099 212 omnibus
1131 169 1434 224 concedantur,
1466 170 1538 212 sed
1570 185 1620 212 ea.

283 230 468 284 sumitis,
501 230 654 284 quibus
688 230 898 271 concessis
924 229 1060 270 nihilo
1088 229 1228 284 magis
1255 228 1475 283 efficiatur,
1507 229 1620 284 quod

282 289 437 330 velitis.
485 287 679 329 Primum
711 288 823 328 enim
854 288 935 329 hoc
968 287 1155 328 sumitis:
1189 285 1262 328 ‘Si
1293 290 1410 328 sunt
1442 287 1506 341 di,
1538 288 1619 329 be-
1676 335 1678 339 .

280 346 438 388 nefici
480 347 531 388 in
573 347 803 388 homines
842 345 986 387 sunt?
1049 344 1152 394 Quis
1189 345 1271 387 hoc
1308 346 1430 387 vobis
1469 346 1618 388 dabit?
1671 342 1678 367 ”

280 405 576 460 Epicurusne?
616 405 689 459 qui
724 407 856 459 negat
894 404 1121 458 quicquam
1153 404 1253 445 deos
1284 419 1361 446 nec
1393 404 1522 445 alieni
1552 418 1653 446 ‹zu-5

281 478 377 505 rare
414 479 492 506 nec
530 463 613 517 sui,
657 478 711 504 an
748 466 896 504 noster
925 462 1121 504 Ennius?
1166 463 1239 517 qui
1275 477 1433 518 magno
1465 463 1620 518 plausu

281 523 473 578 loquitur
505 522 771 564 adsentiente
803 521 981 576 populo:

340 582 448 637 Ego
488 581 630 622 deum
669 594 828 635 genus
866 581 975 621 esse
1013 594 1211 634 semper
1243 577 1348 621 dixi
1379 583 1428 622 et
1460 580 1621 622 dicam

1242 639 1503 693 caelitum,

341 698 436 741 Sed
468 712 552 740 eos
583 711 682 738 non
708 697 885 739 curare
918 697 1119 752 opinor,
1152 696 1272 751 quid
1304 700 1423 753 agat
1449 698 1620 739 huma-

1184 758 1300 797 num
1333 771 1499 811 genus.

281 816 340 858 Et
379 815 568 869 quidem,
612 829 685 856 cur
723 814 783 856 sic
821 814 1036 869 opinetur,
1080 814 1292 856 rationem
1330 815 1503 868 subicit3
1548 814 1621 856 sed
1639 829 1653 856 1

280 874 387 916 nihi]
429 876 494 914 est
524 887 696 914 necesse
728 873 883 927 dicere,
921 887 1029 927 quae
1062 875 1316 927 sequuntur,
1352 876 1521 914 tantum
1555 876 1623 915 sat

283 936 348 975 est
378 932 588 987 intellegi,
619 931 663 972 id
694 946 860 973 sumere
892 931 1000 973 istos
1032 946 1109 986 pro
1142 935 1271 986 certo,
1303 932 1415 986 quod
1448 933 1622 973 dubium
1661 974 1665 988 ‹

212 981 265 1022 51
301 993 710 1044 controversumque
756 990 824 1031 sit.
894 989 1095 1044 Sequitur
1137 1005 1285 1045 porro,
1327 991 1459 1032 nihil
1505 991 1622 1033 deos

215 1032 545 1106 105ignorare,
590 1049 720 1103 quod
764 1049 932 1090 omnia
973 1049 1077 1090 sint
1121 1049 1179 1090 ab
1217 1049 1282 1090 iis
1322 1049 1622 1091 constituta.
1662 1065 1663 1085 ³

283 1109 365 1151 Hic
402 1123 504 1149 vero
544 1111 705 1162 quanta
736 1121 881 1162 pugna
913 1110 978 1148 est
1010 1108 1368 1149 doctissumorum
1400 1108 1622 1150 hominum
1641 1123 1655 1150 1

283 1167 536 1223 negantium
581 1181 672 1208 esse
718 1166 823 1208 haec
862 1181 887 1207 a
925 1166 988 1207 dis
1026 1167 1328 1208 inmortalibus
1368 1168 1621 1209 constituta!
1660 1190 1661 1203 ι

284 1228 345 1267 At
375 1228 527 1267 nostra
557 1225 738 1266 interest
770 1225 876 1266 scire
910 1240 969 1278 ea,
1003 1239 1109 1279 quae
1142 1228 1347 1267 eventura
1378 1228 1488 1267 sunt.
1535 1226 1623 1267 Ma-

286 1299 394 1340 gnus
414 1284 668 1326 Dicaearchi
700 1284 809 1324 liber
841 1286 907 1325 est
932 1284 1095 1325 nescire
1121 1298 1171 1325 ea
1195 1284 1347 1325 melius
1375 1298 1466 1325 esse
1494 1299 1623 1338 quam
1682 1333 1683 1336 Ἴ

286 1344 403 1385 scire.
465 1342 639 1398 Negant
687 1343 731 1383 id
781 1357 872 1383 esse
924 1343 1110 1383 alienum
1159 1343 1384 1384 maiestate
1435 1343 1622 1384 deorum.
1681 1339 1684 1356 ³

286 1401 457 1444 Scilicet
503 1415 626 1442 casas
672 1401 862 1442 omnium
893 1401 1190 1456 introspicere,
1221 1403 1270 1442 ut
1300 1402 1490 1456 videant,
1522 1402 1624 1456 quid
1640 1404 1659 1442 1

217 1471 281 1503 106
304 1461 454 1515 cuique
504 1461 723 1502 conducat.
792 1459 985 1514 ‘Neque
1034 1474 1132 1501 non
1180 1463 1399 1515 possunt
1447 1460 1658 1502 futura

285 1518 650 1575 praenoscere.'
713 1518 888 1574 Negant
924 1533 1050 1573 posse
1087 1519 1134 1572 ii,
1174 1519 1327 1573 quibus
1365 1534 1451 1560 non
1481 1519 1623 1574 placet
1664 1556 1666 1560 ,

287 1593 379 1620 6556
411 1580 593 1631 certum,
632 1577 734 1632 quid
763 1577 955 1618 futurum
989 1578 1056 1618 sit.
1114 1576 1299 1619 Videsne
1331 1578 1483 1633 igitur,
1516 1592 1622 1632 quae
1681 1627 1684 1631 ⁴

287 1637 416 1678 dubia
441 1637 540 1690 sint,
566 1651 615 1678 ea
641 1636 752 1677 sumi
777 1651 854 1691 pro
881 1636 1007 1677 certis
1034 1638 1162 1690 atque
1188 1637 1427 1678 concessis?
1459 1636 1622 1678 Deinde
1652 1606 1656 1691 1
1677 1631 1683 1649 ²

287 1698 570 1750 contorquent
602 1697 645 1736 et
673 1695 736 1736 ita
761 1695 1034 1737 concludunt:
1069 1694 1201 1736 ‘Non
1232 1695 1393 1750 igitur
1425 1697 1473 1736 et
1506 1697 1655 1737 sunts

287 1755 334 1795 di
365 1769 456 1796 nec
487 1754 797 1809 significant
821 1753 1036 1807 futura'3
1067 1754 1110 1794 id
1136 1754 1248 1795 enim
1274 1755 1360 1796 iam
1387 1754 1623 1808 perfectum
1649 1777 1651 1784 ·

287 1814 566 1855 arbitrantur.
627 1812 791 1854 Deinde
835 1812 1081 1853 adsumunt:
1134 1812 1282 1854 ‘Sunt
1332 1815 1498 1854 autem
1542 1812 1653 1868 di',

288 1872 400 1926 quod
440 1873 581 1927 ipsum
621 1886 709 1913 non
746 1871 799 1912 ab
839 1871 1037 1912 omnibus
1071 1871 1326 1912 conceditur.
1389 1869 1623 1927 ‘Signifi-
1676 1919 1681 1924 „

287 1932 404 1972 eant
448 1929 597 1985 ergo.9
655 1929 721 1971 Ne
753 1930 794 1970 id
833 1930 1002 1983 quidem
1041 1930 1249 1984 sequitur,
1292 1932 1473 1985 possunt
1511 1930 1622 1971 enim
1676 1930 1679 1943 1

286 2003 372 2031 non
411 1989 653 2044 significare
685 1991 727 2029 et
758 1991 903 2029 tamen
936 2003 1027 2029 esse
1059 1988 1112 2030 di.
1169 1988 1308 2043 ‘Nec,
1346 1989 1388 2030 si
1420 1989 1663 2044 signifi-:⁴

287 2049 421 2101 cant,
463 2062 562 2089 non
606 2048 728 2088 dant
767 2047 876 2088 vias
916 2048 1117 2102 aliquas
1156 2047 1215 2089 ad
1253 2048 1522 2089 scientiam
1560 2047 1647 2121 Si‘l

289 2106 677 2161 gnificationis.⁹
740 2105 800 2146 At
837 2106 880 2146 id
919 2121 1086 2160 quoque
1123 2109 1284 2161 potest,
1327 2109 1375 2147 ut
1405 2121 1491 2147 non
1523 2106 1647 2147 dent*

287 2165 467 2219 homini,
505 2164 589 2219 ipsi
626 2164 832 2217 habeant,
876 2179 950 2206 cur
987 2165 1099 2205 enim
1131 2165 1280 2206 Tuscis
1318 2165 1461 2219 potius
1495 2142 1646 2219 quaml
1677 2215 1680 2218 Δ

287 2224 493 2265 Romanis
532 2223 711 2264 darent?
769 2222 908 2277 tNec,
953 2223 995 2264 si
1040 2224 1160 2264 dant
1196 2224 1323 2277 vias,
1366 2224 1508 2265 nulla
1546 2217 1679 2282 65151Ἰ

290 2281 569 2324 divinatio?
618 2281 703 2323 Fac
736 2281 834 2323 dare
869 2282 981 2334 (1605,
1014 2283 1124 2335 quod
1151 2283 1382 2323 absurdum
1409 2284 1491 2337 cst;
1522 2281 1620 2337 quid
1640 2289 1657 2371 ΞΑ,

1640 2375 1642 2388 .

1639 2395 1642 2433 1

1638 2434 1652 2462 ¹
