1685 2568
201 100 292 137 LIB.
318 101 346 137 1.
374 99 474 137 cAP.
502 104 558 145 57,
579 104 634 137 58.
660 105 680 144 5
701 105 898 137 131-132,
931 100 1087 138 LIB.11.
1113 102 1297 139 ARGUM.
1346 104 1428 146 195

148 195 248 246 Qus
282 197 385 239 sibi
425 197 660 239 semitam
696 211 796 238 non
834 196 1062 251 sapiunt,
1103 198 1259 239 alteri
1298 214 1433 240 mon-

961 256 1133 297 strant
1164 256 1316 310 viam3

149 312 344 363 Quibus
386 313 602 355 divitias
639 313 978 369 pollicentur,
1023 314 1082 355 ab
1119 314 1184 356 iis
1223 314 1434 356 drachu-

827 387 954 414 mam
984 371 1091 427 ipsi
1119 375 1316 428 petunt.

149 430 219 472 De
269 429 350 472 his
401 430 605 472 divitiis
650 429 752 472 sibi
796 431 1049 473 deducant
1092 431 1434 485 drachumam,

883 490 1102 531 reddant
1133 493 1316 532 ce'tera.

89 548 233 603 Atque
265 547 372 590 haec
404 547 576 603 quidem
602 547 789 602 Ennius,
821 548 894 603 qui
924 549 1072 604 paucis
1106 552 1205 591 ante
1238 550 1434 592 versibus

55 620 185 649 5esse
223 606 324 648 deos
362 609 525 660 censet,
567 607 640 648 sed
679 621 750 648 eos
786 621 876 649 non
906 621 1055 650 curare
1088 608 1301 663 opinatur,
1334 609 1435 663 quid

37 914 70 940 10

90 667 194 721 agat
224 665 461 707 humanum
494 679 641 722 genus,
695 665 791 722 Ego
824 668 979 721 autem,
1012 667 1085 721 qui
1117 669 1160 708 et
1191 682 1339 709 curare
1372 682 1435 709 ar-

88 724 230 766 bitror
262 726 305 765 et
336 738 510 766 monere
543 724 674 766 etiam
706 739 755 766 ac
787 725 926 766 multa
956 725 1212 780 praedicere,
1244 726 1434 780 levitate,

88 783 300 838 vanitate,
340 782 510 825 malitia
551 783 723 825 exclusa
762 783 1070 826 divinationem
1107 785 1256 839 probo.
1318 784 1435 834 Quae

89 856 186 884 cum
224 841 402 884 dixisset
434 840 634 897 Quintus,
671 841 896 884 Praeclare
934 845 983 885 tu
1021 843 1210 898 quidem,
1246 844 1435 899 inquam,

89 902 269 956 paratus
296 935 303 941 .
331 934 339 942 .
367 933 376 942 .

417 1114 480 1161 M.
521 1114 735 1161 TULLII
773 1114 1101 1162 CICERONIS

306 1218 437 1282 DE
487 1203 1215 1284 DIVINATIONE

483 1338 665 1376 LIBER
704 1337 1038 1377 SECUNDUS.

564 1526 959 1566 ARGUMENTUM.

181 1614 263 1650 Hoc
287 1614 406 1651 altero
432 1614 477 1651 de
504 1614 737 1651 divinatione
762 1615 859 1650 libro
882 1614 1009 1650 Cicero
1036 1616 1237 1660 postquam
1261 1616 1308 1652 de
1328 1616 1434 1652 libris

90 1662 166 1698 suis
191 1663 278 1697 ante
303 1662 372 1698 hos
399 1662 445 1698 de
471 1662 703 1698 divinatione
729 1662 844 1698 libros
871 1662 1020 1708 scriptis
1045 1664 1083 1697 et
1102 1663 1147 1697 de
1169 1664 1339 1699 omnibus
1360 1666 1434 1699 stu-

90 1710 162 1745 diis
188 1711 264 1745 suis
291 1710 464 1755 exposuit
487 1711 581 1755 (cap.
610 1715 640 1753 1,
667 1714 688 1745 2
714 1714 734 1753 ξ
762 1715 826 1745 1——
833 1712 878 1754 7),
906 1711 1035 1745 contra
1059 1710 1244 1746 rationem
1271 1711 1435 1747 Stoicam

90 1768 122 1794 a.
149 1756 190 1799 Q.
222 1756 336 1792 fiatre
362 1757 458 1792 libro
486 1757 682 1802 superiore
700 1757 939 1803 explanatam
964 1758 1003 1791 et
1028 1756 1219 1793 defensam
1244 1758 1435 1805 disputare

88 1804 264 1841 instituit.
307 1803 459 1839 Initium
484 1804 575 1839 facit
599 1815 622 1839 a
641 1803 840 1840 Carneadis
866 1805 1086 1849 argumento
1112 1805 1255 1840 nullam
1280 1817 1360 1841 esse
1381 1806 1434 1840 di-

88 1851 317 1887 vinationem
344 1851 539 1895 censentis,
566 1852 665 1896 quod
688 1851 793 1886 nulla
817 1851 868 1886 sit
887 1851 1129 1886 divinationis
1149 1853 1340 1897 tamquam
1358 1865 1434 1888 ma-

88 1899 212 1935 161165.
261 1898 412 1934 Nullam
450 1898 550 1934 enim
581 1909 662 1934 esse
694 1898 963 1934 divinationem
992 1909 1111 1943 neque
1145 1910 1270 1935 earum
1300 1911 1433 1944 rerum,

89 1957 183 1994 quae
209 1945 377 1982 sensibus
403 1946 668 1992 peicipiantur‚
693 1957 813 1991 neque
840 1957 976 1989 earum,
1004 1957 1097 1991 quae
1117 1947 1196 1982 arte
1214 1947 1433 1990 tractentur,

89 2004 209 2039 neque
235 2004 372 2036 earum,
399 2004 493 2038 quae
518 1993 558 2028 in
582 2004 621 2028 re
646 1993 800 2039 publica
823 1994 1016 2028 versentur
1035 1995 1130 2045 (cap.
1150 1998 1184 2038 3,
1204 1999 1226 2029 4
1251 1999 1271 2037 ξ
1290 1997 1431 2038 8—12).

43 2080 50 2086 Ι
88 2040 286 2076 Praeterea
320 2051 396 2075 non
433 2040 709 2076 concedendum
746 2040 867 2076 videri
904 2039 1174 2076 divinationem
1211 2052 1290 2077 esse
1327 2052 1432 2094 prae—

91 2087 293 2123 dictionem
326 2088 366 2122 et
394 2088 694 2133 praesensionem
718 2098 839 2123 rerum
863 2087 1117 2131 fortuitarum;
1147 2089 1307 2133 primum
1334 2088 1432 2124 enim

89 2136 233 2177 ventos,
260 2135 414 2169 eventus
439 2134 663 2179 morborum,
689 2135 807 2170 multa
825 2134 901 2170 alia
920 2145 1000 2170 esse
1020 2134 1186 2178 fortuita,
1212 2147 1287 2170 non
1306 2137 1432 2170 tamen

91 2181 347 2217 eStoicorum
370 2183 495 2216 mente
522 2181 744 2217 divinationi
769 2181 954 2225 subiecta3
981 2181 1115 2217 deinde
1142 2182 1173 2217 51
1199 2182 1356 2218 fortuita
1381 2182 1434 2215 di-

91 2229 231 2270 cantur,
258 2239 351 2273 quae
375 2239 495 2273 neque
520 2229 664 2264 ratione
689 2240 808 2274 neque
833 2230 912 2264 arte
937 2229 1127 2274 provideri
1151 2230 1308 2275 possint,
1335 2229 1433 2273 quod

89 2275 129 2311 in
161 2276 311 2311 fortuna
340 2275 464 2321 posita
496 2275 587 2320 sint,
618 2276 760 2311 nullam
789 2287 900 2322 posse
926 2287 1052 2311 earum
1076 2287 1198 2311 rerum
1225 2288 1305 2311 esse
1330 2286 1433 2321 prae-

91 2322 310 2358 sensionem.
361 2323 426 2358 Sin
457 2324 582 2358 autem
609 2323 728 2359 Stoici
751 2324 890 2370 negent
915 2334 995 2359 esse
1021 2323 1207 2358 fortunam
1235 2324 1273 2358 et
1298 2322 1431 2364 omnia,

1077 2382 1147 2417 13*

1683 985 1685 993 .
1683 927 1685 955 im
1680 675 1685 913 .——-.—.—=...
1678 459 1685 658 000——20-f
1678 392 1682 410 a
