1685 2568
237 85 320 126 190
701 83 766 119 DE
792 83 1112 120 DIVINATIONE

234 184 283 222 ut
308 183 400 222 tum
426 181 521 236 huc,
546 183 639 222 tum
664 180 768 222 illuc
791 181 940 222 volent
960 180 1099 234 alites,
1123 182 1217 221 tum
1235 180 1281 221 in
1300 180 1393 236 hac,
1418 182 1512 222 tum
1532 181 1578 222 in

234 240 312 281 illa
342 242 465 295 parte
498 254 542 280 se
574 240 811 293 occultent,
843 241 936 279 tum
968 253 994 280 a
1026 238 1186 291 dextra,
1217 240 1311 279 tum
1343 254 1369 280 a
1400 239 1576 280 sinistra

234 301 358 353 parte
391 300 547 340 canant
579 298 755 339 oscines.
812 296 927 338 Nam
960 297 997 337 si
1025 272 1186 354 animal⁷
1216 309 1360 352 omne,
1391 300 1440 338 ut
1470 298 1576 351 vult,

234 358 298 399 ita
328 357 466 398 utitur
497 358 619 397 motu
650 355 716 397 sui
749 355 959 410 corporis,
996 352 1153 410 preno,
1186 355 1379 410 obliquo,
1412 356 1577 410 supino,
1676 400 1678 404 ,

235 416 531 469 membraque,
564 428 831 468 quocumque
863 414 976 467 vult,
1007 413 1152 468 flectit,
1185 416 1451 468 contorquet,
1482 429 1578 468 por·
1614 426 1630 451 5

236 474 352 530 rigit,
384 472 603 515 contrahit
629 486 762 526 eaque
788 474 888 513 ante
914 471 1045 514 efficit
1068 486 1217 527 paene,
1250 487 1378 538 quam
1401 473 1578 528 cogitat,

237 535 398 587 quanto
436 531 481 572 id
518 531 595 573 deo
635 533 701 572 est
731 530 919 585 facilius,
960 530 1079 572 cuius
1110 531 1276 572 numini
1303 507 1479 586 parOent
1492 545 1578 581 0111-

168 602 231 632 121
253 592 343 632 nia!
374 590 579 644 Idemque
606 589 743 631 mittit
764 591 806 630 et
826 565 951 645 sigria
966 583 1094 631 1101118
1115 590 1204 631 01118
1226 590 1407 645 generis,
1434 579 1585 644 qualia

234 650 453 705 permulta
486 648 670 690 historia
701 647 897 702 tradidit,
931 648 1056 702 quale
1087 648 1295 703 scriptum
1327 648 1437 690 illud
1467 648 1579 690 vide-

237 723 350 750 mus:
377 708 414 750 si
439 708 543 749 luna
567 707 697 761 paulo
725 708 824 748 ante
851 706 955 748 solis
981 709 1125 748 ortum
1145 707 1400 748 defecisset
1388 722 1434 748 111
1453 707 1578 762 signo
1600 720 1632 744 10
1683 708 1685 731 ³

236 767 404 821 Leonis,
429 766 521 808 fore
548 768 596 807 ut
627 766 793 818 [armis]
820 764 986 806 Dareus
1013 767 1056 806 et
1074 764 1230 806 Persae
1257 766 1311 807 ab
1331 765 1578 807 Alexandro

238 829 281 868 et
311 824 617 867 Macedonibus
654 823 819 879 proelio
861 823 1132 866 vincerentur
1163 824 1413 878 Dareusque
1445 839 1580 866 more-

236 887 372 938 retur,
411 886 470 937 et,
510 883 546 925 si
582 883 729 938 puella
768 884 872 924 nata
904 882 1050 937 biceps
1082 885 1213 937 esset,
1251 883 1504 924 seditionem
1535 883 1580 924 in

236 944 397 999 populo
435 942 548 996 fore,
586 941 875 996 corruptelam
913 943 956 982 et
994 941 1254 983 adulterium
1285 941 1418 996 domi,
1451 944 1510 996 et,
1543 942 1580 983 si

237 1002 391 1043 mulier
423 1002 591 1042 leonem
623 1000 840 1056 peperisse
872 1000 965 1042 visa
994 1002 1118 1054 esset,
1149 1000 1241 1042 fore
1266 1002 1315 1041 ut
1341 1001 1395 1041 ab
1422 1001 1578 1041 exteris
1600 1013 1633 1038 15
1679 1007 1680 1020 ¹

239 1061 440 1117 gentibus
481 1060 723 1101 vinceretur
760 1074 811 1100 ea
847 1073 915 1101 res
952 1059 1143 1113 publica,
1182 1059 1228 1099 in
1259 1073 1342 1113 qua
1374 1059 1417 1100 id
1449 1059 1580 1101 conti-

239 1120 384 1174 gisset.
433 1118 639 1160 Eiusdem
672 1118 841 1173 generis
874 1117 1005 1159 etiam
1036 1117 1144 1158 illud
1177 1119 1252 1171 est,
1285 1117 1399 1172 quod
1430 1118 1580 1160 scribit

237 1178 501 1231 Herodotus,
535 1176 683 1219 Croesi
713 1177 869 1230 filium,
906 1191 1002 1218 cum
1035 1178 1148 1218 esset
1178 1176 1338 1231 infans,
1370 1177 1580 1230 locutum3

239 1252 322 1293 quo
362 1238 533 1279 ostento
572 1249 754 1291 regnum
791 1235 929 1290 patris
969 1237 1012 1276 et
1050 1236 1223 1276 domum
1252 1234 1446 1276 funditus
1485 1250 1580 1277 0011-

239 1296 402 1339 cidisse.
465 1294 606 1349 Caput
644 1295 801 1335 arsisse
839 1292 987 1335 Servio
1020 1293 1163 1336 Tullio
1203 1293 1432 1335 dormienti
1471 1309 1578 1348 quae
1600 1307 1633 1331 ρο

238 1354 422 1397 historia
446 1368 533 1395 non
558 1353 776 1408 prodidit?
819 1351 881 1394 Ut
906 1352 1051 1407 igitur,
1079 1352 1151 1406 qui
1178 1367 1222 1394 se
1247 1352 1426 1394 tradidit
1446 1352 1580 1407 quieti

238 1415 496 1469 praeparato
536 1411 679 1453 animo
712 1426 808 1453 cum
839 1411 965 1452 bonis
999 1411 1355 1466 cogitationibus,
1393 1413 1486 1453 tum
1518 1426 1580 1453 re-

238 1474 317 1514 bus
358 1472 410 1513 ad
447 1470 812 1524 tranquillitatem
851 1470 1208 1524 adcommodatis,
1246 1472 1363 1512 certa
1401 1472 1443 1511 et
1479 1485 1581 1511 vera

238 1531 375 1573 cernit
405 1530 450 1571 111
482 1529 655 1583 somnis,
687 1529 748 1571 sic
780 1531 923 1571 castus
957 1529 1123 1570 animus
1154 1543 1370 1584 purusque
1399 1529 1579 1584 vigilan-

237 1591 295 1631 tis
328 1592 371 1631 et
403 1589 457 1630 ad
489 1590 706 1629 astrorum
739 1590 781 1629 et
813 1588 865 1629 ad
898 1587 1040 1629 avium
1066 1587 1413 1642 reliquorumque
1440 1588 1580 1643 signo·
1599 1600 1633 1625 25
1681 1587 1685 1611 ³

238 1664 332 1690 rum
366 1650 409 1689 et
441 1647 494 1689 ad
527 1649 722 1688 extorum
754 1646 982 1688 veritatem
1014 1649 1081 1688 est
1110 1646 1315 1701 paratior.

327 1706 423 1748 Hoc
447 1706 651 1747 nimirum
678 1708 744 1747 est
768 1705 887 1760 illud,
920 1705 1032 1760 quod
1059 1705 1109 1746 de
1129 1703 1304 1747 Socrate
1330 1705 1580 1759 accepimus,

240 1766 447 1820 quodque
469 1765 523 1806 ab
556 1765 650 1819 ipso
682 1764 727 1806 in
758 1764 880 1805 libris
908 1762 1223 1806 Socraticorum
1255 1778 1381 1818 saepe
1414 1764 1579 1818 dicitur,

240 1839 331 1866 esse
353 1824 543 1865 (livinum
559 1823 772 1878 quiddam,
794 1823 905 1877 quod
922 1820 1156 1877 δαιμόνιον
1171 1822 1373 1877 appellat,
1393 1823 1459 1864 0111
1474 1837 1579 1873 80111-
1666 1863 1669 1878 ἱ

239 1898 315 1938 per
340 1883 431 1937 ipse
458 1882 651 1937 paruerit
670 1897 905 1936 numquam
925 1881 1176 1936 impellenti,
1203 1895 1329 1936 saepe
1349 1882 1578 1923 revocanti.
1599 1894 1633 1919 30
1683 1881 1685 1904 ³

238 1942 297 1983 Et
339 1940 536 1982 Socrates
582 1940 751 1994 quidem
797 1939 899 1995 (quo
941 1955 1066 1995 quem
1104 1942 1321 1982 auctorem
1359 1940 1579 1982 meliorem

241 1998 535 2055 quaerimus?)
567 1998 844 2054 Xenophonti
879 1999 1136 2053 consulenti,
1168 2000 1470 2052 sequereturne
1503 1998 1580 2052 Cy-

239 2074 346 2113 rum,
377 2061 662 2113 posteaquam
695 2058 903 2113 exposuit,
936 2072 1043 2112 quae
1075 2057 1159 2112 ipsi
1190 2057 1462 2099 videbantur:
1495 2057 1580 2099 ‘Et

238 2120 474 2160 nostrum
512 2116 748 2171 quidem',
786 2117 941 2171 inquit,
981 2116 1271 2157 ‘humanum
1309 2119 1386 2157 est
1418 2116 1579 2158 consi-

240 2177 381 2230 lium3
425 2175 510 2217 sed
548 2176 604 2216 de
641 2175 790 2216 rebus
830 2178 878 2216 et
917 2175 1150 2217 obscuris
1188 2177 1237 2217 et
1274 2175 1488 2216 incertis
1521 2175 1579 2216 ad
1599 2186 1632 2212 35
1660 2173 1685 2226 ᾗ

239 2235 540 2289 Apollinem
578 2248 758 2275 censeo
796 2233 1156 2288 referundum',
1195 2233 1249 2275 ad
1286 2247 1411 2287 quem
1449 2233 1579 2275 etiam
1660 2231 1664 2358 ξ

1659 2362 1674 2407 i,

1659 2406 1662 2462 1

170 1740 235 1771 122

239 2293 525 2335 Athenienses
552 2292 723 2349 publice
747 2292 796 2334 de
817 2293 1051 2334 maioribus
1071 2293 1198 2334 rebus
1219 2306 1388 2348 semper
1406 2292 1580 2333 rettule-
