1685 2568
274 124 360 166 230
728 124 792 158 DE
819 123 1138 159 DIVINATIONE
1675 0 1685 169 i

274 235 421 263 eorum
457 220 500 262 vi
537 221 701 262 caelum
734 220 859 261 modo
890 220 989 273 hoc,
1027 219 1153 260 modo
1183 219 1260 261 illo
1292 219 1418 261 modo
1449 222 1609 274 tempe-

273 282 408 333 ratur,
435 279 507 333 qui
533 281 678 334 potest
703 278 850 319 eadem
876 278 939 319 vis
967 292 1058 319 esse
1082 277 1360 332 nascentium,
1386 293 1482 320 cum
1502 278 1609 320 caeli

273 340 399 379 tanta
437 338 494 378 sit
532 337 863 378 dissimilitudo?
907 336 959 377 In
988 336 1055 376 his
1088 336 1211 390 locis,
1249 350 1357 390 quae
1388 351 1465 378 nos
1497 337 1609 378 inco·

273 397 419 450 limus,
459 398 559 451 post
597 395 832 436 solstitium
870 393 1075 436 Canicula
1112 394 1317 448 exoritur,
1359 398 1402 435 et
1439 395 1608 449 quidem

275 455 441 509 aliquot
468 454 627 507 diebus,
660 456 705 494 at
731 453 843 507 apud
863 453 1163 508 Troglodytas,
1195 455 1243 493 ut
1270 453 1482 507 scribitur,
1508 456 1607 494 ante
1642 466 1656 492 5

275 513 527 566 solstitium,
565 515 629 566 ut,
671 512 706 552 si
737 512 823 552 iam
856 511 1134 552 concedamus
1167 511 1330 565 aliquid
1360 512 1447 553 vim
1479 512 1609 553 caele·
1668 489 1672 541 l

275 575 386 613 stem
419 571 471 613 ad
503 585 592 624 eOS,
631 570 702 624 qui
732 570 776 610 in
808 573 924 611 terra
956 570 1209 625 gignuntur,
1247 570 1478 624 pertinere,
1516 585 1610 612 con·
1667 544 1671 606 l

273 630 480 672 fitendum
519 629 575 670 sit
606 629 693 669 illis
727 643 816 683 eos,
857 628 929 682 qui
959 631 1193 670 nascuntur
1226 629 1373 670 eodem
1404 631 1610 683 tempore,

274 703 401 744 posse
432 688 477 729 in
509 687 728 728 dissimilis
760 687 944 728 incidere
975 689 1151 728 naturas
1184 689 1361 742 propter
1392 688 1499 729 caeli
1530 687 1611 728 dis-

276 746 618 799 similitudinem3
656 746 768 800 quod
800 746 974 787 minime
1004 745 1092 786 illis
1124 746 1284 800 placet3
1314 746 1466 787 volunt
1498 746 1611 787 enim
1630 759 1658 784 ιο

275 806 342 847 illi
374 805 511 846 omnis
545 804 691 845 eodem
722 807 916 858 tempore
948 806 1079 858 ortos,
1110 804 1183 858 qui
1213 804 1370 858 ubique
1397 805 1483 845 sint
1506 804 1611 858 nati,

278 864 424 906 eadem
456 862 701 905 condicione
726 863 855 904 nasci.
906 860 988 903 Sed
1014 877 1121 917 quae
1145 865 1269 904 tanta
1295 863 1508 905 dementia
1534 866 1611 916 est,

275 926 324 964 ut
363 922 408 963 in
448 922 659 963 maxumis
700 922 888 962 motibus
929 921 1323 975 mutationibusque
1361 922 1467 963 caeli
1502 921 1611 962 nihil

275 980 465 1034 intersit,
503 980 576 1035 qui
613 982 782 1034 ventuS,
822 980 893 1034 qui
924 980 1079 1034 imber,
1118 995 1225 1034 quae
1256 983 1490 1035 tempestas
1522 980 1612 1021 ubi—
1645 988 1663 1018 «Ι

277 1054 357 1094 que
391 1039 475 1080 sit‘?
509 1053 688 1093 quarum
720 1053 862 1080 rerum
893 1038 937 1079 in
968 1039 1187 1093 proxumis
1220 1039 1324 1080 locis
1355 1041 1504 1079 tantae
1531 1039 1611 1080 dis·
1630 1051 1657 1077 15

277 1097 579 1140 similitudines
612 1112 738 1152 saepe
771 1099 887 1151 sunt,
918 1100 967 1138 ut
999 1097 1084 1138 alia
1116 1097 1301 1151 Tusculi,
1333 1097 1418 1138 alia
1449 1097 1611 1138 Romae

276 1157 445 1198 eveniat
474 1170 600 1211 saepe
626 1158 879 1210 tempestas3
912 1156 1036 1210 quod,
1069 1156 1141 1210 qui
1165 1156 1384 1211 navigant,
1416 1170 1612 1197 maxume

278 1215 643 1268 animadvertunt,
675 1229 769 1256 cum
800 1215 845 1255 in
875 1214 1094 1256 flectendis
1126 1214 1435 1269 promunturiis
1467 1217 1613 1256 vento-

276 1289 372 1316 rum
403 1273 664 1314 mutationes
690 1288 911 1314 maxumas
939 1288 1064 1328 saepe
1092 1273 1294 1314 sentiunt.
1336 1272 1454 1314 Haec
1478 1273 1613 1328 igitur

276 1347 372 1375 cum
411 1332 468 1373 sit
504 1334 597 1372 tum
635 1332 859 1386 serenitaS,
896 1334 988 1373 tum
1026 1332 1294 1386 perturbatio
1332 1332 1456 1385 caeli,
1493 1334 1651 1372 estneffl

278 1406 479 1433 sanorum
511 1390 732 1431 hominum
764 1390 844 1432 hoe
877 1391 929 1431 ad
959 1390 1225 1431 nascentium
1252 1393 1372 1431 ortus
1398 1390 1612 1445 pertinere

275 1465 363 1492 non
395 1449 531 1491 dicere
559 1449 689 1503 [quod
714 1464 801 1490 non
826 1452 939 1491 certe
964 1449 1181 1503 pertinet],
1211 1449 1320 1490 illud
1343 1449 1485 1490 nescio
1512 1448 1613 1503 quid

276 1511 422 1563 tenue,
460 1508 573 1562 quod
610 1508 761 1549 sentiri
796 1508 916 1549 nullo
954 1507 1097 1561 modo,
1135 1508 1330 1563 intellegi
1368 1510 1512 1549 autem
1543 1507 1613 1549 vix

276 1569 438 1623 potest,
478 1581 584 1621 quae
623 1582 648 1608 a
679 1567 781 1608 luna
812 1566 1047 1620 ceterisque
1075 1566 1283 1607 sideribus
1316 1566 1424 1608 caeli
1454 1569 1612 1620 tempe-

277 1626 388 1668 ratio
420 1626 508 1679 fiat,
541 1626 678 1667 dicere
711 1625 763 1666 ad
794 1639 1021 1680 puerorum
1048 1627 1167 1666 ortus
1194 1625 1436 1680 pertinere?
1474 1623 1643 1673 Quid?2

278 1685 392 1740 quod
422 1699 508 1725 non
539 1684 798 1739 intellegunt
830 1683 1038 1725 seminum
1070 1683 1175 1738 vim,
1214 1698 1321 1738 quae
1353 1683 1406 1725 ad
1438 1683 1612 1739 gignen-

278 1743 377 1785 dum
409 1743 802 1798 procreandumque
833 1742 1065 1797 plurimum
1096 1743 1251 1796 valeat,
1280 1742 1473 1783 funditus
1502 1741 1611 1796 tolli,

278 1801 502 1844 mediocris
535 1801 690 1842 erroris
724 1801 818 1842 est?
864 1800 966 1849 Quis
993 1801 1106 1842 enim
1130 1816 1217 1842 non
1241 1801 1358 1842 videt
1384 1803 1426 1841 et
1450 1800 1611 1842 formas

279 1863 323 1902 et
363 1875 503 1901 mores
548 1862 590 1901 et
632 1860 859 1915 plerosque
903 1862 1041 1900 status
1081 1874 1129 1901 ac
1166 1862 1309 1901 motus
1348 1859 1550 1914 effingere
1588 1874 1612 1901 a
1674 1875 1678 1900 ι

278 1919 528 1975 parentibus
554 1919 742 1960 liberos?
776 1918 887 1972 quod
912 1933 998 1959 non
1024 1918 1304 1973 contingeret,
1336 1918 1372 1959 si
1397 1918 1502 1959 haec
1525 1927 1654 1972 nonssv

279 1977 343 2019 vis
375 1980 418 2018 et
447 1980 602 2018 natura
634 1977 903 2032 gignentium
936 1977 1133 2031 efficeret,
1165 1977 1239 2018 sed
1270 1977 1525 2031 temperatio
1551 1977 1611 2017 lu·
1648 1987 1661 2040 q

208 2043 252 2076 95
278 2050 358 2077 nae
401 2036 590 2090 caelique
631 2035 879 2077 moderatio.
935 2035 1072 2084 Quid?
1111 2035 1223 2090 quod
1262 2050 1345 2077 uno
1384 2038 1427 2076 et
1464 2035 1611 2077 eodem
1645 2047 1660 2086 a

278 2094 485 2150 temporis
527 2097 685 2149 puncto
728 2094 822 2135 nati
864 2094 1082 2136 dissimilis
1121 2097 1164 2135 et
1206 2097 1382 2135 naturas
1421 2096 1463 2134 et
1500 2094 1609 2135 vitas
1644 2091 1659 2155 Q

280 2156 322 2195 et
365 2167 487 2195 casus
530 2153 711 2207 habent,
760 2168 965 2207 parumne
1010 2153 1198 2194 declarat
1239 2153 1347 2193 nihil
1391 2152 1444 2193 ad
1487 2166 1610 2208 agen·
1643 2142 1681 2216 'fisa

1642 2222 1657 2257 11

1642 2256 1651 2276 κ

1678 283 1685 331 ὲ

1680 335 1685 360 ÷

1669 455 1672 469 l

1669 474 1672 488 Ι

203 838 262 879 45

206 890 251 921 94

280 2211 378 2255 dam
408 2211 543 2254 vitam
573 2211 774 2253 nascendi
805 2214 975 2266 tempus
1006 2211 1248 2266 pertinere?
1283 2211 1366 2252 nisi
1395 2210 1507 2252 forte
1538 2225 1609 2265 pu·
1625 2219 1638 2262 Sx

278 2272 421 2312 tamus
452 2270 666 2312 neminem
697 2270 843 2311 eodem
875 2273 1069 2324 tempore
1098 2270 1193 2324 ipso
1226 2272 1268 2311 et
1293 2271 1544 2323 conceptum
1569 2270 1610 2310 et
1636 2269 1656 2322 ²]

279 2331 447 2381 natum,
485 2343 568 2384 quo
600 2327 863 2370 Africanum.
925 2326 1040 2369 Num
1078 2328 1171 2382 quis
1203 2328 1338 2382 igitur
1368 2327 1469 2369 talis
1499 2326 1608 2368 fuit?
1635 2323 1643 2378 ,ξ
