1685 2568
169 563 213 593 23

175 1538 229 1579 14

173 1591 217 1621 24

241 48 325 89 154
707 48 771 83 DE
795 47 1116 83 DIVINATIONE

298 144 363 186 Te
395 144 570 200 patria
600 144 651 186 in
682 145 846 186 media
876 145 1127 186 virtutum
1158 144 1287 186 mole
1319 145 1526 186 locavit.

298 202 368 244 Tu
398 206 568 244 tamen
601 203 860 245 anxiferas
887 217 1033 245 curas
1060 203 1292 257 requiete
1317 203 1590 258 relaxans„

298 260 437 310 Quod
472 262 674 316 patriae
712 264 878 316 vacat,
915 262 965 303 id
998 261 1184 302 studiis
1214 261 1466 316 nobisque
1499 277 1574 303 sa-

1286 320 1456 362 erasti

239 378 303 420 Tu
334 379 470 434 igitur
502 378 693 420 animum
724 379 887 433 poteris
918 378 1116 429 inducere
1149 381 1297 420 contra
1323 393 1384 433 ea,
1417 393 1523 433 quae
1550 395 1575 421 a

240 452 307 478 me
340 437 616 491 disputantur
646 437 697 478 de
729 437 1003 492 divinatione,
1034 438 1184 491 dicere,
1217 438 1290 491 qui
1321 439 1364 478 et
1390 437 1575 493 gesseris
1612 450 1629 476 5

241 511 306 550 ea,
345 510 453 550 quae
487 495 678 551 gessisti,
711 498 753 536 et
785 510 852 550 ea⁷
885 510 992 550 quae
1023 495 1317 551 pronuntiavi,
1349 496 1576 537 accuratis-

240 569 358 595 sume
390 554 642 610 scripseris?
698 553 836 602 Quid‘?
870 554 1050 609 quaeris,
1083 553 1337 608 Carneades,
1368 569 1442 596 cur
1472 555 1578 597 haec

238 613 300 654 ita
336 613 443 654 fiant
481 615 555 654 aut
593 627 677 667 qua
708 615 799 654 arte
830 613 1015 668 perspici
1046 613 1242 667 possint?
1303 612 1478 655 Nescire
1510 628 1578 655 me

238 672 391 726 fateor,
422 672 590 713 evenire
623 674 766 712 autem
797 674 840 712 te
871 671 1013 726 ipsum
1040 672 1131 714 dico
1158 672 1312 714 videre.
1362 671 1486 726 Casu,
1517 672 1578 713 in-

241 731 348 785 quis.
398 730 520 771 Itane
552 730 682 772 vero?
717 730 944 784 quicquam
975 733 1120 785 potest
1150 745 1252 772 casu
1283 745 1374 772 esse
1400 730 1576 784 factum,
1598 744 1630 768 ιο

242 789 355 844 quod
386 803 532 830 omnes
564 789 698 830 habet
728 789 773 830 in
805 803 848 830 se
872 803 1072 830 numeros
1097 789 1323 831 veritatis?
1366 788 1579 838 Quattuor

240 848 320 889 tali
350 848 454 889 iacti
480 862 581 889 casu
606 847 839 888 Venerium
871 847 1081 901 efficiunt3
1111 862 1215 888 num
1247 847 1377 889 etiam
1409 850 1579 889 centum

239 906 467 960 Venerios,
500 907 536 947 si
569 906 903 962 quadringentos
936 906 1048 948 talos
1079 906 1246 960 ieceris‚
1279 921 1380 948 casu
1410 906 1578 948 futuros

239 966 397 1020 putas?
442 965 633 1020 Aspersa
664 967 824 1006 temere
855 965 1078 1020 pigmenta
1101 965 1145 1006 in
1170 965 1322 1006 tabula
1347 966 1433 1006 oris
1459 965 1580 1006 linia-

241 1027 387 1065 menta
419 1024 585 1066 efficere
616 1026 816 1078 possunt3
846 1038 950 1064 num
981 1023 1112 1065 etiam
1138 1023 1318 1064 Veneris
1345 1022 1457 1065 Coae
1489 1024 1580 1078 pul·
1599 1035 1633 1060 15

242 1083 528 1124 chritudinem
555 1082 665 1124 effici
689 1097 816 1137 posse
836 1082 1081 1137 aspersione
1101 1082 1284 1124 fortuita
1302 1083 1460 1137 putas?
1500 1081 1579 1123 Sus

241 1144 382 1183 rostro
416 1142 452 1182 si
483 1142 603 1183 humi
632 1141 672 1182 A
703 1142 894 1182 litteram
924 1141 1187 1196 inpresserit‚
1218 1156 1320 1182 num
1352 1143 1581 1196 propterea

243 1200 451 1255 suspicari
493 1201 654 1255 poteris
700 1199 1047 1241 Andromacham
1089 1200 1222 1241 Ennii
1265 1200 1318 1241 ab
1363 1215 1412 1241 ea
1454 1214 1581 1255 posse

243 1259 456 1301 describi?
506 1259 721 1314 Fingebat
753 1258 993 1300 Carneades
1023 1259 1070 1300 in
1100 1257 1306 1300 Chiorum
1337 1258 1580 1313 lapicidinis

243 1333 344 1359 saxo
384 1317 548 1359 diffisso
587 1320 716 1372 caput
754 1317 946 1359 extitisse
976 1317 1166 1371 Panisci3
1203 1317 1347 1371 credo,
1390 1317 1581 1371 aliquam
1600 1329 1634 1354 20

241 1392 328 1419 non
361 1377 611 1418 dissimilem
642 1377 837 1431 figuram,
870 1376 944 1417 sed
975 1378 1088 1418 certe
1119 1390 1206 1418 non
1236 1376 1381 1430 talem,
1412 1378 1461 1417 ut
1486 1390 1581 1417 eam

241 1435 403 1477 factam
435 1434 625 1489 a‘Scopa
656 1435 829 1476 diceres.
879 1433 949 1476 Sic
981 1435 1093 1476 enim
1125 1449 1170 1476 se
1195 1434 1388 1490 profecto
1415 1449 1482 1476 res
1508 1434 1581 1476 ha-

242 1495 329 1549 bet,
360 1497 408 1535 ut
439 1508 673 1548 numquam
705 1493 892 1548 perfecte
924 1493 1153 1535 veritatem
1186 1507 1308 1535 casus
1340 1493 1545 1534 imitetur.

332 1552 393 1594 At
425 1568 512 1594 non
542 1567 778 1607 numquam
810 1567 876 1606 ea,
909 1567 1016 1606 quae
1047 1552 1267 1607 praedicta
1298 1555 1408 1606 sunt,
1439 1552 1580 1593 minus

244 1612 456 1653 eveniunt.
524 1610 639 1660 Quae
683 1611 856 1652 tandem
898 1611 943 1652 id
988 1625 1058 1652 ars
1100 1625 1188 1652 non
1229 1611 1390 1652 habet?
1435 1625 1581 1652 earum
1600 1621 1634 1647 25

244 1671 336 1712 dico
370 1670 540 1725 artium,
573 1685 680 1725 quae
713 1670 958 1711 coniectura
989 1669 1263 1712 continentur
1294 1671 1337 1711 et
1369 1672 1468 1711 sunt
1494 1670 1582 1724 opi-

243 1730 422 1771 nabiles.
484 1729 555 1770 An
598 1728 809 1770 medicina
854 1743 922 1770 ars
960 1743 1048 1770 non
1084 1728 1276 1784 putanda
1314 1729 1407 1770 est‘?
1453 1742 1582 1782 quam

243 1790 388 1829 tamen
419 1788 558 1829 multa
588 1788 756 1829 fallunt.
818 1786 956 1836 Quid?
995 1787 1302 1842 gubernatores
1332 1801 1472 1828 nonne
1503 1786 1582 1828 fal—

243 1847 420 1888 luntur?
465 1847 535 1887 An
553 1847 818 1888 Achivorum
850 1846 1058 1888 exercitus
1092 1848 1134 1887 et
1159 1848 1226 1888 tot
1249 1846 1423 1886 navium
1448 1848 1582 1887 recto-

244 1920 311 1946 res
352 1919 440 1947 non
478 1905 542 1946 ita
578 1905 761 1960 profecti
799 1907 899 1946 sunt
936 1905 989 1946 ab
1022 1904 1118 1958 Ilio,
1158 1907 1207 1945 ut
1239 1903 1582 1959 ‘profectione
1601 1915 1635 1941 30

245 1964 373 2005 laeti
404 1964 621 2019 piscium
652 1963 922 2005 lasciviam
953 1962 1313 2017 intuerentur',
1344 1965 1393 2004 ut
1420 1962 1481 2004 ait
1504 1962 1582 2004 Pa-

246 2023 404 2077 cuvius,
438 2022 546 2064 ‘nec
577 2022 754 2064 tuendi
786 2022 1002 2063 satietas
1036 2036 1214 2076 capere
1246 2020 1472 2076 posset?'

303 2071 509 2123 Interea
533 2095 690 2136 prope
716 2081 815 2122 iam
841 2081 1103 2122 6ccidente
1130 2081 1237 2122 s6le
1263 2078 1582 2122 inhorrescit

709 2166 712 2169 Δ
1314 2153 1465 2193 mare,

305 2198 565 2240 Tenebrae
602 2198 1030 2253 conduplicantur
1067 2198 1338 2252 noctisque
1375 2199 1424 2239 et
1459 2197 1583 2238 nim-

862 2257 976 2298 bum
1008 2257 1244 2299 occaecat
1274 2256 1464 2310 nigror.
