1685 2568
435 99 524 135 LIB.
549 100 595 136 11.
622 99 722 135 CAP.
750 103 898 136 13—15.
924 104 944 142 ἓ
969 105 1119 136 32-38.
1354 102 1441 142 419

107 198 208 253 pulo
245 197 459 251 Romano,
500 196 572 237 sed
615 195 813 237 omnibus
850 195 975 237 bonis
1012 196 1231 250 firmisque
1269 197 1441 251 populis

108 257 226 311 leges
264 256 425 297 damus.
486 256 585 297 Ars.
624 254 816 309 Excipis,
855 254 997 309 credo,
1034 254 1129 308 illa,
1167 255 1320 308 quibus
1357 255 1441 310 ipsi
1466 264 1510 295 36

107 314 268 356 initiati
293 328 452 356 sumus,
488 313 551 355 M.
576 313 672 369 Ego
692 327 793 354 vero
815 313 1041 367 excipiam3
1066 327 1166 354 nam
1187 313 1293 354 mihi
1313 327 1441 367 quom

108 374 246 415 multa
284 373 439 415 eximia
476 372 702 426 divinaque
732 371 930 413 videntur
961 372 1157 413 Athenae
1188 374 1288 412 tuae
1319 386 1443 426 pepe-

71 432 214 474 5risse
258 435 385 486 atque
428 431 474 472 in
509 430 644 472 vitam
681 430 904 472 hominum
941 431 1157 483 attulisse,
1200 432 1293 471 tum
1331 430 1442 471 nihil

107 491 261 532 melius
298 491 386 531 illis
425 489 660 544 mysteriis,
705 489 859 543 quibus
898 503 947 530 ex
987 489 1151 545 agresti
1181 488 1442 543 immanique

105 549 198 591 vita
229 548 385 591 exculti
415 548 468 589 ad
492 548 805 589 humanitatem
832 550 875 588 et
899 524 1090 603 mitigoaffi
1115 562 1273 602 sumus,
1303 547 1443 588 initia-

107 623 188 663 que
218 610 268 649 ut
299 607 586 662 appellantur,
616 606 679 647 ita
708 621 754 647 re
785 621 887 647 vera
914 607 1124 662 principia
1148 606 1263 648 vitae
1289 620 1443 662 cogno-

105 666 264 720 vimus3
306 680 444 720 neque
487 665 627 706 solum
671 680 767 707 cum
810 665 978 706 laetitia
1017 665 1188 707 vivendi
1230 665 1443 706 rationem

54 737 87 761 10
108 724 360 780 accepimus,
387 724 460 765 sed
486 724 615 765 etiam
642 738 738 765 cum
765 738 839 778 spe
865 724 1041 766 meliore
1066 723 1287 766 moriendi.
1334 723 1443 772 Quid

107 786 251 825 autem
295 783 401 824 mihi
439 782 663 837 displiceat
699 782 744 823 in
780 783 1018 837 nocturnis,
1062 785 1216 838 poetae
1252 782 1443 824 indicant

106 842 268 885 comici.
333 841 425 890 Qua
467 841 642 883 licentia
684 840 847 882 Romae
891 841 992 883 data
1036 842 1239 896 quidnam
1283 841 1443 897 egisset

105 901 198 956 ille,
243 901 316 956 qui
358 901 402 941 in
446 900 700 942 sacrificium
744 900 981 955 cogitatam
1023 900 1245 942 libidinem
1282 900 1443 953 intulit,

107 975 190 1015 quo
221 974 274 1001 ne
306 958 624 1014 inprudentiam
657 959 826 1013 quidem
857 959 1078 1001 oculorum
1105 959 1214 1001 adici
1237 959 1304 1000 fas
1329 959 1442 1001 fuit?

54 1031 87 1056 15
105 1020 207 1061 Arr.
238 1018 303 1060 Tu
338 1032 440 1060 vero
478 1018 608 1059 istam
640 1017 801 1059 Romae
833 1018 975 1073 legem
1006 1021 1178 1074 rogato,
1213 1018 1339 1060 nobis
1369 1032 1443 1060 no-

108 1081 220 1119 stras
252 1092 305 1119 ne
332 1076 551 1118 ademeiis.
599 1076 662 1118 M.
688 1076 756 1117 Ad
781 1079 931 1118 nostra
955 1077 1089 1132 igitur
1114 1080 1322 1131 revertor3
1355 1077 1442 1131 qui-

106 1137 186 1178 bus
217 1136 410 1191 profecto
443 1135 770 1191 diligentissime
802 1136 1077 1177 sanciendum
1109 1138 1186 1190 est,
1216 1138 1264 1177 ut
1295 1136 1442 1177 mulie-

105 1210 201 1237 rum
237 1194 399 1236 famam
438 1194 671 1235 multorum
709 1194 841 1236 oculis
880 1195 953 1235 lux
984 1195 1101 1236 clara
1132 1195 1346 1236 custodiat
1382 1195 1443 1236 in-

105 1254 366 1308 itienturque
393 1268 442 1295 eo
468 1253 555 1294 ritu
580 1252 737 1307 Cereri,
769 1267 852 1307 quo
878 1252 1040 1295 Romae
1066 1253 1303 1295 initiantur.
1350 1252 1442 1302 Quo

54 1325 87 1350 20
106 1313 152 1354 in
190 1326 344 1368 genere
382 1312 657 1353 severitatem
694 1312 904 1353 maiorum
942 1315 1116 1354 senatus
1146 1315 1270 1354 vetus
1303 1315 1445 1354 aucto-

107 1372 214 1413 ritas
247 1371 297 1412 de
328 1370 670 1412 Bacchanalibus
702 1373 744 1412 et
775 1371 999 1412 consulum
1031 1371 1217 1414 exercitu
1249 1371 1442 1413 adhibito

109 1429 302 1485 quaestio
334 1429 723 1482 animadversioque
754 1429 954 1471 declarat.
1004 1430 1148 1485 Atque
1180 1430 1323 1472 omnia
1347 1445 1444 1472 noc-

107 1492 249 1542 turna,
277 1503 330 1530 ne
360 1503 438 1530 nos
465 1488 657 1530 duriores
682 1488 794 1530 forte
819 1489 1051 1544 videamur,
1081 1490 1127 1530 in
1152 1489 1292 1531 media
1315 1488 1444 1531 Grae-

107 1548 173 1591 cia
197 1546 445 1603 Diagondas
471 1547 699 1588 Thebanus
731 1548 826 1603 lege
851 1550 1059 1603 perpetua
1084 1548 1277 1602 sustulit3
1307 1563 1442 1590 novos

56 1618 89 1644 25
107 1621 208 1649 vero
241 1607 341 1647 deos
373 1608 416 1647 et
445 1606 489 1647 in
521 1606 588 1647 his
620 1606 807 1648 colendis
832 1609 1065 1648 nocturnas
1091 1607 1441 1662 pervigilationes

108 1666 169 1707 sic
188 1664 514 1720 Aristophanes,
538 1665 837 1707 facetissumus
863 1668 992 1721 poeta
1010 1666 1167 1707 veteris
1188 1666 1440 1721 comoediae,

109 1726 248 1778 vexat,
280 1726 329 1765 ut
361 1724 473 1778 apud
505 1738 600 1765 eum
632 1722 835 1766 Sabazius
868 1727 911 1766 et
943 1724 1115 1779 quidam
1147 1724 1222 1766 alii
1254 1725 1321 1766 dei
1350 1739 1440 1780 per-

108 1782 245 1839 egrini
276 1782 451 1824 iudicati
483 1797 504 1823 e
536 1782 711 1824 civitate
743 1783 962 1825 eiciantur.

195 1841 397 1883 Publicus
430 1843 573 1882 autem
605 1841 801 1883 sacerdos
827 1842 1145 1897 inprudentiam
1171 1842 1349 1884 consilio
1377 1857 1443 1884 ex-

56 1912 89 1937 30
108 1900 273 1956 piatam
310 1902 427 1942 metu
464 1900 635 1954 liberet,
673 1901 894 1942 audaciam
931 1902 976 1942 in
997 1934 1006 1942 .
1027 1934 1064 1942 ..
1095 1904 1137 1942 et
1174 1901 1441 1942 inmittendis

107 1959 387 2015 religionibus
419 1958 554 2001 foedis
587 1959 759 2000 damnet
791 1962 918 2014 atque
950 1959 1128 2015 impiam
1159 1960 1325 2002 iudicet.

195 2017 288 2059 lam
319 2017 409 2059 ludi
439 2018 601 2073 publici
632 2018 833 2072 quoniam
865 2021 965 2070 sunt
996 2033 1125 2060 cavea
1156 2019 1350 2074 circoque
1383 2019 1440 2060 di·
1466 2025 1510 2057 38

106 2077 200 2131 visi,
231 2076 261 2130 †
280 2077 367 2118 sint
398 2091 624 2131 corporum
653 2077 909 2118 certationes
936 2092 1062 2119 cursu
1089 2079 1130 2119 et
1155 2078 1371 2133 pugillatu
1398 2080 1441 2119 et

107 2136 341 2177 luctatione
373 2136 676 2190 curriculisque
706 2150 910 2190 equorum
935 2151 1068 2191 usque
1094 2136 1147 2178 ad
1173 2139 1331 2178 certam
1358 2137 1440 2178 vic·

57 2206 89 2230 ⁸5
108 2194 263 2235 toriam
296 2194 405 2236 circo
438 2194 695 2249 constitutis,
728 2209 856 2236 cavea
887 2197 1015 2236 cantu
1039 2195 1070 2249 ’ξ-
1093 2195 1183 2237 vice
1211 2210 1258 2236 ac
1284 2195 1439 2236 fidibus

109 2255 152 2294 et
183 2252 321 2307 tibiis,
359 2253 456 2294 dum
490 2253 614 2295 modo
648 2268 697 2294 ea
727 2253 949 2295 moderata
981 2254 1085 2307 sint,
1116 2257 1164 2294 ut
1195 2254 1288 2307 lege
1321 2268 1437 2308 prae-

109 2312 319 2353 scribitur.
370 2312 600 2353 Adsentior
632 2312 743 2354 enim
775 2312 945 2354 Platoni
976 2313 1083 2354 nihil
1117 2315 1206 2353 tam
1239 2312 1362 2353 facile
1393 2312 1435 2353 in

1084 2381 1154 2415 27*

1458 1055 1513 1139 a
