1685 2568
160 318 202 352 11

151 1763 194 1794 12

226 99 313 141 436
770 100 834 135 DE
858 100 1062 136 LEGIBUS

316 194 451 245 Quae
475 211 584 238 cum
609 197 799 252 populo
825 211 1052 251 quaeque
1077 196 1128 238 in
1152 197 1390 251 patribus
1411 212 1559 254 agen-

227 259 328 309 tur,
359 255 556 297 modica
588 258 750 297 sunto.

318 312 574 368 Senatori,
631 314 715 368 qui
763 328 853 355 nec
902 313 1087 367 aderit,
1137 316 1224 355 aut
1273 329 1425 356 causa
1474 318 1560 357 aut

227 371 378 427 eulpa
408 375 535 427 esto3
566 373 679 414 loco
706 375 913 414 senator
939 375 988 414 et
1013 372 1157 414 modo
1184 375 1347 427 orato,
1379 388 1558 415 causas

225 431 406 487 populi
436 433 622 473 teneto.
1578 444 1594 470 5

314 489 404 531 Vis
429 490 479 531 in
504 489 693 544 populo
720 489 911 531 abesto.
954 489 1051 532 Par
1076 490 1299 532 maiorve
1324 493 1558 546 potestas

225 549 342 604 plus
380 548 565 591 valeto.
626 548 722 589 Ast
759 549 878 602 quid
915 549 1236 591 turbassitur
1267 549 1318 605 in
1349 550 1559 605 agendo,

224 607 366 649 fraus
405 607 598 649 actoris
636 609 758 648 esto.
819 606 1142 650 Intercessor
1179 608 1253 649 rei
1289 609 1452 650 malae
1485 623 1560 650 sa-

225 666 413 708 lutaris
446 665 573 708 civis
606 668 728 707 esto.

314 724 407 774 Qui
451 727 621 780 agent,
671 724 901 779 auspicia
944 728 1205 780 servanto,
1249 726 1431 781 auguri
1474 738 1613 781 pu-lo

223 783 360 826 blico
387 786 619 839 parento,
645 783 974 839 promulgata
999 784 1338 839 propositain
1358 786 1558 827 aerario

224 843 434 898 cognita
484 844 693 899 agunto,
742 857 832 884 nec
880 843 994 898 plus
1044 857 1190 898 quam
1234 843 1291 885 de
1335 844 1558 899 singulis

224 902 374 943 rebus
401 901 557 943 semel
583 901 907 955 consulunto,
933 916 1034 943 rem
1060 902 1303 957 populum
1326 902 1559 958 docento,

225 960 396 1002 doceri
429 975 454 1001 a
484 960 885 1016 magistratibus
917 961 1242 1015 privatisque
1273 961 1524 1016 patiunto.

312 1018 598 1075 Privilegia
649 1034 707 1060 ne
757 1019 1050 1074 inroganto3
1107 1020 1162 1062 de
1212 1020 1382 1075 capite
1431 1020 1558 1063 civis
1579 1033 1611 1058 15

222 1078 324 1120 nisi
360 1093 448 1133 per
485 1078 752 1119 maximum
789 1078 1111 1120 comitiatum
1149 1079 1402 1134 ollosque,
1435 1094 1558 1134 quos

224 1151 461 1179 censores
501 1136 552 1178 in
590 1137 829 1192 partibus
867 1137 1045 1192 populi
1083 1137 1355 1192 locassint,
1395 1152 1453 1180 ne
1489 1138 1559 1180 fe-

223 1198 387 1238 runto.

310 1254 505 1296 Donum
554 1269 612 1296 ne
656 1255 899 1309 capiunto
942 1270 1065 1296 neve
1110 1255 1263 1297 danto
1305 1269 1430 1297 neve
1473 1271 1557 1311 pe-

221 1313 373 1355 tenda
397 1328 521 1355 neve
547 1314 767 1369 gerenda
791 1328 914 1355 neve
941 1316 1088 1369 gesta
1110 1316 1385 1369 potestate.
1418 1313 1556 1363 Quod
1577 1327 1611 1351 20
1632 1346 1635 1352 .

223 1372 336 1427 quis
393 1387 561 1414 earum
610 1387 776 1414 rerum
826 1373 1112 1428 migrassit,
1166 1373 1348 1415 noxiae
1395 1388 1558 1428 poena

220 1446 312 1487 par
345 1433 467 1473 esto.

311 1489 558 1532 Censores
589 1489 743 1531 fidem
775 1490 943 1546 legum
974 1489 1325 1544 custodiunto3
1362 1491 1557 1545 privati

221 1549 282 1591 ad
325 1564 409 1590 eos
453 1551 568 1591 acta
607 1549 870 1591 referunto
909 1563 998 1591 nec
1038 1564 1092 1591 eo
1135 1549 1298 1604 magis
1341 1549 1457 1605 lege
1499 1550 1557 1591 li—

220 1607 331 1650 beri
362 1610 525 1649 sunto.
1577 1621 1609 1646 25

309 1666 397 1708 Lex
422 1667 602 1709 recitata
627 1669 704 1709 est.
741 1667 968 1709 Discedere
988 1669 1031 1708 et
1049 1666 1257 1708 tabellam
1276 1666 1432 1709 iubebo
1453 1667 1556 1709 dari.

311 1725 356 1777 Q.
388 1724 524 1774 Quam
561 1726 699 1780 brevi,
735 1725 886 1780 frater,
923 1726 968 1767 in
999 1728 1230 1781 conspectu
1260 1725 1401 1780 posita
1434 1728 1500 1767 est
1531 1741 1556 1768 a

221 1787 264 1826 te
296 1784 487 1826 omnium
518 1784 851 1841 magistratuum
883 1784 1116 1839 discriptio,
1149 1784 1221 1825 sed
1250 1798 1300 1825 ea
1324 1799 1458 1839 paene
1483 1799 1555 1827 no·

221 1846 336 1884 strae
380 1843 586 1898 civitatis,
631 1844 712 1885 etsi
752 1859 778 1885 a
817 1846 860 1885 te
896 1844 1073 1898 paulum
1111 1843 1304 1884 adlatum
1342 1845 1408 1884 est
1443 1843 1554 1885 novi.

219 1902 283 1944 M.
314 1901 587 1957 Rectissime,
625 1901 798 1956 Quinte,
836 1902 1160 1956 animadvertis3
1197 1902 1302 1943 haec
1334 1904 1399 1943 est
1431 1903 1554 1955 enim,
1574 1913 1608 1939 30

222 1976 350 2016 quam
388 1959 529 2016 Scipio
570 1961 718 2003 laudat
757 1962 801 2002 in
840 1962 925 2003 illis
965 1960 1087 2002 libris
1125 1963 1169 2002 et
1205 1975 1334 2015 quam
1371 1961 1554 2002 maxime

219 2019 377 2075 probat
419 2020 776 2086 temperationem
820 2021 881 2061 rei
918 2020 1131 2075 publicae,
1176 2034 1284 2074 quae
1322 2019 1433 2061 effici
1469 2034 1556 2061 non

219 2078 433 2133 potuisset
457 2079 541 2120 nisi
566 2079 646 2120 tali
671 2079 947 2133 discriptione
967 2079 1311 2134 magistratuum.
1361 2077 1474 2120 Nam
1495 2079 1555 2120 sic

219 2137 436 2191 habetote,
467 2137 796 2193 magistratibus
827 2138 975 2192 iisque,
1008 2137 1081 2192 qui
1111 2137 1316 2192 praesint,
1347 2137 1556 2179 contineri

220 2210 310 2237 rem
341 2195 571 2262 publicam,
602 2198 646 2238 et
677 2210 727 2238 ex
759 2211 905 2238 eorum
937 2196 1243 2250 conpositione,
1276 2196 1388 2250 quod
1419 2196 1555 2238 cuius·
1573 2206 1607 2232 3⁵

221 2269 301 2308 que
333 2255 394 2296 rei
425 2255 622 2309 publicae
654 2268 787 2310 genus
820 2256 889 2309 sit,
919 2255 1127 2310 intellegi.
1182 2253 1298 2302 Quae
1330 2269 1398 2296 res
1425 2269 1554 2309 quom

221 2312 536 2368 sapientissime
567 2313 991 2369 moderatissimeque
1017 2313 1253 2356 constituta
1279 2316 1391 2354 esset
1417 2328 1442 2355 a
1467 2328 1554 2355 ma-
