1685 2568
199 91 289 127 LIB.
314 91 359 126 11.
394 90 496 125 CAP.
523 94 578 133 26,
605 94 660 124 27.
687 93 707 132 ξ
733 93 884 134 64-69,
915 89 1002 124 LIB.
1028 90 1090 125 111.
1116 90 1297 126 ARGUM.
1336 92 1414 131 431

91 187 364 242 sepulchrum
391 185 533 239 altius,
559 200 687 240 quam
713 185 826 240 quod
849 185 1024 238 quinque
1042 185 1220 226 homines
1239 187 1424 240 quinque

91 246 239 288 diebus
272 245 554 299 absolverint,
585 259 662 286 nec
693 258 715 285 e
747 243 888 298 lapide
921 243 1098 285 excitari
1128 244 1225 298 plus
1256 258 1334 286 nec
1365 245 1425 285 in-

89 304 210 360 poni,
254 319 383 359 quam
427 303 539 358 quod
576 302 718 358 capiat
754 302 924 344 laudem
961 302 1121 343 mortui
1157 302 1336 344 incisam
1372 317 1425 343 ne

90 364 187 419 plus
221 366 424 418 quattuor
455 362 598 404 herois
628 361 840 415 versibus,
873 375 979 416 quos
1013 360 1199 416 ‘longos’
1234 360 1425 415 appellat

56 435 72 460 5
91 422 266 463 Ennius.
326 421 546 462 Habemus
584 421 718 476 igitur
754 420 880 461 huius
919 434 1087 474 quoque
1126 420 1426 461 auctoritatem

92 481 142 522 de
168 480 405 535 sepulchris
432 479 588 521 summi
612 479 704 533 viri,
730 494 756 520 a
781 493 864 533 quo
890 479 993 520 item
1011 478 1209 520 funerum
1228 480 1426 533 sumptus

90 539 344 595 praefinitur
375 553 425 580 ex
456 537 653 580 censibus
686 552 711 579 a
742 538 869 578 minis
902 537 1088 592 quinque
1112 551 1247 591 usque
1274 537 1327 578 ad
1352 536 1427 578 mi-

90 612 203 640 nam.
252 597 464 652 Deinceps
497 596 600 638 dicit
631 596 777 637 eadem
808 596 888 638 illa
919 596 968 638 de
999 596 1314 638 inmortalitate
1341 596 1428 636 anj-

92 671 259 699 morum
300 658 343 697 et
381 655 548 710 reliqua
584 658 684 710 post
721 658 906 696 mortem
941 655 1260 710 tranquillitate
1298 654 1428 696 bono·

40 729 73 754 10
91 730 198 769 rum,
228 714 377 770 poenis
409 714 650 769 impiorum.

179 773 362 815 Habetis
392 773 528 829 igitur
560 772 819 828 explicatum
852 787 1032 827 omnem,
1062 775 1111 814 ut
1137 772 1336 826 arbitror,
1367 786 1428 814 re-

91 833 301 888 ligionum
331 833 484 874 locum.
547 835 588 883 Q.
619 830 712 873 Nos
742 846 857 886 vero,
887 832 1032 886 frater,
1065 834 1108 873 et
1139 831 1308 886 copiose
1340 831 1429 886 qui·

93 893 207 946 dem3
239 891 312 933 sed
336 905 468 947 perge
494 893 646 933 cetera.
694 891 758 933 M.
782 890 965 946 Pergam
993 891 1188 945 equidem
1213 893 1268 944 et,
1299 905 1430 944 quon·

92 952 177 993 iam
209 950 382 992 libitum
415 952 480 991 est
511 950 634 991 vobis
666 964 734 991 me
766 949 820 991 ad
844 950 948 991 haec
974 949 1191 1004 inpellere,
1221 949 1428 991 hodierno

41 1023 73 1049 15
93 1024 287 1052 sermone
319 1009 558 1062 conficiam,
596 1023 738 1064 spero,
775 1008 858 1050 hoc
886 1008 1141 1064 praesertim
1179 1007 1263 1062 die3
1306 1008 1428 1050 video

93 1068 206 1110 enim
248 1067 476 1110 Platonem
518 1068 632 1109 idem
673 1067 843 1121 fecisse,
891 1081 1144 1122 omnemque
1191 1066 1430 1108 orationem

93 1128 183 1169 eius
215 1127 265 1168 de
295 1127 465 1182 legibus
496 1129 743 1182 peroratam
775 1140 866 1168 esse
897 1141 981 1167 uno
1020 1125 1183 1168 aestivo
1222 1125 1299 1167 die.
1361 1125 1430 1168 Sic

91 1187 226 1242 igitur
255 1185 412 1227 faciam
444 1187 486 1227 et
518 1185 656 1227 dicam
687 1185 737 1226 de
768 1185 1114 1240 magistratibus,
1145 1184 1189 1225 id
1221 1184 1333 1226 enim
1365 1187 1431 1226 est

92 1244 299 1300 profecto,
332 1244 445 1298 quod
476 1245 712 1286 constituta
742 1244 951 1299 religione
976 1258 1067 1285 rem
1092 1242 1309 1298 publicam
1335 1258 1431 1285 con-

41 1317 75 1342 20
93 1304 230 1345 tineat
260 1303 455 1344 maxime.
514 1305 613 1346 ATT.
644 1302 709 1344 Tu
739 1317 840 1344 vero
872 1302 938 1344 dic
969 1305 1013 1344 et
1042 1302 1174 1344 istam
1204 1302 1432 1357 rationem,

95 1377 223 1418 quam
255 1362 446 1417 coepisti,
477 1365 586 1404 tene.

424 1588 484 1636 M.
524 1588 735 1634 TULLII
773 1587 1101 1635 CICERONIS

342 1692 404 1755 D
441 1693 496 1756 E
599 1693 654 1756 L
690 1694 745 1757 E
784 1693 844 1757 Gr
879 1694 913 1756 I
950 1694 1004 1757 B
1041 1694 1103 1758 U
1141 1692 1184 1757 S

518 1811 702 1850 LIBER
739 1812 1014 1889 TERTIPS.

570 1988 958 2028 ARGUMENTUM.

191 2075 257 2111 Dis
289 2076 559 2112 immortalibus
592 2076 751 2122 proximi
782 2078 821 2112 et
851 2077 1035 2123 dignitate
1067 2079 1105 2113 et
1133 2078 1320 2123 potestate
1348 2078 1434 2112 sunt

98 2124 347 2169 magistratus.
392 2126 520 2168 Itaque
547 2125 750 2159 constituta
773 2125 954 2170 religione
982 2125 1108 2159 statim
1135 2125 1259 2160 Cicero
1286 2125 1331 2159 de
1357 2135 1432 2158 ma-

99 2171 316 2216 gistratibus
342 2171 445 2216 leges
466 2171 594 2206 eodem
613 2172 724 2207 modo
742 2172 932 2217 prooemio
953 2174 992 2206 et
1010 2171 1255 2217 explicatione
1276 2171 1432 2206 adiectis

99 2217 269 2260 subiecit,
296 2218 427 2262 quibus
454 2229 580 2253 eorum
605 2230 750 2264 genera,
776 2220 942 2264 potestas
967 2219 1235 2264 imperiumque
1256 2218 1425 2253 definiun-

97 2266 166 2299 tur.
212 2265 269 2299 Ita
299 2267 423 2299 autem
455 2265 641 2310 sapienter
670 2277 693 2300 a
723 2266 923 2301 maioribus
954 2267 1036 2301 tota
1066 2266 1158 2301 haec
1184 2265 1236 2300 rei
1260 2265 1431 2310 publicae

97 2322 184 2357 pars
210 2312 414 2347 constituta
438 2312 645 2356 videbatur,
670 2315 713 2348 ut
736 2324 811 2348 non
835 2313 992 2348 multum
1016 2313 1055 2347 in
1074 2324 1118 2348 ea
1136 2312 1348 2347 novandum
1366 2324 1430 2357 pu-
