1685 2568
234 66 318 109 126
642 66 706 100 DE
730 66 933 102 NATURA
958 65 1162 101 DEORUM

231 162 425 205 Minerva
455 162 703 217 Apollinem
735 177 843 216 eum,
874 162 991 204 cuius
1023 162 1070 203 in
1099 162 1238 203 tutela
1268 161 1463 204 Athenas
1495 177 1565 204 an-

234 222 342 276 tiqui
384 222 580 264 historici
624 235 715 263 esse
752 222 998 274 voluerunt,
1042 220 1250 262 secundus
1287 219 1389 262 Nilo
1426 223 1566 275 natus,

232 280 416 334 Phthas,
454 282 502 321 ut
533 280 739 335 Aegyptii
777 280 1016 334 appellant,
1058 293 1183 333 quem
1221 279 1440 321 custodem
1474 294 1565 321 esse

233 339 424 394 Aegypti
454 339 622 392 volunt,
655 338 808 379 tertius
840 353 891 379 ex
921 338 1050 379 tertio
1082 336 1183 379 Iove
1216 340 1259 378 et
1289 336 1461 392 Iunone,
1494 338 1567 392 qui
1656 375 1657 382 ,

232 397 382 439 Lemni
420 397 609 439 fabricae
647 397 832 438 traditur
862 396 1116 450 praefuisse,
1155 398 1332 450 quartus
1364 396 1566 437 Memalio
1604 407 1619 435 5
1654 401 1658 413 '

232 458 378 510 natus,
411 455 484 510 qui
515 455 654 497 tenuit
684 455 847 496 insulas
879 457 1055 510 propter
1088 454 1295 508 Siciliam,
1328 469 1435 509 quae
1466 454 1568 496 Vol·
1657 461 1658 475 ¹

164 522 205 553 56
233 515 379 556 caniae
421 514 767 556 nominabantur.
828 513 1062 555 Mercurius
1106 528 1215 555 unus
1259 512 1388 555 Caelo
1432 515 1568 568 patre,

233 573 314 614 Die
345 575 482 614 matre
512 575 653 626 natus,
685 572 803 614 cuius
835 572 1060 613 obscenius
1092 572 1279 613 excitata
1303 574 1460 613 natura
1483 575 1568 613 tra-

234 632 365 686 ditur,
404 631 516 685 quod
554 632 729 685 aspectu
759 630 1042 685 Proserpinae
1073 633 1312 673 commotus
1344 631 1419 684 sit,
1458 631 1568 672 alter

237 690 430 732 Valentis
462 692 505 731 et
531 688 754 731 Coronidis
786 689 912 741 filius,
943 688 979 729 is
1012 689 1085 743 qui
1116 690 1194 731 sub
1227 689 1352 730 terris
1384 689 1569 731 habetur
1589 701 1621 726 1⁰

232 749 345 791 idem
383 747 672 803 Trophonius,
710 748 864 789 tertius
896 747 997 789 Iove
1034 748 1163 789 tertio
1200 750 1328 789 natus
1368 750 1411 789 et
1442 748 1569 801 Maia,

234 822 283 849 ex
316 821 399 862 quo
432 809 475 848 et
504 806 721 861 Penelopa
745 806 864 848 Pana
893 808 1044 847 natum
1075 806 1229 859 ferunt,
1262 809 1440 861 quartus
1466 806 1568 848 Nilo

233 869 368 921 patre,
402 880 527 920 quem
553 865 759 920 Aegyptii
783 864 903 906 nefas
930 865 1091 906 habent
1114 865 1349 919 nominare,
1381 865 1569 920 quintus,

234 939 359 979 quem
386 924 532 966 colunt
550 923 806 978 Pheneatae,
838 923 910 978 qui
930 923 1096 979 Argum
1123 923 1276 965 dicitur
1300 924 1568 965 interemisse

234 984 288 1025 ob
315 998 491 1037 eamque
518 997 691 1024 causam
710 981 958 1038 Aegyptum
982 982 1227 1037 profugisse
1253 984 1382 1037 atque
1401 983 1568 1038 Aegyp-
1590 993 1622 1019 15

233 1043 305 1083 tiis
332 1043 449 1097 leges
477 1043 520 1083 et
545 1041 713 1082 litteras
740 1042 978 1082 tradidisse.
1023 1040 1147 1082 Hunc
1170 1041 1377 1096 Aegyptii
1397 1041 1569 1082 Theuth

234 1101 468 1156 appellant,
500 1101 731 1154 eodemque
756 1100 928 1141 nomine
955 1099 1055 1141 anni
1080 1099 1245 1154 primus
1272 1100 1430 1141 mensis
1457 1099 1569 1155 apud

162 1167 205 1198 57
234 1174 306 1202 eos
337 1161 526 1201 vocatur.
588 1158 943 1214 Aesculapiorum
974 1158 1137 1213 primus
1170 1158 1404 1213 Apollinis,
1443 1173 1569 1213 quem

232 1218 420 1260 Arcades
470 1217 633 1271 colunt,
683 1217 755 1272 qui
798 1218 1022 1272 specillum
1065 1217 1278 1258 invenisse
1320 1217 1569 1272 primusque

232 1277 385 1319 volnus
424 1276 578 1318 dicitur
610 1276 889 1332 obligavisse,
927 1275 1135 1317 secundus
1167 1276 1339 1317 secundi
1369 1275 1569 1318 Mercurii
1589 1286 1621 1312 20
1658 1292 1660 1333 ἦ

231 1336 385 1389 frater3
415 1335 452 1377 is
483 1335 662 1376 fulmine
694 1349 920 1389 percussus
952 1334 1106 1376 dicitur
1137 1334 1340 1376 humatus
1373 1349 1465 1376 esse
1491 1333 1569 1389 Cy·
1659 1338 1660 1347 ¹

231 1395 419 1448 nosuris3
450 1393 604 1435 tertius
636 1393 814 1448 Arsippi
846 1396 889 1435 et
920 1393 1142 1447 Arsinoae,
1176 1393 1247 1447 qui
1278 1393 1442 1448 primus
1473 1408 1570 1449 pur-

235 1453 453 1509 gationem
480 1452 567 1493 alvi
593 1452 816 1506 dentisque
842 1452 1114 1505 evolsionem,
1140 1454 1188 1492 ut
1213 1451 1368 1506 ferunt,
1393 1452 1569 1506 invenit,

233 1512 351 1554 cuius
382 1512 427 1553 in
446 1510 632 1552 Arcadia
657 1526 743 1552 non
768 1511 895 1566 longe
922 1526 947 1552 a
971 1510 1100 1552 Lusio
1126 1510 1300 1552 flumine
1327 1511 1569 1566 sepulcrum

163 1570 217 1612 23
233 1573 275 1612 et
331 1571 451 1612 lucus
507 1569 758 1611 ostenditur.
833 1569 1086 1625 Apollinum
1141 1569 1465 1624 antiquissimus
1520 1570 1570 1624 is,
1589 1578 1622 1605 25
1658 1552 1660 1596 3

233 1644 358 1683 quem
390 1629 519 1684 paulo
553 1630 679 1670 antea
711 1643 732 1670 6
763 1627 957 1670 Vulcano
988 1630 1138 1670 natum
1171 1642 1263 1669 esse
1296 1628 1399 1683 dixi,
1431 1631 1569 1671 custo·
1658 1629 1660 1636 ⁴

233 1689 329 1729 dem
372 1687 660 1742 Athenarum,
710 1687 819 1728 alter
863 1686 1123 1742 Corybantis
1173 1687 1305 1738 filius,
1354 1689 1481 1728 natus
1524 1687 1569 1728 in

232 1746 378 1801 Creta,
420 1746 538 1788 cuius
580 1746 630 1788 de
667 1746 744 1787 illa
780 1746 922 1787 insula
959 1761 1054 1788 cum
1084 1744 1186 1787 Iove
1226 1745 1320 1800 ipso
1353 1748 1569 1788 certamen

231 1805 364 1847 fuisse
407 1805 611 1858 traditur,
654 1805 808 1846 tertius
845 1804 947 1846 Iove
983 1804 1114 1846 tertio
1151 1806 1278 1845 natus
1318 1806 1360 1845 et
1391 1804 1568 1858 Latona,
1657 1838 1659 1849 2

234 1878 359 1919 quem
392 1878 442 1905 ex
467 1862 759 1918 Hyperboreis
784 1863 978 1918 Delphos
1009 1863 1153 1904 ferunt
1182 1862 1415 1917 advenisse,
1447 1878 1569 1917 quar·
1588 1872 1621 1898 30

232 1926 302 1964 tus
334 1923 379 1964 in
400 1922 597 1976 Arcadia,
630 1937 755 1976 quem
775 1922 963 1964 Arcades
983 1919 1160 1975 Νόμιον
1192 1922 1425 1976 appellant,
1458 1921 1569 1976 quod
1658 1923 1659 1942 ³

165 1989 207 2020 58
236 1982 290 2024 ab
323 1995 372 2023 eo
404 1995 450 2022 se
482 1981 599 2036 leges
630 1981 776 2022 ferunt
807 1981 1030 2036 accepisse.
1079 1979 1244 2021 Dianae
1275 1980 1380 2021 item
1411 1980 1568 2035 plures,

232 2040 373 2096 prima
396 2038 511 2081 Iovis
544 2042 587 2080 et
605 2038 899 2094 Proserpinae,
932 2054 1039 2093 quae
1070 2038 1296 2093 pinnatum
1317 2037 1568 2094 Cupidinem

235 2099 430 2154 genuisse
463 2097 634 2151 dicitur,
667 2098 850 2139 secunda
879 2098 1039 2152 notior,
1073 2112 1200 2151 quam
1231 2097 1332 2139 Iove
1364 2098 1493 2139 tertio
1526 2100 1568 2138 et

232 2157 400 2199 Latona
430 2159 578 2198 natam
610 2157 863 2211 accepimUS,
894 2156 1049 2198 tertiae
1080 2158 1205 2211 pater
1229 2154 1338 2211 Upis
1371 2156 1567 2211 traditur,
1587 2164 1621 2192 35
1656 2199 1658 2207 y

235 2215 394 2258 Glauce
431 2218 586 2269 mater3
625 2230 719 2257 eam
757 2229 883 2270 saepe
922 2214 1073 2256 Graeci
1110 2213 1241 2269 Upim
1277 2217 1458 2269 paterno
1494 2229 1568 2256 no—

234 2275 347 2316 mine
385 2275 618 2330 appellant.
679 2273 894 2329 Dionysos
934 2274 1093 2316 multos
1125 2273 1350 2327 habemus,
1381 2272 1564 2328 primum
