1685 2568
345 89 434 125 LIB.
460 90 505 126 ΙΙ.
532 89 632 126 CAP.
661 93 809 126 60—63.
836 94 856 133 ξ
883 95 1078 126 125—130.
1299 93 1384 135 243

47 186 122 227 aut
165 185 309 226 omnia
353 184 473 239 deus,
517 184 630 240 quod
671 185 860 240 negatis,
904 187 979 226 aut
1022 185 1165 227 omnia
1201 188 1385 230 natura?

48 242 365 298 quodquoniam
390 243 499 284 illud
523 243 706 299 negatis,
731 243 813 285 hoc
837 244 1077 285 necessario
1098 244 1384 287 confitendum

46 303 122 343 est.
166 300 380 343 Naturam
407 305 551 343 autem
577 316 671 343 eam
698 302 803 356 dico,
836 317 920 357 qua
944 317 1178 357 numquam
1205 303 1372 345 animus
1389 311 1455 342 128

45 359 247 401 insistens
289 360 527 415 agitatione
567 363 610 402 et
650 363 770 402 motu
812 375 904 402 esse
941 375 1099 402 vacuus
1130 363 1288 416 potest.
1342 361 1385 403 Is

8 433 26 460 5
45 433 140 461 cum
178 419 386 475 languore
421 419 612 474 corporis
643 434 720 461 nec
751 419 954 461 membris
985 419 1050 460 uti
1079 434 1157 461 nec
1189 420 1385 462 sensibus

42 479 200 543 potest,
231 477 382 519 incidit
411 477 456 519 in
487 477 581 519 visa
611 478 732 519 varia
763 480 806 519 et
836 478 999 520 incerta
1025 492 1074 519 ex
1100 478 1305 533 reliquiis,
1337 482 1386 520 ut

44 535 106 577 ait
136 535 415 590 Aristoteles,
451 536 775 578 inhaerentibus
813 551 959 578 earum
991 551 1150 591 rerum,
1189 551 1294 592 quas
1326 538 1386 579 vi-

44 594 185 650 gilans
218 595 401 650 gesserit
433 597 508 636 aut
539 595 813 651 cogitaverit3
847 610 1026 651 quarum
1058 596 1385 662 perturbatione

42 653 260 695 mirabiles
280 653 496 695 interdum
516 654 706 695 existunt
726 655 888 709 species
909 655 1191 709 somniomm3
1220 669 1328 709 quae
1348 655 1385 696 si

0 726 25 752 ιο
43 712 129 754 alia
148 711 272 765 falsa,
299 712 385 754 alia
404 726 517 766 vera,
543 727 628 766 qua
646 715 750 754 nota
769 713 1127 768 internoscantur,
1154 713 1262 756 scire
1282 728 1383 756 sane

42 771 184 812 velim.
233 746 279 812 S'i
309 771 431 812 nulla
462 774 539 825 est,
571 771 673 826 quid
703 772 811 813 istos
843 772 1101 827 interpretes
1131 772 1383 815 audiamus?

42 829 109 871 sin
135 829 362 885 quaepiam
388 832 466 884 est,
492 845 596 871 aveo
625 830 782 884 audire,
808 845 916 885 quae
940 832 1014 885 sit3
1040 831 1115 872 sed
1133 831 1383 873 haerebunt.

41 887 173 930 Venit
209 888 323 930 enim
359 889 447 930 iam
484 889 529 930 in
566 891 900 943 contentionem,
941 893 1088 931 utrum
1125 890 1183 932 sit
1213 891 1366 946 proba·
1388 927 1454 958 129

41 947 189 1001 bilius,
228 947 385 990 deosne
415 947 679 1003 inmortalis,
716 963 860 990 rerum
893 949 1084 990 omnium
1115 950 1385 1005 praestantia

43 1007 302 1062 excellentis,
334 1021 588 1049 concursare
619 1009 770 1049 circum
801 1007 992 1049 omnium
1018 1008 1278 1063 mortalium,
1311 1009 1385 1064 qui

40 1065 199 1120 ubique
231 1068 344 1120 sunt,
374 1080 462 1107 non
493 1065 619 1108 modo
652 1067 799 1121 lectos,
831 1081 980 1108 verum
1012 1066 1144 1108 etiam
1176 1068 1384 1123 grabatos

40 1127 100 1178 et,
136 1140 233 1167 cum
264 1127 519 1166 stertentem
551 1125 739 1179 aliquem
770 1125 973 1178 viderint,
1006 1125 1174 1167 obicere
1206 1126 1258 1168 iis
1290 1127 1385 1169 visa

41 1183 250 1239 quaedam
275 1186 473 1226 tortuosa
499 1186 541 1225 et
567 1184 759 1238 obscura,
787 1198 894 1238 quae
919 1184 987 1225 illi
1013 1184 1206 1226 exterriti
1233 1199 1383 1227 somno

41 1242 93 1283 ad
126 1242 411 1284 coniectorem
437 1257 562 1284 mane
589 1242 793 1296 deferant,
826 1257 881 1284 an
905 1245 1061 1284 natura
1086 1243 1192 1298 fieri,
1222 1247 1271 1285 ut
1296 1259 1384 1286 mo-

39 1301 187 1343 biliter
230 1301 398 1343 animus
444 1301 653 1357 agitatus,
698 1301 811 1356 quod
847 1301 1035 1357 vigilans
1072 1302 1245 1357 viderit,
1291 1303 1383 1346 dor-

39 1360 175 1402 miens
200 1360 343 1402 videre
370 1360 578 1402 videatur.
622 1360 780 1402 Utrum
806 1360 1083 1416 philosophia
1110 1361 1293 1417 dignius,
1320 1377 1383 1404 sa-

40 1433 192 1475 garum
229 1419 535 1475 superstitione
572 1420 659 1461 ista
695 1420 972 1474 interpretari
1009 1434 1065 1462 an
1099 1421 1382 1476 explicatione

37 1479 247 1520 naturae?
285 1481 350 1533 ut,
382 1478 419 1520 si
449 1479 536 1520 iam
567 1479 660 1520 fieri
691 1479 831 1534 possit
862 1493 965 1520 vera
996 1478 1242 1522 coniectura
1272 1495 1383 1523 som-

37 1537 225 1592 niorum,
262 1512 408 1579 tanien
445 1537 536 1592 isti,
576 1538 648 1592 qui
684 1538 961 1603 profitentur,
999 1552 1093 1580 eam
1124 1537 1264 1581 facere
1295 1555 1383 1582 non

38 1596 226 1652 possint;
276 1611 325 1638 ex
374 1596 595 1638 levissimo
643 1597 756 1638 enim
800 1599 843 1638 et
886 1597 1182 1640 indoctissimo
1227 1612 1382 1665 genere

39 1658 251 1698 constant.
301 1653 434 1698 Stoici
466 1658 610 1697 autem
642 1656 706 1697 tui
737 1659 900 1711 negant
926 1670 1184 1712 quemquam
1208 1658 1293 1700 nisi
1319 1672 1383 1700 sa-

38 1714 225 1770 pientem
252 1714 443 1756 divinum
469 1729 560 1756 esse
586 1729 725 1770 posse.
776 1714 1043 1781 Chrysippus
1070 1716 1241 1770 quidem
1268 1717 1370 1759 divi·
1386 1728 1453 1760 130

37 1774 256 1816 nationem
296 1773 444 1815 definit
474 1774 542 1815 his
574 1774 735 1815 verbis:
773 1774 872 1816 vim
904 1778 1301 1830 cognoscentem
1333 1779 1383 1819 et

38 1832 294 1875 videntem
326 1835 376 1874 et
408 1832 752 1888 explicantem
785 1833 951 1889 signa,
984 1848 1111 1888 quae
1142 1848 1168 1876 a
1194 1834 1270 1877 dis
1296 1835 1382 1878 ho-

39 1891 259 1933 minibus
303 1891 700 1947 portendantur3
744 1892 933 1934 officium
976 1895 1121 1935 autem
1159 1907 1252 1936 esse
1290 1895 1380 1937 eius

37 1965 328 2007 praenoscere,
361 1951 427 1992 dei
454 1965 557 2006 erga
582 1951 776 1993 homines
803 1954 946 1994 mente
973 1966 1057 2007 qua
1082 1952 1169 1994 sint
1195 1953 1381 2009 quidque

37 2009 291 2066 significent,
323 2025 449 2064 quem
481 2010 535 2051 ad
566 2011 823 2077 modumque
856 2025 906 2053 ea
936 2014 1219 2066 procurentur
1251 2015 1381 2068 atque

60 2069 270 2124 xpientur.
328 2068 532 2124 Idemque
577 2070 842 2112 somniorum
885 2070 1192 2113 coniectionem
1232 2071 1380 2114 definit

69 2142 117 2170 oc
154 2128 298 2170 modo:
337 2143 428 2170 esse
465 2128 564 2170 vim
598 2131 887 2171 cernentem
919 2132 969 2172 et
1000 2130 1379 2186 explanantem,

71 2202 163 2229 uae
200 2203 226 2229 a
257 2187 332 2229 dis
364 2187 657 2229 hominibus
691 2188 1060 2244 significentur
1090 2189 1141 2231 in
1174 2191 1379 2232 somnis.

0 2285 3 2288 ,
75 2246 145 2288 uid
185 2247 316 2302 ergo?
358 2247 412 2288 ad
448 2246 554 2288 haec
592 2247 795 2289 mediocri
827 2262 934 2303 opus
968 2251 1033 2290 est
1064 2249 1292 2303 prudentia
1324 2264 1375 2290 an

3 2339 5 2343 ,
45 2306 80 2346 ,t
115 2305 288 2361 ingenio
326 2305 567 2360 praestanti
603 2308 647 2348 et
685 2307 922 2348 eruditione
959 2307 1177 2362 perfecta?
1228 2307 1372 2349 Talem

1022 2376 1090 2410 16*
