<?xml version="1.0" encoding="UTF-8"?>
<!DOCTYPE html PUBLIC "-//W3C//DTD XHTML 1.0 Transitional//EN"
    "http://www.w3.org/TR/xhtml1/DTD/xhtml1-transitional.dtd">
<html xmlns="http://www.w3.org/1999/xhtml" xml:lang="en" lang="en">
 <head>
  <title>
</title>
<meta http-equiv="Content-Type" content="text/html;charset=utf-8" />
  <meta name='ocr-system' content='tesseract 3.04.00' />
  <meta name='ocr-capabilities' content='ocr_page ocr_carea ocr_par ocr_line ocrx_word'/>
</head>
<body>
  <div class='ocr_page' id='page_1' title='image "./p2scriptaquaemanse04ciceuoft_0172.png"; bbox 0 0 1685 2568; ppageno 0'>
   <div class='ocr_carea' id='block_1_1' title="bbox 225 72 1146 116">
    <p class='ocr_par' dir='ltr' id='par_1_1' title="bbox 225 72 1146 116">
     <span class='ocr_line' id='line_1_1' title="bbox 225 72 1146 116; baseline -0.011 0"><span class='ocrx_word' id='word_1_1' title='bbox 225 75 308 116; x_wconf 79' lang='grc'><strong>120</strong></span> <span class='ocrx_word' id='word_1_2' title='bbox 626 73 690 107; x_wconf 90' lang='lat' dir='ltr'>DE</span> <span class='ocrx_word' id='word_1_3' title='bbox 716 72 919 108; x_wconf 86' lang='lat' dir='ltr'><strong>NATURA</strong></span> <span class='ocrx_word' id='word_1_4' title='bbox 942 72 1146 108; x_wconf 88' lang='lat' dir='ltr'>DEORUM</span> 
     </span>
    </p>
   </div>
   <div class='ocr_carea' id='block_1_2' title="bbox 152 169 1612 1385">
    <p class='ocr_par' dir='ltr' id='par_1_2' title="bbox 220 169 1555 225">
     <span class='ocr_line' id='line_1_2' title="bbox 220 169 1555 225; baseline 0 -13"><span class='ocrx_word' id='word_1_5' title='bbox 220 171 331 212; x_wconf 86' lang='lat' dir='ltr'>tinet</span> <span class='ocrx_word' id='word_1_6' title='bbox 357 170 411 212; x_wconf 90' lang='lat' dir='ltr'>ad</span> <span class='ocrx_word' id='word_1_7' title='bbox 437 170 565 212; x_wconf 78' lang='lat' dir='ltr'>deos?</span> <span class='ocrx_word' id='word_1_8' title='bbox 596 170 818 211; x_wconf 88' lang='lat' dir='ltr'>hominum</span> <span class='ocrx_word' id='word_1_9' title='bbox 845 169 957 211; x_wconf 90' lang='lat' dir='ltr'>enim</span> <span class='ocrx_word' id='word_1_10' title='bbox 983 169 1165 211; x_wconf 88' lang='lat' dir='ltr'>societas</span> <span class='ocrx_word' id='word_1_11' title='bbox 1192 171 1235 211; x_wconf 87' lang='lat' dir='ltr'>et</span> <span class='ocrx_word' id='word_1_12' title='bbox 1260 170 1555 225; x_wconf 82' lang='lat' dir='ltr'>communitas,</span> 
     </span>
    </p>

    <p class='ocr_par' dir='ltr' id='par_1_3' title="bbox 221 227 1554 283">
     <span class='ocr_line' id='line_1_3' title="bbox 221 227 1554 283; baseline 0 -12"><span class='ocrx_word' id='word_1_13' title='bbox 221 239 269 271; x_wconf 85' lang='lat' dir='ltr'>ut</span> <span class='ocrx_word' id='word_1_14' title='bbox 301 244 376 271; x_wconf 87' lang='lat' dir='ltr'>vos</span> <span class='ocrx_word' id='word_1_15' title='bbox 410 229 562 282; x_wconf 85' lang='lat' dir='ltr'>dicitis,</span> <span class='ocrx_word' id='word_1_16' title='bbox 594 228 806 269; x_wconf 86' lang='lat' dir='ltr'>iustitiam</span> <span class='ocrx_word' id='word_1_17' title='bbox 837 227 1089 282; x_wconf 85' lang='lat' dir='ltr'>procreavit.</span> <span class='ocrx_word' id='word_1_18' title='bbox 1151 227 1453 283; x_wconf 72' lang='lat' dir='ltr'>Temperantia</span> <span class='ocrx_word' id='word_1_19' title='bbox 1485 245 1554 271; x_wconf 89' lang='lat' dir='ltr'>au-</span> 
     </span>
    </p>

    <p class='ocr_par' dir='ltr' id='par_1_4' title="bbox 221 286 1554 343">
     <span class='ocr_line' id='line_1_4' title="bbox 221 286 1554 343; baseline -0.001 -13"><span class='ocrx_word' id='word_1_20' title='bbox 221 291 310 330; x_wconf 85' lang='lat' dir='ltr'>tem</span> <span class='ocrx_word' id='word_1_21' title='bbox 341 290 510 330; x_wconf 83' lang='lat' dir='ltr'>constat</span> <span class='ocrx_word' id='word_1_22' title='bbox 536 302 586 328; x_wconf 79' lang='lat' dir='ltr'>ex</span> <span class='ocrx_word' id='word_1_23' title='bbox 611 286 1003 341; x_wconf 70' lang='lat' dir='ltr'>praetermittendis</span> <span class='ocrx_word' id='word_1_24' title='bbox 1029 286 1325 340; x_wconf 88' lang='lat' dir='ltr'>voluptatibus</span> <span class='ocrx_word' id='word_1_25' title='bbox 1352 289 1554 343; x_wconf 85' lang='lat' dir='ltr'>corporis,</span> 
     </span>
    </p>

    <p class='ocr_par' dir='ltr' id='par_1_5' title="bbox 222 345 1554 399">
     <span class='ocr_line' id='line_1_5' title="bbox 222 345 1554 399; baseline 0 -11"><span class='ocrx_word' id='word_1_26' title='bbox 222 347 288 389; x_wconf 84' lang='lat' dir='ltr'>cui</span> <span class='ocrx_word' id='word_1_27' title='bbox 314 347 350 388; x_wconf 90' lang='lat' dir='ltr'>si</span> <span class='ocrx_word' id='word_1_28' title='bbox 376 347 494 388; x_wconf 88' lang='lat' dir='ltr'>locus</span> <span class='ocrx_word' id='word_1_29' title='bbox 520 346 566 387; x_wconf 92' lang='lat' dir='ltr'>in</span> <span class='ocrx_word' id='word_1_30' title='bbox 591 346 708 387; x_wconf 88' lang='lat' dir='ltr'>caelo</span> <span class='ocrx_word' id='word_1_31' title='bbox 736 348 813 397; x_wconf 84' lang='lat' dir='ltr'>est,</span> <span class='ocrx_word' id='word_1_32' title='bbox 845 347 910 386; x_wconf 86' lang='lat' dir='ltr'>est</span> <span class='ocrx_word' id='word_1_33' title='bbox 936 345 1067 386; x_wconf 87' lang='lat' dir='ltr'>etiam</span> <span class='ocrx_word' id='word_1_34' title='bbox 1086 345 1392 399; x_wconf 88' lang='lat' dir='ltr'>voluptatibus.</span> <span class='ocrx_word' id='word_1_35' title='bbox 1441 346 1554 388; x_wconf 85' lang='lat' dir='ltr'>Nam</span> 
     </span>
    </p>

    <p class='ocr_par' dir='ltr' id='par_1_6' title="bbox 222 403 1606 458">
     <span class='ocr_line' id='line_1_6' title="bbox 222 403 1606 458; baseline -0.002 -11"><span class='ocrx_word' id='word_1_36' title='bbox 222 405 347 447; x_wconf 87' lang='lat' dir='ltr'>fortis</span> <span class='ocrx_word' id='word_1_37' title='bbox 381 405 482 446; x_wconf 88' lang='lat' dir='ltr'>deus</span> <span class='ocrx_word' id='word_1_38' title='bbox 515 403 711 458; x_wconf 82' lang='lat' dir='ltr'>intellegi</span> <span class='ocrx_word' id='word_1_39' title='bbox 743 403 815 457; x_wconf 89' lang='lat' dir='ltr'>qui</span> <span class='ocrx_word' id='word_1_40' title='bbox 846 403 1020 458; x_wconf 79' lang='lat' dir='ltr'>potest?</span> <span class='ocrx_word' id='word_1_41' title='bbox 1052 403 1098 444; x_wconf 90' lang='lat' dir='ltr'>in</span> <span class='ocrx_word' id='word_1_42' title='bbox 1129 403 1303 445; x_wconf 81' lang='lat' dir='ltr'>dolore?</span> <span class='ocrx_word' id='word_1_43' title='bbox 1336 419 1391 445; x_wconf 90' lang='lat' dir='ltr'>an</span> <span class='ocrx_word' id='word_1_44' title='bbox 1421 404 1466 445; x_wconf 92' lang='lat' dir='ltr'>in</span> <span class='ocrx_word' id='word_1_45' title='bbox 1496 406 1555 446; x_wconf 90' lang='lat' dir='ltr'>la-</span> <span class='ocrx_word' id='word_1_46' title='bbox 1591 419 1606 444; x_wconf 83' lang='lat'><strong>5</strong></span> 
     </span>
    </p>

    <p class='ocr_par' dir='ltr' id='par_1_7' title="bbox 152 461 1612 1385">
     <span class='ocr_line' id='line_1_7' title="bbox 222 461 1554 518; baseline -0.001 -13"><span class='ocrx_word' id='word_1_47' title='bbox 222 464 354 506; x_wconf 77' lang='lat' dir='ltr'>bore?</span> <span class='ocrx_word' id='word_1_48' title='bbox 399 477 454 504; x_wconf 92' lang='lat' dir='ltr'>an</span> <span class='ocrx_word' id='word_1_49' title='bbox 496 463 541 504; x_wconf 92' lang='lat' dir='ltr'>in</span> <span class='ocrx_word' id='word_1_50' title='bbox 578 461 798 517; x_wconf 79' lang='lat' dir='ltr'>periculo?</span> <span class='ocrx_word' id='word_1_51' title='bbox 843 475 1023 515; x_wconf 90' lang='lat' dir='ltr'>quorum</span> <span class='ocrx_word' id='word_1_52' title='bbox 1061 462 1185 503; x_wconf 91' lang='lat' dir='ltr'>deum</span> <span class='ocrx_word' id='word_1_53' title='bbox 1221 462 1327 503; x_wconf 88' lang='lat' dir='ltr'>nihil</span> <span class='ocrx_word' id='word_1_54' title='bbox 1366 463 1554 518; x_wconf 86' lang='lat' dir='ltr'>attingit.</span> 
     </span>
     <span class='ocr_line' id='line_1_8' title="bbox 152 520 1556 576; baseline 0.001 -16"><span class='ocrx_word' id='word_1_55' title='bbox 152 530 195 561; x_wconf 81' lang='lat'>39</span> <span class='ocrx_word' id='word_1_56' title='bbox 222 522 261 564; x_wconf 88' lang='lat' dir='ltr'>N</span> <span class='ocrx_word' id='word_1_57' title='bbox 267 537 312 564; x_wconf 86' lang='lat' dir='ltr'>ec</span> <span class='ocrx_word' id='word_1_58' title='bbox 343 522 509 563; x_wconf 88' lang='lat' dir='ltr'>ratione</span> <span class='ocrx_word' id='word_1_59' title='bbox 541 521 675 576; x_wconf 89' lang='lat' dir='ltr'>igitur</span> <span class='ocrx_word' id='word_1_60' title='bbox 699 521 891 560; x_wconf 88' lang='lat' dir='ltr'>utentem</span> <span class='ocrx_word' id='word_1_61' title='bbox 915 534 992 562; x_wconf 88' lang='lat' dir='ltr'>nec</span> <span class='ocrx_word' id='word_1_62' title='bbox 1017 520 1176 561; x_wconf 88' lang='lat' dir='ltr'>virtute</span> <span class='ocrx_word' id='word_1_63' title='bbox 1201 521 1291 562; x_wconf 91' lang='lat' dir='ltr'>ulla</span> <span class='ocrx_word' id='word_1_64' title='bbox 1315 521 1556 575; x_wconf 87' lang='lat' dir='ltr'>praeditum</span> 
     </span>
     <span class='ocr_line' id='line_1_9' title="bbox 223 578 1557 635; baseline -0.002 -12"><span class='ocrx_word' id='word_1_65' title='bbox 223 581 346 623; x_wconf 89' lang='lat' dir='ltr'>deum</span> <span class='ocrx_word' id='word_1_66' title='bbox 383 580 634 634; x_wconf 78' lang='lat' dir='ltr'>intellegere</span> <span class='ocrx_word' id='word_1_67' title='bbox 674 578 746 632; x_wconf 89' lang='lat' dir='ltr'>qui</span> <span class='ocrx_word' id='word_1_68' title='bbox 777 579 1032 632; x_wconf 79' lang='lat' dir='ltr'>possumus?</span> <span class='ocrx_word' id='word_1_69' title='bbox 1092 578 1183 621; x_wconf 89' lang='lat' dir='ltr'>Nec</span> <span class='ocrx_word' id='word_1_70' title='bbox 1213 593 1313 621; x_wconf 86' lang='lat' dir='ltr'>vero</span> <span class='ocrx_word' id='word_1_71' title='bbox 1346 580 1465 635; x_wconf 87' lang='lat' dir='ltr'>volgi</span> <span class='ocrx_word' id='word_1_72' title='bbox 1496 583 1557 621; x_wconf 88' lang='lat' dir='ltr'>at-</span> 
     </span>
     <span class='ocr_line' id='line_1_10' title="bbox 224 636 1557 695; baseline -0.001 -14"><span class='ocrx_word' id='word_1_73' title='bbox 224 654 303 695; x_wconf 91' lang='lat' dir='ltr'>que</span> <span class='ocrx_word' id='word_1_74' title='bbox 334 638 632 693; x_wconf 86' lang='lat' dir='ltr'>imperitorum</span> <span class='ocrx_word' id='word_1_75' title='bbox 664 636 879 678; x_wconf 85' lang='lat' dir='ltr'>inscitiam</span> <span class='ocrx_word' id='word_1_76' title='bbox 912 637 1126 691; x_wconf 84' lang='lat' dir='ltr'>despicere</span> <span class='ocrx_word' id='word_1_77' title='bbox 1157 652 1344 692; x_wconf 87' lang='lat' dir='ltr'>possum,</span> <span class='ocrx_word' id='word_1_78' title='bbox 1381 653 1475 680; x_wconf 90' lang='lat' dir='ltr'>cum</span> <span class='ocrx_word' id='word_1_79' title='bbox 1508 653 1557 680; x_wconf 87' lang='lat' dir='ltr'>ea</span> 
     </span>
     <span class='ocr_line' id='line_1_11' title="bbox 223 693 1610 751; baseline -0.003 -11"><span class='ocrx_word' id='word_1_80' title='bbox 223 698 455 751; x_wconf 88' lang='lat' dir='ltr'>considero,</span> <span class='ocrx_word' id='word_1_81' title='bbox 488 710 595 751; x_wconf 88' lang='lat' dir='ltr'>quae</span> <span class='ocrx_word' id='word_1_82' title='bbox 628 695 825 737; x_wconf 89' lang='lat' dir='ltr'>dicuntur</span> <span class='ocrx_word' id='word_1_83' title='bbox 857 710 882 736; x_wconf 85' lang='lat' dir='ltr'>a</span> <span class='ocrx_word' id='word_1_84' title='bbox 901 693 1074 750; x_wconf 73' lang='lat' dir='ltr'>Stoicis3</span> <span class='ocrx_word' id='word_1_85' title='bbox 1107 698 1206 737; x_wconf 89' lang='lat' dir='ltr'>sunt</span> <span class='ocrx_word' id='word_1_86' title='bbox 1238 697 1350 737; x_wconf 90' lang='lat' dir='ltr'>enim</span> <span class='ocrx_word' id='word_1_87' title='bbox 1375 697 1453 738; x_wconf 92' lang='lat' dir='ltr'>illa</span> <span class='ocrx_word' id='word_1_88' title='bbox 1477 697 1556 738; x_wconf 89' lang='lat' dir='ltr'>im-</span> <span class='ocrx_word' id='word_1_89' title='bbox 1576 712 1610 737; x_wconf 85' lang='lat' dir='ltr'>lo</span> 
     </span>
     <span class='ocr_line' id='line_1_12' title="bbox 222 752 1556 812; baseline -0.001 -14"><span class='ocrx_word' id='word_1_90' title='bbox 222 757 474 812; x_wconf 86' lang='lat' dir='ltr'>peritorum:</span> <span class='ocrx_word' id='word_1_91' title='bbox 512 754 672 809; x_wconf 81' lang='lat' dir='ltr'>piscem</span> <span class='ocrx_word' id='word_1_92' title='bbox 705 752 800 808; x_wconf 81' lang='lat' dir='ltr'>Syri</span> <span class='ocrx_word' id='word_1_93' title='bbox 831 756 1106 809; x_wconf 85' lang='lat' dir='ltr'>venerantur,</span> <span class='ocrx_word' id='word_1_94' title='bbox 1145 769 1269 796; x_wconf 90' lang='lat' dir='ltr'>omne</span> <span class='ocrx_word' id='word_1_95' title='bbox 1300 755 1389 797; x_wconf 85' lang='lat' dir='ltr'>fere</span> <span class='ocrx_word' id='word_1_96' title='bbox 1423 770 1556 811; x_wconf 89' lang='lat' dir='ltr'>genus</span> 
     </span>
     <span class='ocr_line' id='line_1_13' title="bbox 225 812 1556 868; baseline -0.002 -11"><span class='ocrx_word' id='word_1_97' title='bbox 225 815 460 857; x_wconf 86' lang='lat' dir='ltr'>bestiarum</span> <span class='ocrx_word' id='word_1_98' title='bbox 479 812 690 868; x_wconf 79' lang='lat' dir='ltr'>Aegyptii</span> <span class='ocrx_word' id='word_1_99' title='bbox 721 815 1093 866; x_wconf 80' lang='lat' dir='ltr'>consecraverunt3</span> <span class='ocrx_word' id='word_1_100' title='bbox 1123 813 1211 854; x_wconf 90' lang='lat' dir='ltr'>iam</span> <span class='ocrx_word' id='word_1_101' title='bbox 1236 828 1337 855; x_wconf 88' lang='lat' dir='ltr'>vero</span> <span class='ocrx_word' id='word_1_102' title='bbox 1363 814 1407 855; x_wconf 91' lang='lat' dir='ltr'>in</span> <span class='ocrx_word' id='word_1_103' title='bbox 1428 813 1556 855; x_wconf 81' lang='lat' dir='ltr'>Grae-</span> 
     </span>
     <span class='ocr_line' id='line_1_14' title="bbox 224 871 1557 926; baseline -0.001 -11"><span class='ocrx_word' id='word_1_104' title='bbox 224 874 289 916; x_wconf 90' lang='lat' dir='ltr'>cia</span> <span class='ocrx_word' id='word_1_105' title='bbox 331 873 491 914; x_wconf 87' lang='lat' dir='ltr'>multos</span> <span class='ocrx_word' id='word_1_106' title='bbox 534 871 696 913; x_wconf 88' lang='lat' dir='ltr'>habent</span> <span class='ocrx_word' id='word_1_107' title='bbox 741 885 790 912; x_wconf 86' lang='lat' dir='ltr'>ex</span> <span class='ocrx_word' id='word_1_108' title='bbox 834 871 1078 912; x_wconf 86' lang='lat' dir='ltr'>hominibus</span> <span class='ocrx_word' id='word_1_109' title='bbox 1123 871 1241 926; x_wconf 90' lang='lat' dir='ltr'>deos,</span> <span class='ocrx_word' id='word_1_110' title='bbox 1284 872 1557 914; x_wconf 82' lang='lat' dir='ltr'>Alabandum</span> 
     </span>
     <span class='ocr_line' id='line_1_15' title="bbox 223 929 1558 985; baseline 0 -12"><span class='ocrx_word' id='word_1_111' title='bbox 223 931 473 984; x_wconf 85' lang='lat' dir='ltr'>Alabandis,</span> <span class='ocrx_word' id='word_1_112' title='bbox 499 930 674 971; x_wconf 89' lang='lat' dir='ltr'>Tenedii</span> <span class='ocrx_word' id='word_1_113' title='bbox 693 929 877 983; x_wconf 90' lang='lat' dir='ltr'>Tennen,</span> <span class='ocrx_word' id='word_1_114' title='bbox 902 929 1203 984; x_wconf 78' lang='lat' dir='ltr'>Leucotheam,</span> <span class='ocrx_word' id='word_1_115' title='bbox 1228 945 1335 984; x_wconf 89' lang='lat' dir='ltr'>quae</span> <span class='ocrx_word' id='word_1_116' title='bbox 1359 930 1442 972; x_wconf 86' lang='lat' dir='ltr'>fuit</span> <span class='ocrx_word' id='word_1_117' title='bbox 1467 931 1558 985; x_wconf 91' lang='lat' dir='ltr'>Ino,</span> 
     </span>
     <span class='ocr_line' id='line_1_16' title="bbox 224 987 1610 1044; baseline -0.003 -12"><span class='ocrx_word' id='word_1_118' title='bbox 224 993 266 1032; x_wconf 88' lang='lat' dir='ltr'>et</span> <span class='ocrx_word' id='word_1_119' title='bbox 298 991 387 1032; x_wconf 86' lang='lat' dir='ltr'>eius</span> <span class='ocrx_word' id='word_1_120' title='bbox 413 989 715 1031; x_wconf 85' lang='lat' dir='ltr'>Palaemonem</span> <span class='ocrx_word' id='word_1_121' title='bbox 747 988 884 1029; x_wconf 88' lang='lat' dir='ltr'>filium</span> <span class='ocrx_word' id='word_1_122' title='bbox 917 990 1069 1030; x_wconf 89' lang='lat' dir='ltr'>cuncta</span> <span class='ocrx_word' id='word_1_123' title='bbox 1094 987 1283 1042; x_wconf 84' lang='lat' dir='ltr'>Graecia,</span> <span class='ocrx_word' id='word_1_124' title='bbox 1314 988 1556 1044; x_wconf 85' lang='lat' dir='ltr'>Herculem,</span> <span class='ocrx_word' id='word_1_125' title='bbox 1577 1003 1610 1029; x_wconf 84' lang='lat'>15</span> 
     </span>
     <span class='ocr_line' id='line_1_17' title="bbox 223 1046 1558 1103; baseline -0.001 -12"><span class='ocrx_word' id='word_1_126' title='bbox 223 1048 545 1103; x_wconf 86' lang='lat' dir='ltr'>Aesculapium,</span> <span class='ocrx_word' id='word_1_127' title='bbox 589 1047 873 1102; x_wconf 82' lang='lat' dir='ltr'>Tyndaridas3</span> <span class='ocrx_word' id='word_1_128' title='bbox 916 1046 1147 1088; x_wconf 87' lang='lat' dir='ltr'>Romulum</span> <span class='ocrx_word' id='word_1_129' title='bbox 1187 1047 1326 1089; x_wconf 88' lang='lat' dir='ltr'>nostri</span> <span class='ocrx_word' id='word_1_130' title='bbox 1366 1049 1558 1103; x_wconf 83' lang='lat' dir='ltr'>aliosque</span> 
     </span>
     <span class='ocr_line' id='line_1_18' title="bbox 224 1106 1559 1162; baseline -0.001 -12"><span class='ocrx_word' id='word_1_131' title='bbox 224 1107 473 1162; x_wconf 89' lang='lat' dir='ltr'>compluris,</span> <span class='ocrx_word' id='word_1_132' title='bbox 512 1120 618 1161; x_wconf 89' lang='lat' dir='ltr'>quos</span> <span class='ocrx_word' id='word_1_133' title='bbox 651 1106 773 1160; x_wconf 87' lang='lat' dir='ltr'>quasi</span> <span class='ocrx_word' id='word_1_134' title='bbox 802 1120 937 1147; x_wconf 90' lang='lat' dir='ltr'>novos</span> <span class='ocrx_word' id='word_1_135' title='bbox 970 1108 1012 1146; x_wconf 91' lang='lat' dir='ltr'>et</span> <span class='ocrx_word' id='word_1_136' title='bbox 1045 1106 1338 1161; x_wconf 87' lang='lat' dir='ltr'>adscripticios</span> <span class='ocrx_word' id='word_1_137' title='bbox 1370 1107 1482 1149; x_wconf 88' lang='lat' dir='ltr'>cives</span> <span class='ocrx_word' id='word_1_138' title='bbox 1514 1107 1559 1148; x_wconf 86' lang='lat' dir='ltr'>in</span> 
     </span>
     <span class='ocr_line' id='line_1_19' title="bbox 224 1163 1558 1220; baseline -0.001 -12"><span class='ocrx_word' id='word_1_139' title='bbox 224 1167 388 1209; x_wconf 87' lang='lat' dir='ltr'>caelum</span> <span class='ocrx_word' id='word_1_140' title='bbox 431 1167 625 1220; x_wconf 92' lang='lat' dir='ltr'>receptos</span> <span class='ocrx_word' id='word_1_141' title='bbox 668 1167 835 1220; x_wconf 89' lang='lat' dir='ltr'>putant.</span> <span class='ocrx_word' id='word_1_142' title='bbox 896 1163 1013 1206; x_wconf 88' lang='lat' dir='ltr'>Haec</span> <span class='ocrx_word' id='word_1_143' title='bbox 1056 1164 1190 1219; x_wconf 87' lang='lat' dir='ltr'>igitur</span> <span class='ocrx_word' id='word_1_144' title='bbox 1233 1165 1412 1219; x_wconf 81' lang='lat' dir='ltr'>indocti3</span> <span class='ocrx_word' id='word_1_145' title='bbox 1457 1166 1558 1220; x_wconf 86' lang='lat' dir='ltr'>quid</span> 
     </span>
     <span class='ocr_line' id='line_1_20' title="bbox 224 1222 1558 1280; baseline -0.002 -13"><span class='ocrx_word' id='word_1_146' title='bbox 224 1240 299 1268; x_wconf 88' lang='lat' dir='ltr'>vos</span> <span class='ocrx_word' id='word_1_147' title='bbox 330 1224 607 1280; x_wconf 83' lang='lat' dir='ltr'>philosophi?</span> <span class='ocrx_word' id='word_1_148' title='bbox 641 1223 713 1277; x_wconf 86' lang='lat' dir='ltr'>qui</span> <span class='ocrx_word' id='word_1_149' title='bbox 744 1223 950 1264; x_wconf 76' lang='lat' dir='ltr'>meliora?</span> <span class='ocrx_word' id='word_1_150' title='bbox 1002 1222 1165 1264; x_wconf 90' lang='lat' dir='ltr'>Omitto</span> <span class='ocrx_word' id='word_1_151' title='bbox 1192 1223 1286 1278; x_wconf 79' lang='lat' dir='ltr'>illa3</span> <span class='ocrx_word' id='word_1_152' title='bbox 1319 1227 1419 1265; x_wconf 89' lang='lat' dir='ltr'>sunt</span> <span class='ocrx_word' id='word_1_153' title='bbox 1446 1225 1558 1265; x_wconf 85' lang='lat' dir='ltr'>enim</span> 
     </span>
     <span class='ocr_line' id='line_1_21' title="bbox 222 1281 1612 1339; baseline -0.003 -14"><span class='ocrx_word' id='word_1_154' title='bbox 222 1284 460 1339; x_wconf 88' lang='lat' dir='ltr'>praeclara:</span> <span class='ocrx_word' id='word_1_155' title='bbox 511 1282 568 1323; x_wconf 89' lang='lat' dir='ltr'>sit</span> <span class='ocrx_word' id='word_1_156' title='bbox 609 1296 709 1323; x_wconf 91' lang='lat' dir='ltr'>sane</span> <span class='ocrx_word' id='word_1_157' title='bbox 754 1282 854 1322; x_wconf 90' lang='lat' dir='ltr'>deus</span> <span class='ocrx_word' id='word_1_158' title='bbox 899 1281 990 1336; x_wconf 91' lang='lat' dir='ltr'>ipse</span> <span class='ocrx_word' id='word_1_159' title='bbox 1034 1282 1226 1323; x_wconf 67' lang='lat' dir='ltr'>mrmdus.</span> <span class='ocrx_word' id='word_1_160' title='bbox 1297 1282 1390 1324; x_wconf 92' lang='lat' dir='ltr'>Hoc</span> <span class='ocrx_word' id='word_1_161' title='bbox 1434 1283 1557 1324; x_wconf 89' lang='lat' dir='ltr'>credo</span> <span class='ocrx_word' id='word_1_162' title='bbox 1578 1296 1612 1322; x_wconf 80' lang='lat'>20</span> 
     </span>
     <span class='ocr_line' id='line_1_22' title="bbox 222 1343 453 1385; baseline -0.009 -1"><span class='ocrx_word' id='word_1_163' title='bbox 222 1343 331 1385; x_wconf 88' lang='lat' dir='ltr'>illud</span> <span class='ocrx_word' id='word_1_164' title='bbox 363 1356 453 1383; x_wconf 89' lang='lat' dir='ltr'>esse</span> 
     </span>
    </p>
   </div>
   <div class='ocr_carea' id='block_1_3' title="bbox 152 1145 209 1227">
    <p class='ocr_par' dir='ltr' id='par_1_8' title="bbox 152 1145 209 1227">
     <span class='ocr_line' id='line_1_23' title="bbox 156 1145 209 1186; baseline 0.019 -1"><span class='ocrx_word' id='word_1_165' title='bbox 156 1145 209 1186; x_wconf 83' lang='grc'><strong>16</strong></span> 
     </span>
     <span class='ocr_line' id='line_1_24' title="bbox 152 1197 197 1227; baseline -0.022 0"><span class='ocrx_word' id='word_1_166' title='bbox 152 1197 197 1227; x_wconf 89' lang='lat'>40</span> 
     </span>
    </p>
   </div>
   <div class='ocr_carea' id='block_1_4' title="bbox 312 1420 1475 1523">
    <p class='ocr_par' dir='ltr' id='par_1_9' title="bbox 312 1420 1475 1523">
     <span class='ocr_line' id='line_1_25' title="bbox 312 1420 1475 1476; baseline -0.001 -11"><span class='ocrx_word' id='word_1_167' title='bbox 312 1421 529 1466; x_wconf 77' lang='lat' dir='ltr'>sublime</span> <span class='ocrx_word' id='word_1_168' title='bbox 567 1422 805 1476; x_wconf 89' lang='lat' dir='ltr'>candens,</span> <span class='ocrx_word' id='word_1_169' title='bbox 844 1436 986 1476; x_wconf 90' lang='lat' dir='ltr'>quem</span> <span class='ocrx_word' id='word_1_170' title='bbox 1023 1420 1267 1463; x_wconf 76' lang='lat' dir='ltr'>invocant</span> <span class='ocrx_word' id='word_1_171' title='bbox 1305 1424 1475 1464; x_wconf 76' lang='lat' dir='ltr'>omnes</span> 
     </span>
     <span class='ocr_line' id='line_1_26' title="bbox 1067 1480 1248 1523; baseline 0.006 -2"><span class='ocrx_word' id='word_1_172' title='bbox 1067 1480 1248 1523; x_wconf 86' lang='lat' dir='ltr'>Iovem.</span> 
     </span>
    </p>
   </div>
   <div class='ocr_carea' id='block_1_5' title="bbox 157 1574 1611 2334">
    <p class='ocr_par' dir='ltr' id='par_1_10' title="bbox 157 1574 1611 2334">
     <span class='ocr_line' id='line_1_27' title="bbox 225 1574 1558 1631; baseline -0.002 -13"><span class='ocrx_word' id='word_1_173' title='bbox 225 1576 363 1626; x_wconf 81' lang='lat' dir='ltr'>Quare</span> <span class='ocrx_word' id='word_1_174' title='bbox 400 1575 535 1631; x_wconf 89' lang='lat' dir='ltr'>igitur</span> <span class='ocrx_word' id='word_1_175' title='bbox 572 1574 709 1629; x_wconf 89' lang='lat' dir='ltr'>pluris</span> <span class='ocrx_word' id='word_1_176' title='bbox 748 1575 1019 1629; x_wconf 89' lang='lat' dir='ltr'>adiungimus</span> <span class='ocrx_word' id='word_1_177' title='bbox 1053 1574 1182 1616; x_wconf 83' lang='lat' dir='ltr'>deos‘?</span> <span class='ocrx_word' id='word_1_178' title='bbox 1224 1577 1384 1629; x_wconf 87' lang='lat' dir='ltr'>quanta</span> <span class='ocrx_word' id='word_1_179' title='bbox 1415 1577 1558 1616; x_wconf 88' lang='lat' dir='ltr'>autem</span> 
     </span>
     <span class='ocr_line' id='line_1_28' title="bbox 225 1633 1559 1688; baseline -0.001 -11"><span class='ocrx_word' id='word_1_180' title='bbox 225 1638 290 1677; x_wconf 86' lang='lat' dir='ltr'>est</span> <span class='ocrx_word' id='word_1_181' title='bbox 322 1650 469 1677; x_wconf 91' lang='lat' dir='ltr'>eorum</span> <span class='ocrx_word' id='word_1_182' title='bbox 500 1633 748 1675; x_wconf 87' lang='lat' dir='ltr'>multitudo!</span> <span class='ocrx_word' id='word_1_183' title='bbox 799 1633 907 1675; x_wconf 86' lang='lat' dir='ltr'>Mihi</span> <span class='ocrx_word' id='word_1_184' title='bbox 938 1633 1108 1688; x_wconf 88' lang='lat' dir='ltr'>quidem</span> <span class='ocrx_word' id='word_1_185' title='bbox 1140 1648 1241 1675; x_wconf 87' lang='lat' dir='ltr'>sane</span> <span class='ocrx_word' id='word_1_186' title='bbox 1267 1634 1393 1675; x_wconf 89' lang='lat' dir='ltr'>multi</span> <span class='ocrx_word' id='word_1_187' title='bbox 1418 1633 1559 1675; x_wconf 84' lang='lat' dir='ltr'>viden-</span> 
     </span>
     <span class='ocr_line' id='line_1_29' title="bbox 224 1692 1611 1748; baseline -0.004 -13"><span class='ocrx_word' id='word_1_188' title='bbox 224 1698 305 1736; x_wconf 88' lang='lat' dir='ltr'>tur.</span> <span class='ocrx_word' id='word_1_189' title='bbox 362 1692 564 1748; x_wconf 79' lang='lat' dir='ltr'>Singulas</span> <span class='ocrx_word' id='word_1_190' title='bbox 603 1692 715 1734; x_wconf 87' lang='lat' dir='ltr'>enim</span> <span class='ocrx_word' id='word_1_191' title='bbox 753 1692 902 1734; x_wconf 88' lang='lat' dir='ltr'>stellas</span> <span class='ocrx_word' id='word_1_192' title='bbox 932 1707 1131 1734; x_wconf 88' lang='lat' dir='ltr'>numeras</span> <span class='ocrx_word' id='word_1_193' title='bbox 1165 1692 1264 1734; x_wconf 89' lang='lat' dir='ltr'>deos</span> <span class='ocrx_word' id='word_1_194' title='bbox 1297 1706 1452 1746; x_wconf 91' lang='lat' dir='ltr'>eosque</span> <span class='ocrx_word' id='word_1_195' title='bbox 1485 1695 1558 1734; x_wconf 90' lang='lat' dir='ltr'>aut</span> <span class='ocrx_word' id='word_1_196' title='bbox 1579 1705 1611 1731; x_wconf 70' lang='lat'>25</span> 
     </span>
     <span class='ocr_line' id='line_1_30' title="bbox 224 1749 1559 1806; baseline -0.001 -12"><span class='ocrx_word' id='word_1_197' title='bbox 224 1754 449 1794; x_wconf 87' lang='lat' dir='ltr'>beluarum</span> <span class='ocrx_word' id='word_1_198' title='bbox 491 1751 663 1793; x_wconf 89' lang='lat' dir='ltr'>nomine</span> <span class='ocrx_word' id='word_1_199' title='bbox 707 1751 920 1806; x_wconf 88' lang='lat' dir='ltr'>appellas,</span> <span class='ocrx_word' id='word_1_200' title='bbox 963 1753 1011 1792; x_wconf 90' lang='lat' dir='ltr'>ut</span> <span class='ocrx_word' id='word_1_201' title='bbox 1049 1749 1251 1805; x_wconf 84' lang='lat' dir='ltr'>Capram,</span> <span class='ocrx_word' id='word_1_202' title='bbox 1294 1753 1342 1792; x_wconf 89' lang='lat' dir='ltr'>ut</span> <span class='ocrx_word' id='word_1_203' title='bbox 1379 1750 1559 1806; x_wconf 79' lang='lat' dir='ltr'>Nepam,</span> 
     </span>
     <span class='ocr_line' id='line_1_31' title="bbox 224 1809 1559 1864; baseline -0.001 -12"><span class='ocrx_word' id='word_1_204' title='bbox 224 1814 273 1852; x_wconf 91' lang='lat' dir='ltr'>ut</span> <span class='ocrx_word' id='word_1_205' title='bbox 310 1811 515 1864; x_wconf 88' lang='lat' dir='ltr'>Taurum,</span> <span class='ocrx_word' id='word_1_206' title='bbox 552 1812 600 1851; x_wconf 89' lang='lat' dir='ltr'>ut</span> <span class='ocrx_word' id='word_1_207' title='bbox 631 1809 834 1864; x_wconf 89' lang='lat' dir='ltr'>Leonem,</span> <span class='ocrx_word' id='word_1_208' title='bbox 877 1811 951 1850; x_wconf 89' lang='lat' dir='ltr'>aut</span> <span class='ocrx_word' id='word_1_209' title='bbox 987 1824 1130 1850; x_wconf 90' lang='lat' dir='ltr'>rerum</span> <span class='ocrx_word' id='word_1_210' title='bbox 1166 1809 1470 1863; x_wconf 88' lang='lat' dir='ltr'>inanimarum,</span> <span class='ocrx_word' id='word_1_211' title='bbox 1511 1812 1559 1850; x_wconf 87' lang='lat' dir='ltr'>ut</span> 
     </span>
     <span class='ocr_line' id='line_1_32' title="bbox 157 1867 1558 1925; baseline -0.001 -14"><span class='ocrx_word' id='word_1_212' title='bbox 157 1880 199 1911; x_wconf 78' lang='lat'>41</span> <span class='ocrx_word' id='word_1_213' title='bbox 227 1870 360 1925; x_wconf 87' lang='lat' dir='ltr'>Argo,</span> <span class='ocrx_word' id='word_1_214' title='bbox 391 1871 440 1910; x_wconf 90' lang='lat' dir='ltr'>ut</span> <span class='ocrx_word' id='word_1_215' title='bbox 471 1868 617 1923; x_wconf 88' lang='lat' dir='ltr'>Aram,</span> <span class='ocrx_word' id='word_1_216' title='bbox 649 1870 696 1909; x_wconf 91' lang='lat' dir='ltr'>ut</span> <span class='ocrx_word' id='word_1_217' title='bbox 728 1867 952 1910; x_wconf 81' lang='lat' dir='ltr'>Coronam.</span> <span class='ocrx_word' id='word_1_218' title='bbox 1003 1867 1084 1909; x_wconf 80' lang='lat' dir='ltr'>Sed</span> <span class='ocrx_word' id='word_1_219' title='bbox 1116 1870 1163 1909; x_wconf 86' lang='lat' dir='ltr'>ut</span> <span class='ocrx_word' id='word_1_220' title='bbox 1194 1868 1299 1909; x_wconf 85' lang='lat' dir='ltr'>haec</span> <span class='ocrx_word' id='word_1_221' title='bbox 1331 1868 1558 1910; x_wconf 90' lang='lat' dir='ltr'>concedan-</span> 
     </span>
     <span class='ocr_line' id='line_1_33' title="bbox 225 1926 1558 1982; baseline -0.002 -12"><span class='ocrx_word' id='word_1_222' title='bbox 225 1931 313 1982; x_wconf 86' lang='lat' dir='ltr'>tur,</span> <span class='ocrx_word' id='word_1_223' title='bbox 350 1928 516 1981; x_wconf 87' lang='lat' dir='ltr'>reliqua</span> <span class='ocrx_word' id='word_1_224' title='bbox 556 1927 627 1981; x_wconf 87' lang='lat' dir='ltr'>qui</span> <span class='ocrx_word' id='word_1_225' title='bbox 658 1927 832 1968; x_wconf 89' lang='lat' dir='ltr'>tandem</span> <span class='ocrx_word' id='word_1_226' title='bbox 862 1942 950 1968; x_wconf 92' lang='lat' dir='ltr'>non</span> <span class='ocrx_word' id='word_1_227' title='bbox 980 1926 1105 1968; x_wconf 90' lang='lat' dir='ltr'>modo</span> <span class='ocrx_word' id='word_1_228' title='bbox 1138 1927 1326 1981; x_wconf 88' lang='lat' dir='ltr'>concedi,</span> <span class='ocrx_word' id='word_1_229' title='bbox 1368 1927 1441 1968; x_wconf 88' lang='lat' dir='ltr'>sed</span> <span class='ocrx_word' id='word_1_230' title='bbox 1473 1941 1558 1968; x_wconf 92' lang='lat' dir='ltr'>om-</span> 
     </span>
     <span class='ocr_line' id='line_1_34' title="bbox 225 1984 1611 2041; baseline -0.001 -13"><span class='ocrx_word' id='word_1_231' title='bbox 225 1987 325 2028; x_wconf 90' lang='lat' dir='ltr'>nino</span> <span class='ocrx_word' id='word_1_232' title='bbox 357 1986 553 2041; x_wconf 87' lang='lat' dir='ltr'>intellegi</span> <span class='ocrx_word' id='word_1_233' title='bbox 584 1986 794 2040; x_wconf 78' lang='lat' dir='ltr'>possunt?</span> <span class='ocrx_word' id='word_1_234' title='bbox 856 1984 964 2027; x_wconf 91' lang='lat' dir='ltr'>Cum</span> <span class='ocrx_word' id='word_1_235' title='bbox 994 1985 1139 2040; x_wconf 86' lang='lat' dir='ltr'>fruges</span> <span class='ocrx_word' id='word_1_236' title='bbox 1173 1984 1381 2040; x_wconf 83' lang='lat' dir='ltr'>Cererem,</span> <span class='ocrx_word' id='word_1_237' title='bbox 1412 1985 1559 2027; x_wconf 89' lang='lat' dir='ltr'>vinum</span> <span class='ocrx_word' id='word_1_238' title='bbox 1578 1996 1611 2022; x_wconf 83' lang='lat'>30</span> 
     </span>
     <span class='ocr_line' id='line_1_35' title="bbox 225 2043 1560 2099; baseline -0.002 -12"><span class='ocrx_word' id='word_1_239' title='bbox 225 2045 427 2087; x_wconf 87' lang='lat' dir='ltr'>Liberum</span> <span class='ocrx_word' id='word_1_240' title='bbox 463 2044 652 2098; x_wconf 71' lang='lat' dir='ltr'>dicimus,</span> <span class='ocrx_word' id='word_1_241' title='bbox 685 2058 838 2099; x_wconf 88' lang='lat' dir='ltr'>genere</span> <span class='ocrx_word' id='word_1_242' title='bbox 864 2058 942 2085; x_wconf 93' lang='lat' dir='ltr'>nos</span> <span class='ocrx_word' id='word_1_243' title='bbox 969 2043 1139 2098; x_wconf 88' lang='lat' dir='ltr'>quidem</span> <span class='ocrx_word' id='word_1_244' title='bbox 1166 2044 1372 2086; x_wconf 89' lang='lat' dir='ltr'>sermonis</span> <span class='ocrx_word' id='word_1_245' title='bbox 1398 2044 1560 2085; x_wconf 89' lang='lat' dir='ltr'>utimur</span> 
     </span>
     <span class='ocr_line' id='line_1_36' title="bbox 227 2102 1559 2158; baseline -0.002 -12"><span class='ocrx_word' id='word_1_246' title='bbox 227 2104 405 2158; x_wconf 90' lang='lat' dir='ltr'>usitato,</span> <span class='ocrx_word' id='word_1_247' title='bbox 451 2103 523 2144; x_wconf 92' lang='lat' dir='ltr'>sed</span> <span class='ocrx_word' id='word_1_248' title='bbox 567 2117 741 2156; x_wconf 87' lang='lat' dir='ltr'>ecquem</span> <span class='ocrx_word' id='word_1_249' title='bbox 784 2105 875 2143; x_wconf 90' lang='lat' dir='ltr'>tam</span> <span class='ocrx_word' id='word_1_250' title='bbox 919 2105 1132 2143; x_wconf 86' lang='lat' dir='ltr'>ament-em</span> <span class='ocrx_word' id='word_1_251' title='bbox 1170 2117 1261 2144; x_wconf 90' lang='lat' dir='ltr'>esse</span> <span class='ocrx_word' id='word_1_252' title='bbox 1298 2105 1442 2157; x_wconf 85' lang='lat' dir='ltr'>putas,</span> <span class='ocrx_word' id='word_1_253' title='bbox 1488 2102 1559 2157; x_wconf 89' lang='lat' dir='ltr'>qui</span> 
     </span>
     <span class='ocr_line' id='line_1_37' title="bbox 225 2160 1558 2216; baseline -0.002 -12"><span class='ocrx_word' id='word_1_254' title='bbox 225 2162 344 2216; x_wconf 87' lang='lat' dir='ltr'>illud,</span> <span class='ocrx_word' id='word_1_255' title='bbox 377 2176 459 2216; x_wconf 88' lang='lat' dir='ltr'>quo</span> <span class='ocrx_word' id='word_1_256' title='bbox 491 2164 700 2214; x_wconf 86' lang='lat' dir='ltr'>vescatur,</span> <span class='ocrx_word' id='word_1_257' title='bbox 732 2161 856 2202; x_wconf 89' lang='lat' dir='ltr'>deum</span> <span class='ocrx_word' id='word_1_258' title='bbox 888 2161 1032 2202; x_wconf 86' lang='lat' dir='ltr'>credat</span> <span class='ocrx_word' id='word_1_259' title='bbox 1065 2162 1185 2203; x_wconf 79' lang='lat' dir='ltr'>esse?</span> <span class='ocrx_word' id='word_1_260' title='bbox 1233 2160 1346 2202; x_wconf 88' lang='lat' dir='ltr'>Nam</span> <span class='ocrx_word' id='word_1_261' title='bbox 1374 2175 1478 2215; x_wconf 83' lang='lat' dir='ltr'>quos</span> <span class='ocrx_word' id='word_1_262' title='bbox 1505 2161 1558 2202; x_wconf 88' lang='lat' dir='ltr'>ab</span> 
     </span>
     <span class='ocr_line' id='line_1_38' title="bbox 226 2217 1559 2275; baseline -0.002 -12"><span class='ocrx_word' id='word_1_263' title='bbox 226 2221 472 2263; x_wconf 87' lang='lat' dir='ltr'>hominibus</span> <span class='ocrx_word' id='word_1_264' title='bbox 511 2220 755 2275; x_wconf 85' lang='lat' dir='ltr'>pervenisse</span> <span class='ocrx_word' id='word_1_265' title='bbox 794 2217 896 2261; x_wconf 88' lang='lat' dir='ltr'>dicis</span> <span class='ocrx_word' id='word_1_266' title='bbox 930 2219 982 2260; x_wconf 90' lang='lat' dir='ltr'>ad</span> <span class='ocrx_word' id='word_1_267' title='bbox 1014 2219 1132 2274; x_wconf 90' lang='lat' dir='ltr'>deos,</span> <span class='ocrx_word' id='word_1_268' title='bbox 1172 2222 1220 2261; x_wconf 91' lang='lat' dir='ltr'>tu</span> <span class='ocrx_word' id='word_1_269' title='bbox 1251 2219 1400 2261; x_wconf 89' lang='lat' dir='ltr'>reddes</span> <span class='ocrx_word' id='word_1_270' title='bbox 1431 2219 1559 2261; x_wconf 88' lang='lat' dir='ltr'>ratio-</span> 
     </span>
     <span class='ocr_line' id='line_1_39' title="bbox 226 2277 1611 2334; baseline -0.004 -11"><span class='ocrx_word' id='word_1_271' title='bbox 226 2295 342 2334; x_wconf 82' lang='lat' dir='ltr'>nem,</span> <span class='ocrx_word' id='word_1_272' title='bbox 382 2294 507 2334; x_wconf 91' lang='lat' dir='ltr'>quem</span> <span class='ocrx_word' id='word_1_273' title='bbox 545 2278 598 2320; x_wconf 89' lang='lat' dir='ltr'>ad</span> <span class='ocrx_word' id='word_1_274' title='bbox 636 2278 808 2320; x_wconf 90' lang='lat' dir='ltr'>modum</span> <span class='ocrx_word' id='word_1_275' title='bbox 839 2278 883 2319; x_wconf 91' lang='lat' dir='ltr'>id</span> <span class='ocrx_word' id='word_1_276' title='bbox 914 2278 1006 2319; x_wconf 84' lang='lat' dir='ltr'>ficri</span> <span class='ocrx_word' id='word_1_277' title='bbox 1037 2279 1226 2333; x_wconf 87' lang='lat' dir='ltr'>potuerit</span> <span class='ocrx_word' id='word_1_278' title='bbox 1259 2281 1332 2320; x_wconf 91' lang='lat' dir='ltr'>aut</span> <span class='ocrx_word' id='word_1_279' title='bbox 1364 2293 1437 2319; x_wconf 88' lang='lat' dir='ltr'>cur</span> <span class='ocrx_word' id='word_1_280' title='bbox 1467 2277 1559 2319; x_wconf 73' lang='lat' dir='ltr'>fieri</span> <span class='ocrx_word' id='word_1_281' title='bbox 1578 2288 1611 2314; x_wconf 72' lang='lat'>35</span> 
     </span>
    </p>
   </div>
  </div>
 </body>
</html>
