1685 2568
371 136 458 171 LIB.
484 136 528 170 ΙΙ.
567 135 667 170 OAP.
693 140 843 170 41—44.
875 139 894 178 ὅ
921 139 1070 170 87-93.
1309 137 1395 178 229

62 234 105 274 et
141 231 194 273 ad
232 246 360 286 quam
399 231 576 285 quisque
609 245 805 271 maxume
837 244 927 272 rem
959 233 1086 285 aptus
1117 230 1287 272 futurus
1321 233 1396 285 sit;

62 292 211 343 cetera,
244 304 351 344 quae
383 289 677 344 profiteantur,
702 291 833 344 negat
858 289 947 330 ullo
974 289 1100 330 modo
1127 304 1253 343 posse
1280 290 1396 344 sciri3

62 348 217 390 etenim
255 348 523 403 geminorum
559 346 721 389 formas
760 361 851 388 esse
889 347 1062 401 similis,
1100 348 1235 389 vitam
1267 351 1395 402 atque

61 406 278 449 fortunam
316 406 566 460 plerumque
604 406 829 460 disparem.
884 404 1058 447 Procles
1090 409 1132 446 et
1163 406 1396 460 Eurysthe-

27 478 153 519 5nes,
189 464 623 506 Lacedaemoniorum
654 478 796 520 reges,
835 464 993 520 gemini
1023 463 1180 506 fratres
1211 464 1397 506 fuerunt.

61 524 122 566 At
156 523 188 564 ii
223 537 301 565 nec
337 523 518 564 totidem
551 537 685 564 annos
717 523 931 577 vixerunt3
968 537 1078 564 anno
1111 523 1224 564 enim
1255 523 1397 566 Procli
1422 532 1464 564 91

62 582 151 623 vita
182 581 353 623 brevior
377 581 471 635 fuit,
503 582 771 635 multumque
796 581 834 623 is
858 581 985 623 fratri
1010 596 1152 623 rerum
1178 585 1397 637 gestarum

62 640 201 696 gloria
231 640 462 695 praestitit.
512 640 573 680 At
598 654 677 695 ego
703 640 747 681 id
770 639 924 695 ipsum,
956 640 1068 695 quod
1093 640 1158 681 vir
1184 643 1399 696 optumus,

61 699 288 754 DiogeneS,
314 697 540 740 Chaldaeis
568 699 690 752 quasi
713 698 897 753 quadam
915 698 1282 753 praevaricatione
1302 714 1397 742 eon-

13 769 44 796 10
62 757 189 811 cedit,
226 771 336 812 nego
369 771 495 812 posse
527 757 735 812 intellegi.
790 757 963 798 Etenim
996 772 1108 812 cum,
1145 760 1194 799 ut
1224 758 1308 813 ipsi
1339 758 1398 800 di-

61 818 180 870 cunt,
223 818 343 857 ortus
383 815 652 857 nascentium
693 816 793 857 luna
833 816 1093 870 moderetur,
1138 831 1270 871 eaque
1312 817 1398 858 ani-

61 874 333 916 madvertant
364 877 408 916 et
438 877 590 916 notent
622 874 762 916 sidera
791 874 996 916 natalicia
1024 873 1240 929 Chaldaei,
1273 890 1397 930 quae-

62 947 240 988 cumque
272 933 399 974 lunae
430 933 577 975 iuncta
602 933 838 987 videantur,
870 933 1091 975 oculorum
1115 933 1396 976 fallacissimo

62 1006 187 1034 sensu
224 992 414 1034 iudicant
452 1006 517 1046 ea,
558 1007 665 1046 quae
704 992 870 1033 ratione
909 994 1037 1046 atque
1075 992 1217 1034 animo
1254 993 1397 1035 videre

11 1062 44 1088 15
62 1050 286 1093 debebant.
347 1050 483 1092 Docet
522 1051 634 1092 enim
666 1050 776 1091 ratio
809 1050 1231 1105 mathematicorum,
1269 1066 1396 1106 quam

60 1109 155 1151 istis
197 1112 348 1150 notam
386 1124 478 1150 esse
519 1109 769 1164 oportebat,
814 1112 976 1163 quanta
1012 1109 1257 1151 humilitate
1295 1111 1398 1152 luna

59 1168 223 1210 feratur
267 1170 428 1209 terram
471 1182 605 1222 paene
650 1167 921 1223 contingenS,
966 1170 1173 1222 quantum
1217 1169 1332 1210 absit
1373 1185 1398 1211 a

59 1241 268 1282 proxuma
298 1226 497 1268 Mercurii
529 1227 674 1279 stella,
713 1227 850 1268 multo
882 1229 1027 1268 autem
1058 1227 1229 1282 longius
1262 1242 1287 1268 a
1317 1226 1397 1269 Ve-

59 1285 186 1339 neris,
213 1285 361 1326 deinde
387 1285 473 1326 alio
500 1285 729 1326 intervallo
756 1285 887 1326 distet
913 1300 939 1326 a
965 1285 1067 1339 sole,
1093 1285 1211 1327 cuius
1237 1286 1396 1328 lumine

61 1344 318 1387 conlustrari
342 1346 538 1398 putatur3
563 1343 730 1397 reliqua
754 1358 854 1385 vero
874 1343 959 1385 tria
978 1344 1210 1386 intervalla
1228 1344 1397 1386 infinita

61 1405 103 1445 et
132 1403 338 1455 inmensa,
371 1418 396 1443 a
427 1403 518 1444 sole
550 1403 603 1444 ad
628 1401 794 1455 Martis,
825 1402 922 1443 inde
948 1402 1001 1444 ad
1026 1401 1154 1457 Iovis,
1187 1403 1240 1444 ab
1268 1418 1316 1445 eo
1344 1404 1397 1445 ad

61 1459 233 1504 Saturni
271 1461 462 1515 stellam,
499 1461 595 1502 inde
635 1461 687 1502 ad
725 1461 891 1502 caelum
921 1461 1080 1516 ipsum,
1119 1462 1232 1516 quod
1263 1465 1397 1504 extre-

61 1535 177 1562 mum
214 1522 344 1574 atque
379 1521 594 1562 ultumum
626 1520 773 1561 mundi
804 1522 881 1561 est.
939 1519 1055 1569 Quae
1087 1522 1232 1574 potest
1262 1520 1397 1576 igitur
1422 1529 1466 1561 92

61 1579 260 1634 contagio
299 1593 349 1620 ex
379 1578 547 1620 infinito
579 1593 713 1633 paene
744 1578 975 1620 intervallo
1006 1578 1220 1634 pertinere
1252 1581 1305 1622 ad
1336 1580 1397 1622 lu-

29 1647 161 1680 ⁵nam
191 1638 260 1678 vel
291 1637 436 1692 potius
469 1637 522 1679 ad
553 1637 743 1679 terram?

147 1695 285 1745 Quid?
323 1711 419 1738 cum
452 1696 614 1751 dicunt,
643 1696 687 1737 id
719 1696 832 1750 quod
861 1696 914 1737 iis
948 1696 1085 1738 dicere
1115 1711 1287 1739 necesse
1319 1700 1396 1751 est,
1410 1698 1468 1740 44

61 1755 198 1797 omnis
237 1755 428 1796 omnium
466 1757 604 1809 ortus,
643 1755 896 1809 quicumque
935 1755 1171 1810 gignantur
1204 1755 1250 1797 in
1281 1756 1398 1798 omni

0 1834 1 1854 ι
61 1815 186 1868 terra,
213 1828 320 1868 quae
346 1814 571 1867 incolatur,
601 1813 771 1855 eosdem
797 1828 900 1867 esse,
927 1814 1159 1868 eademque
1185 1815 1398 1869 omnibus,

0 1890 3 1916 ι
62 1872 133 1927 qui
164 1873 311 1914 eodem
344 1875 461 1914 statu
493 1872 600 1914 caeli
632 1874 674 1914 et
706 1873 932 1914 stellarum
957 1872 1050 1914 nati
1077 1873 1175 1928 sint,
1208 1873 1397 1915 accidere

28 1940 229 1973 onecesse
261 1945 371 1985 esse,
407 1946 548 1973 nonne
581 1931 670 1972 eius
702 1931 818 1973 modi
849 1933 967 1985 sunt,
1005 1934 1055 1973 ut
1084 1946 1137 1973 ne
1168 1932 1276 1974 caeli
1309 1932 1397 1987 qui-

62 1989 156 2031 dem
191 1992 391 2031 naturam
427 1990 685 2045 interpretes
722 1990 830 2031 istos
862 1990 970 2032 caeli
999 2004 1127 2032 nosse
1159 1992 1396 2046 appareat?

61 2046 168 2090 Cum
200 2048 312 2090 enim
343 2048 410 2090 illi
442 2049 585 2103 orbes,
618 2049 690 2103 qui
722 2049 887 2090 caelum
919 2049 1042 2103 quasi
1074 2049 1261 2090 medium
1293 2049 1396 2091 divi-

61 2106 166 2148 dunt
205 2110 248 2149 et
289 2110 510 2162 aspectum
549 2110 747 2149 nostrum
789 2107 1012 2162 definiunt,
1053 2107 1126 2162 qui
1164 2123 1189 2150 a
1221 2107 1395 2150 Graecis

61 2161 279 2218 ὁρίζοντες
314 2166 608 2219 nominantur,
648 2181 674 2207 a
709 2166 834 2208 nobis
864 2166 1112 2208 finientes
1144 2167 1394 2208 rectissume

0 2232 1 2236 ’
59 2224 271 2266 nominari
301 2227 495 2279 possunt,
525 2225 779 2266 varietatem
811 2240 1056 2266 maxumam
1087 2225 1275 2267 habeant
1307 2225 1395 2266 alii-

4 2289 7 2294 '
61 2296 140 2337 que
176 2283 220 2324 in
258 2284 353 2325 aliis
390 2284 498 2325 locis
536 2283 640 2337 sint,
677 2298 849 2325 necesse
887 2286 953 2325 est
984 2286 1103 2325 ortus
1136 2297 1393 2337 occasusque

0 2377 4 2390 ὲ
60 2340 244 2383 siderum
275 2356 362 2383 non
393 2342 485 2383 fieri
511 2342 659 2384 eodem
685 2345 877 2397 tempore
904 2342 1016 2397 apud
1042 2341 1192 2384 omnis.
1234 2340 1393 2390 Quodsi
1419 2348 1462 2380 93
