1685 2568
254 81 312 121 44
665 79 729 114 DE
754 79 956 114 NATURA
982 78 1185 113 DEORUM

255 176 417 217 tionem
457 178 500 217 et
536 175 872 217 benivolentiam
910 175 1089 230 ponitis!
1152 173 1214 216 Ut
1252 174 1363 215 enim
1396 175 1595 216 omittam

256 235 343 276 vim
376 237 418 276 et
448 237 648 275 naturam
681 234 867 287 deorum,
898 248 950 274 ne
982 233 1177 274 homines
1205 233 1375 286 quidem
1402 233 1595 287 censetis,

255 294 339 334 nisi
388 293 578 334 inbecilli
623 295 781 347 essent,
830 292 998 333 futuros
1043 292 1254 332 beneficos
1301 294 1342 332 et
1385 291 1594 347 benignos

256 352 417 393 fuisse?
468 351 602 392 Nulla
634 354 699 392 est
731 351 887 392 caritas
919 350 1130 391 naturalis
1162 350 1275 390 inter
1299 350 1464 391 bonos?
1506 349 1595 392 Ca·
1684 391 1685 394 ,

258 426 363 452 rum
395 411 537 464 ipsum
568 409 747 450 verbum
779 411 844 449 est
876 409 1049 462 amoris,
1082 424 1131 450 ex
1164 422 1246 462 quo
1280 408 1492 449 amicitiae
1523 423 1595 449 no-
1631 420 1649 446 5
1684 418 1685 422 ’

258 483 355 510 111611
394 471 459 509 est
497 468 689 520 ductum3
728 482 855 521 quam
895 467 931 508 si
963 467 1016 508 ad
1045 467 1233 508 fructum
1263 469 1461 508 nostrum
1492 466 1595 508 refe-

258 541 416 579 remus,
454 541 541 567 non
572 526 627 567 ad
651 525 769 566 illius
803 526 1041 579 commoda,
1074 540 1200 580 quem
1233 525 1479 581 diligemus,
1510 539 1597 566 non

258 586 339 627 erit
376 586 461 626 ista
494 584 701 638 amicitia,
741 584 814 625 sed
845 587 1085 625 mercatura
1118 584 1326 638 quaedam
1358 584 1597 624 utilitatum

259 659 444 685 suarum.
493 643 626 684 Prata
658 645 700 683 et
732 657 836 684 arva
867 645 909 683 et
940 643 1147 697 pecudum
1180 657 1332 698 greges
1360 642 1597 698 diliguntur

258 703 343 744 isto
382 702 527 756 modo,
570 701 683 756 quod
719 701 884 742 fructus
924 716 973 742 ex
1005 701 1057 742 iis
1090 702 1334 756 capiuntur,
1374 700 1596 742 hominum
1617 714 1649 739 ιο

259 761 416 803 caritas
451 763 494 802 et
526 760 716 801 amicitia
748 760 940 815 gratuita
972 762 1047 800 est.
1099 759 1267 808 Quanto
1299 760 1433 815 igitur
1457 759 1597 814 magis

260 821 452 872 deorum,
498 819 569 873 qui
609 818 730 859 nulla
760 833 805 859 re
839 820 1012 873 egentes
1046 821 1088 859 et
1118 819 1230 860 'mter
1261 833 1305 859 se
1339 819 1524 873 diligunt
1555 820 1599 858 et

259 878 506 920 hominibus
547 877 794 919 consulunt!
857 876 965 925 Quid
1002 877 1047 918 ni
1084 877 1146 917 ita
1184 877 1256 930 sit,
1295 877 1395 931 quid
1428 891 1598 918 venera-

260 952 372 990 mur,
412 937 513 990 quid
545 950 769 991 precamur
802 935 930 976 deos?
975 950 1049 976 cur
1081 935 1212 977 sacris
1244 936 1486 989 pontifices,
1525 949 1599 977 cur

260 995 461 1050 auspiciis
501 1009 685 1050 augures
723 995 956 1049 praesunt?
998 994 1098 1048 quid
1131 997 1328 1048 optamus
1362 1009 1387 1035 a
1418 994 1506 1034 deis
1538 994 1597 1034 in—
1618 1005 1650 1031 15

260 1054 546 1096 mortalibus?
558 1029 681 1107 C>quid
712 1053 945 1094 vovemus?
1007 1052 1067 1092 At
1100 1053 1230 1093 etiam
1263 1053 1372 1094 liber
1404 1055 1469 1094 est
1500 1052 1599 1106 Epi-

194 1113 368 1155 12361111
401 1113 451 1153 de
484 1112 724 1153 sanctitate.
774 1111 981 1152 Ludimur
1013 1112 1066 1152 ab
1098 1111 1270 1152 homine
1301 1126 1388 1152 non
1418 1113 1509 1152 tam
1539 1111 1600 1151 fa-

260 1175 354 1214 ceto
388 1186 516 1225 quam
549 1171 602 1212 ad
634 1170 846 1212 scribendi
878 1170 1097 1211 licentiam
1129 1170 1276 1211 libero.
1337 1169 1453 1218 Quae
1487 1169 1599 1210 enim

260 1233 404 1285 potest
431 1244 523 1270 esse
551 1229 771 1283 sanctitas,
798 1229 833 1270 si
860 1229 926 1269 dei
952 1229 1140 1269 humana
1165 1243 1252 1269 non
1278 1229 1458 1269 curant?
1492 1242 1598 1282 quae

261 1292 405 1330 autem
438 1288 632 1329 animans
664 1290 821 1328 natura
844 1287 953 1328 nihil
981 1287 1162 1328 curans?
1194 1286 1349 1328 Verius
1376 1289 1442 1328 est
1466 1287 1600 1342 igitur
1619 1299 1653 1324 20
1680 1298 1683 1324 ε

259 1347 462 1388 1111111111111
500 1347 626 1399 illud,
665 1346 779 1400 quod
815 1345 1041 1387 familiaris
1075 1346 1264 1387 omnium
1295 1348 1491 1386 nostrum
1522 1345 1601 1386 Po-

262 1406 451 1446 sidonius
491 1405 693 1446 disseruit
730 1405 774 1445 in
812 1405 923 1446 libro
963 1405 1112 1458 quinto
1145 1404 1194 1447 de
1225 1406 1382 1445 natura
1414 1404 1601 1458 deorum,

259 1465 403 1506 nullos
447 1478 539 1505 esse
581 1464 681 1505 deos
713 1463 900 1518 Epicuro
938 1463 1089 1516 videri,
1132 1477 1322 1516 quaeque
1359 1463 1395 1504 is
1429 1463 1478 1504 de
1511 1463 1600 1503 deis

261 1523 566 1564 inmortalibus
612 1522 782 1575 dixerit,
826 1522 1010 1562 invidiae
1049 1521 1324 1562 detestandae
1363 1522 1504 1577 gratia
1543 1522 1600 1562 di-

261 1583 385 1623 xisse.
447 1580 596 1635 Neque
629 1580 742 1622 enim
775 1583 867 1622 tam
899 1580 1110 1634 desipiens
1142 1580 1312 1633 fuisset,
1345 1584 1392 1621 ut
1422 1580 1598 1621 homun-
1619 1591 1651 1617 2⁵

262 1641 346 1682 culi
380 1640 564 1681 similem
597 1639 721 1680 deum
753 1639 953 1694 fingeret,
985 1639 1247 1680 liniamentis
1280 1639 1503 1680 dumtaxat
1534 1653 1600 1680 ex-

260 1699 422 1752 tremiS,
456 1713 542 1740 non
568 1698 720 1740 habitu
748 1698 897 1752 solido,
929 1698 1133 1739 membris
1153 1697 1338 1739 hominis
1359 1698 1599 1752 praeditum
1672 1718 1675 1758 5

263 1758 474 1811 omnibus,
505 1771 585 1798 usu
618 1757 908 1798 membrorum
939 1771 992 1797 ne
1025 1756 1201 1798 minimo
1235 1757 1415 1810 quidem,
1448 1757 1599 1797 exilem
1673 1768 1675 1770 ’

263 1817 473 1871 quendam
508 1818 635 1870 atque
661 1816 938 1870 perlucidum,
969 1815 1078 1856 nihil
1105 1815 1302 1869 cuiquam
1328 1815 1599 1868 tribuentem,

261 1875 369 1916 nihil
397 1874 726 1929 gratificantem,
759 1874 930 1916 omnino
956 1874 1065 1914 nihil
1085 1876 1317 1928 curantem,
1347 1874 1454 1914 nihil
1476 1888 1599 1928 agen-
1619 1884 1653 1910 3⁰

262 1937 360 1975 tem.
425 1932 540 1981 Quae
577 1936 733 1974 natura
771 1933 957 1988 primum
995 1933 1116 1974 nulla
1153 1947 1244 1973 esse
1275 1935 1436 1987 potest,
1476 1933 1600 1986 idque

263 1992 410 2033 videns
457 1991 669 2046 Epicurus
720 2006 764 2032 re
809 1991 945 2044 tollit,
993 1991 1185 2032 oratione
1235 1991 1440 2044 relinquit
1484 1991 1602 2044 deos3

197 2059 262 2090 124
283 2050 444 2103 deinde,
473 2051 509 2091 si
535 2051 718 2091 maxime
745 2050 846 2091 talis
874 2053 938 2090 est
959 2049 1072 2102 deus,
1097 2052 1145 2090 ut
1164 2050 1284 2090 nulla
1305 2050 1456 2104 gratia,
1481 2050 1602 2090 nulla

263 2109 486 2150 hominum
525 2109 705 2150 caritate
737 2111 951 2162 teneatur,
990 2108 1150 2161 valeat3
1189 2108 1289 2162 quid
1321 2108 1433 2149 enim
1465 2108 1601 2150 dicam

261 2167 495 2222 ‘propitius
537 2167 644 2208 sit'?
705 2166 812 2208 Esse
851 2167 962 2207 enim
1000 2166 1212 2221 propitius
1250 2168 1395 2221 potest
1431 2166 1601 2220 1161111111,
1619 2174 1650 2203 35

260 2225 474 2280 quoniam,
505 2228 554 2266 ut
587 2225 742 2279 dicitis,
775 2225 914 2266 omnis
947 2225 990 2265 in
1022 2225 1303 2266 inbccillitate
1337 2227 1402 2266 est
1433 2228 1475 2266 et
1507 2239 1600 2281 gra·
1671 2223 1672 2275 }

260 2285 322 2326 tia
353 2287 395 2326 et
427 2284 594 2326 caritas
1670 2296 1671 2300 ¹
