1685 2568
349 98 438 134 LIB.
466 99 492 134 I.
521 98 621 134 CAP.
649 102 799 134 53—55.
832 102 852 141 ἓ
881 103 1075 136 120-125,
1305 101 1385 142 191

49 197 162 237 runt.
212 193 428 249 Scriptum
455 197 521 236 est
545 194 661 247 item,
686 207 782 235 cum
809 191 1010 248 Critonis,
1044 195 1110 235 sui
1134 194 1374 247 familiaris,
1392 206 1457 237 123

50 254 220 296 oculum
241 254 471 309 alligatum
497 253 687 306 vidisset,
713 252 987 307 quaesivisse,
1015 253 1116 307 quid
1136 256 1267 308 esset3
1294 268 1389 295 cum

50 315 194 355 autem
225 312 299 353 ille
338 312 630 367 respondisset
667 311 711 351 in
749 325 854 366 agro
894 312 1135 353 ambulanti
1172 312 1389 353 ramulum

50 371 291 425 adductum,
323 373 372 412 ut
394 370 597 412 remissus
618 372 744 423 esset,
769 369 814 410 in
834 370 1005 411 oculum
1031 385 1155 412 suum
1175 370 1388 425 recidisse,

14 441 30 468 5
49 433 142 471 tum
163 428 379 471 Socrates:
406 428 538 471 ‘Non
563 428 693 470 enim
719 428 942 483 paruisti
962 429 1087 470 mihi
1105 430 1389 482 revocanti,

50 503 157 531 cum
195 491 385 541 uterer,
427 502 523 542 qua
561 487 720 542 soleo,
759 487 1149 542 praesagitione
1188 487 1387 529 divina.2

49 547 169 589 Idem
201 547 331 588 etiam
363 545 573 600 Socrates,
606 561 702 588 cum
734 546 846 601 apud
877 545 1050 588 Delium
1082 546 1194 588 male
1226 560 1389 602 pugna-

48 609 142 647 tum
183 608 296 647 esset
326 604 512 646 Lachete
543 607 742 659 praetore
772 604 1025 660 fugeretque
1058 619 1154 647 cum
1184 605 1280 660 ipso
1311 604 1390 647 La-

48 665 188 718 chete,
225 666 273 705 ut
310 665 486 706 ventum
524 666 590 704 est
620 664 666 705 in
696 663 890 717 trivium,
928 664 1094 718 eadem,
1132 679 1216 718 qua
1248 664 1390 719 ceteri,
1677 675 1685 720 t

47 723 197 779 fugere
235 722 386 764 noluit.
449 721 611 771 Quibus
651 722 971 777 quaerentibus,
1012 737 1085 764 cur
1121 737 1210 764 non
1242 723 1390 764 eadem
1677 730 1683 787 ‘f

47 782 118 824 via
148 784 360 837 pergeret,
393 781 598 822 deterreri
630 796 675 823 se
708 796 733 822 a
764 781 841 823 deo
868 781 993 835 dixit3
1025 796 1120 823 cum
1151 781 1322 836 quidem
1347 782 1390 835 ii,

48 841 121 895 qui
147 841 233 882 alia
258 840 329 882 via
351 839 567 896 fugerant,
592 840 637 881 in
662 840 853 882 hostium
878 840 1119 895 equitatum
1138 840 1390 882 inciderunt.

46 899 271 941 Permulta
302 899 495 941 conlecta
521 901 620 940 sunt
646 899 700 941 ab
721 898 967 954 Antipatro,
1000 914 1107 953 quae
1134 899 1391 941 mirabiliter

49 973 74 1000 a
94 957 269 1000 Socrate
296 958 488 1000 divinata
508 960 625 1011 sunt,
658 972 765 1012 quae
785 958 1150 1013 praetermittam3
1175 958 1257 999 tibi
1277 958 1391 999 enim

47 1019 153 1059 nota
191 1019 308 1071 sunt,
345 1017 452 1058 mihi
483 1017 538 1058 ad
569 1017 989 1058 commemorandum
1019 1031 1107 1058 non
1136 1017 1389 1059 necessaria.

46 1075 164 1117 Illud
194 1078 341 1117 tamen
372 1075 461 1116 eius
493 1075 743 1130 philosophi
775 1076 1051 1130 magnificum
1078 1090 1125 1117 ac
1151 1090 1286 1130 paene
1314 1076 1372 1117 di·
1394 1083 1462 1116 124

48 1135 214 1188 vinum,
254 1134 384 1188 quod,
422 1149 518 1176 cum
554 1133 699 1188 impiis
738 1134 964 1175 sententiis
1003 1134 1232 1175 damnatus
1266 1137 1391 1189 esset,

49 1193 309 1247 aequissimo
351 1193 494 1234 animo
536 1207 580 1234 se
619 1192 727 1233 dixit
764 1193 891 1247 mori,
934 1205 1072 1247 neque
1112 1193 1225 1234 enim
1264 1193 1390 1235 domo

49 1251 286 1308 egredienti
315 1266 452 1306 neque
483 1251 593 1292 illud
624 1254 897 1307 suggestum,
933 1251 979 1292 in
1011 1266 1094 1306 quo
1127 1266 1301 1293 causam
1333 1251 1391 1293 di-

47 1313 182 1365 xerat,
213 1310 459 1352 ascendenti
491 1310 662 1365 signum
694 1310 777 1351 sibi
807 1311 957 1363 ullum,
990 1310 1103 1365 quod
1130 1313 1390 1365 consuesset,

48 1385 74 1412 a
105 1370 182 1411 deo
217 1369 339 1423 quasi
370 1369 475 1410 mali
506 1369 684 1411 alicuius
716 1369 988 1423 inpendentis
1022 1369 1181 1410 datum.

135 1428 346 1483 Equidem
384 1427 445 1470 sic
482 1427 686 1481 arbitryoi
725 1427 896 1469 etiamsi
934 1428 1073 1469 multa
1108 1427 1268 1469 fallant
1305 1443 1390 1483 eOS,
1406 1431 1496 1495 55

49 1487 122 1543 qui
163 1490 237 1529 aut
276 1489 368 1528 arte
406 1489 481 1529 aut
512 1461 757 1528 coniectiira
789 1486 980 1528 divinare
1012 1487 1256 1541 videantur,
1299 1501 1391 1528 esse

48 1549 194 1588 tamen
226 1546 553 1612 divinationem3
584 1545 780 1587 homines
812 1548 969 1600 autem,
1000 1548 1050 1586 ut
1077 1546 1123 1587 in
1148 1521 1300 1588 ceteris
1328 1561 1392 1587 ar-

48 1606 184 1659 tibus,
218 1605 278 1646 sic
309 1604 354 1645 in
384 1604 466 1646 hac
496 1618 622 1659 posse
652 1604 760 1646 falli.
820 1604 972 1646 Potest
1004 1604 1204 1658 accidere,
1236 1607 1285 1645 ut
1317 1604 1392 1646 ali-

50 1664 164 1720 quod
207 1664 379 1719 signum
421 1663 546 1704 dubie
588 1663 735 1705 datum
776 1661 857 1719 pro
900 1666 1016 1705 certo
1059 1665 1116 1705 sit
1157 1666 1391 1718 acceptum,

49 1725 195 1779 potest
226 1722 400 1777 aliquod
431 1722 611 1763 latuisse
644 1725 718 1764 aut
748 1722 903 1777 ipsum,
936 1725 1010 1764 aut
1042 1722 1156 1777 quod
1188 1725 1301 1764 esset
1325 1722 1392 1763 illi

51 1781 321 1824 contrarium.
371 1780 480 1822 Mihi
512 1783 656 1823 autem
689 1781 743 1823 ad
767 1781 860 1836 hoc,
892 1781 942 1823 de
970 1796 1053 1836 quo
1080 1781 1264 1836 disputo,
1296 1795 1392 1835 pro-

49 1841 239 1882 bandum
270 1840 377 1882 satis
409 1842 475 1881 est
499 1854 587 1882 non
611 1840 737 1882 modo
763 1840 900 1895 plura,
933 1840 1007 1882 sed
1032 1840 1163 1881 etiam
1188 1840 1392 1895 pauciora

51 1899 192 1941 divine
234 1913 466 1955 praesensa
510 1901 553 1940 et
589 1899 809 1954 praedicta
845 1899 1036 1954 reperiri.
1098 1898 1210 1947 Quin
1248 1899 1379 1940 etiam
1397 1906 1462 1937 125

50 1958 132 2000 hoc
173 1972 260 2000 non
300 1958 500 2000 dubitans
542 1957 738 2013 dixerim,
783 1958 820 1999 si
859 1972 991 2000 unum
1033 1958 1196 2012 aliquid
1235 1958 1298 1999 ita
1336 1957 1392 1998 sit

49 2016 315 2072 praedictum
346 2031 725 2071 praesensumque,
762 2020 828 2071 ut,
868 2032 963 2059 cum
995 2017 1201 2071 evenerit,
1233 2017 1296 2058 ita
1328 2032 1393 2058 ca-

41 2076 136 2129 dat,
168 2078 217 2116 ut
246 2076 513 2130 praedictum
545 2076 613 2130 sit,
645 2090 782 2130 neque
813 2076 858 2116 in
891 2090 939 2117 eo
967 2075 1196 2130 quicquam
1223 2090 1324 2117 casu
1350 2078 1393 2116 et

48 2134 230 2176 fortuito
255 2134 419 2176 factum
445 2149 537 2176 esse
564 2137 784 2190 appareat,
817 2149 909 2176 esse
936 2137 1048 2177 certe
1070 2134 1391 2188 divinationem,

0 2221 4 2228 ι
49 2193 177 2248 idque
209 2207 300 2234 esse
333 2192 529 2234 omnibus
562 2194 860 2236 confitendum.

139 2251 347 2300 Quociica
371 2251 556 2306 primum
583 2252 688 2294 mihi
714 2253 894 2306 videtur,
926 2255 974 2294 ut
992 2252 1249 2305 Posidonius
1275 2251 1391 2304 facit,

51 2325 76 2352 a
106 2310 198 2367 deo
230 2310 281 2351 de
314 2324 396 2364 quo
431 2310 536 2351 satis
569 2311 729 2353 dictum
761 2313 838 2365 est,
871 2287 1019 2353 deinde
1052 2326 1077 2353 a
1106 2300 1210 2365 fato,
1242 2309 1390 2351 deinde
