1685 2568
189 359 232 389 33

196 942 337 982 15nec
382 937 608 991 quicquam
653 936 741 977 eius
780 935 906 977 modi.
968 934 1190 989 Quocirca,
1235 934 1271 975 si
1308 934 1481 989 Stoicis,
1525 934 1598 988 qui

192 1357 238 1387 34

195 2060 240 2093 35

259 80 344 120 264
822 77 886 112 DE
912 77 1035 112 FATO

259 190 351 217 esse
391 175 561 230 possint
598 174 806 228 intellegi.
866 173 1018 228 Itaque
1057 173 1225 214 dicebat
1263 172 1502 214 Carneades
1537 188 1592 215 ne

258 234 507 289 Apollinem
549 233 718 288 quidem
757 233 904 273 futura
940 246 1066 286 posse
1104 231 1241 272 dicere
1271 231 1356 272 nisi
1387 246 1452 285 ea,
1493 246 1592 286 quo-

259 308 354 334 rum
386 307 536 334 causas
566 294 723 333 natura
753 291 816 332 ita
847 291 1100 344 contineret,
1140 292 1188 331 ut
1220 304 1269 331 ea
1299 290 1392 331 fieri
1421 305 1591 332 necesse

260 354 383 393 esset.
440 350 550 399 Quid
587 350 700 391 enim
738 352 935 404 spectans
973 349 1074 390 deus
1105 348 1197 402 ipse
1230 348 1387 389 diceret
1417 348 1592 390 Marcel-

259 411 348 451 lum
375 425 482 463 eum,
516 409 588 463 qui
613 411 679 449 ter
705 408 853 449 consul
877 407 972 461 fuit,
1002 407 1048 447 in
1073 407 1183 448 mari
1209 421 1300 448 esse
1326 407 1591 461 periturum?
1629 419 1645 445 5
1684 416 1685 419 ’

258 469 366 510 Erat
396 468 478 509 hoc
510 467 682 521 quidem
713 481 861 507 verum
893 480 944 506 ex
975 465 1241 519 aeternitate,
1274 465 1347 506 sed
1375 480 1524 507 causas
1549 464 1594 506 id

261 526 484 569 efficientis
515 540 602 567 non
633 525 833 566 habebat.
881 523 951 566 Ita
980 539 1034 565 ne
1064 524 1300 579 praeterita
1332 524 1501 578 quidem
1533 539 1594 578 ea,

260 600 441 639 quorum
473 584 594 625 nulla
620 584 745 639 signa
770 586 991 637 tamquam
1016 582 1201 637 vestigia
1227 585 1432 635 extarent,
1463 582 1595 648 Apol-

260 645 338 686 lini
363 646 467 685 nota
494 657 585 684 esse
612 642 831 696 censebat,
864 656 947 696 quo
967 642 1107 682 minus
1126 642 1289 682 futura!
1322 641 1460 682 causis
1482 641 1594 682 enim

261 702 543 744 efficientibus
571 715 782 756 quamque
808 715 898 742 rem
925 700 1108 755 cognitis
1133 714 1259 754 posse
1286 700 1465 754 denique
1485 699 1595 753 sciri,
1615 712 1647 738 10

261 762 362 816 quid
398 760 592 801 futurum
631 762 752 801 esset.
807 759 925 814 Ergo
963 774 1040 800 nec
1078 759 1127 800 de
1160 758 1373 813 Oedipode
1404 758 1596 813 potuisse

260 820 508 875 Apollinem
551 818 794 874 praedicere
836 818 969 859 nullis
1005 817 1052 858 in
1087 832 1228 858 rerum
1264 820 1420 858 natura
1457 816 1596 859 causis

261 878 539 933 praepositis,
577 892 651 919 cur
689 877 742 918 ab
779 891 827 918 eo
859 879 1028 932 patrem
1058 876 1240 918 interfici
1270 890 1441 917 necesse
1473 877 1597 928 esset,

263 996 407 1038 omnia
436 995 529 1037 fato
561 995 655 1036 fieri
687 995 844 1048 dicunt,
876 996 1208 1036 consentaneum
1240 996 1305 1034 est
1330 993 1455 1034 huius
1482 992 1598 1034 modi
1617 1003 1650 1030 1⁵

262 1055 407 1097 oracla
433 1057 669 1108 ceteraque,
701 1068 808 1107 quae
835 1068 860 1094 a
887 1052 1149 1094 divinatione
1170 1052 1390 1106 ducuntur,
1423 1065 1599 1106 conpro-

262 1115 383 1168 bare,
419 1113 472 1154 iis
505 1115 665 1166 autem,
704 1112 793 1166 qui,
829 1126 936 1166 quae
967 1111 1114 1152 futura
1146 1113 1262 1164 sunt,
1294 1125 1344 1152 ea
1374 1125 1476 1152 vera
1507 1124 1599 1151 esse

263 1187 313 1214 ex
351 1172 606 1214 aeternitate
646 1171 807 1224 dicunt,
848 1185 936 1212 non
967 1170 1079 1211 idem
1112 1170 1334 1211 dicendum
1367 1171 1450 1223 est,
1489 1168 1598 1222 vide,

262 1246 315 1273 ne
339 1246 426 1272 non
452 1231 599 1271 eadem
626 1229 684 1270 sit
708 1229 882 1270 illorum
908 1243 1035 1270 001180
1062 1231 1104 1269 et
1126 1226 1384 1282 Stoicorum,
1414 1227 1461 1269 hi
1487 1227 1599 1268 enim

262 1291 501 1345 urguentur
545 1288 788 1344 angustiUS,
831 1288 1005 1329 illorum
1049 1287 1159 1328 ratio
1199 1288 1340 1328 soluta
1378 1301 1426 1328 ac
1463 1286 1601 1327 libera
1619 1298 1652 1324 20

264 1351 340 1390 est.
391 1347 551 1396 Quodsi
583 1347 839 1388 concedatur
869 1346 978 1387 nihil
1009 1360 1135 1401 posse
1168 1346 1335 1387 evenire
1363 1345 1447 1386 nisi
1473 1359 1601 1386 causa
1656 1386 1658 1390 ,

264 1407 558 1459 antecedente,
597 1406 699 1460 quid
729 1405 996 1460 proficiatur,
1029 1405 1065 1445 si
1097 1419 1146 1446 ea
1177 1419 1305 1446 causa
1335 1419 1422 1445 non
1454 1418 1503 1444 ex
1536 1418 1601 1444 ae-

262 1466 397 1507 ternis
431 1465 569 1507 causis
602 1467 704 1519 apta
735 1464 929 1505 dicatur?
973 1462 1113 1506 Causa
1145 1465 1288 1504 autem
1315 1478 1364 1503 ea
1391 1465 1467 1516 est,
1494 1476 1601 1516 quae

263 1525 307 1566 id
339 1524 487 1578 efficit,
519 1523 637 1565 cuius
670 1526 735 1564 est
768 1537 912 1576 causa,
944 1525 992 1563 ut
1022 1523 1176 1564 vulnus
1210 1522 1380 1575 mortis,
1413 1521 1600 1562 cruditas

264 1583 422 1637 morbi,
459 1582 573 1638 ignis
613 1581 790 1623 ar·doris.
846 1580 998 1635 Itaque
1036 1595 1123 1622 non
1155 1581 1215 1622 sic
1247 1595 1376 1622 causa
1406 1579 1600 1634 intellegi
1621 1590 1653 1617 25

265 1643 403 1696 debet,
436 1644 496 1695 1113,
529 1641 643 1695 quod
674 1641 825 1694 cuique
857 1640 1092 1694 antecedat,
1124 1639 1167 1680 id
1199 1639 1237 1680 ei
1269 1653 1398 1681 causa
1429 1638 1496 1692 8113,
1529 1637 1603 1679 sed

265 1701 379 1756 quod
404 1700 554 1754 cuique
581 1699 813 1741 efficienter
833 1699 1067 1752 antecedat,
1093 1713 1182 1752 nee,
1209 1698 1351 1752 quod
1341 1713 1385 1738 m
1405 1711 1602 1752 campum

266 1759 573 1813 descenderim,
610 1758 654 1799 id
684 1758 816 1799 fuisse
849 1772 1019 1809 causae,
1058 1772 1132 1798 cur
1162 1757 1252 1811 pila
1288 1756 1495 1810 luderem,
1526 1770 1603 1797 nec

264 1817 488 1861 Hecubam
520 1832 693 1859 causam
724 1816 921 1857 interitus
953 1816 1086 1856 fuisse
1118 1815 1327 1868 Troianis,
1362 1815 1474 1869 quod
1506 1814 1603 1856 Ale-

265 1877 475 1919 xandrum
503 1875 710 1932 genuerit,
742 1889 819 1916 nec
845 1874 1116 1928 Tyndareum
1136 1873 1464 1929 Agamemnoni,
1491 1872 1603 1927 quod
1623 1883 1655 1910 ³0

267 1935 668 1990 Clytaemnestram.
718 1933 812 1975 Hoc
845 1933 957 1974 enim
984 1933 1110 1975 modo
1136 1933 1278 1974 viator
1305 1946 1471 1987 quoque
1497 1932 1604 1972 bene

266 1995 449 2037 vestitus
494 2008 623 2035 causa
667 1992 905 2048 grassatori
948 1992 1080 2032 fuisse
1125 1991 1304 2045 dicetur,
1348 2005 1421 2032 cur
1459 1990 1513 2032 ab
1556 2004 1604 2031 eo

268 2053 538 2109 spoliaretur.
599 2051 666 2093 Ex
698 2052 779 2093 hoc
811 2065 965 2105 genere
996 2050 1104 2091 illud
1137 2053 1202 2091 est
1233 2049 1379 2090 Ennii:

314 2111 522 2154 Utinam
553 2126 611 2152 ne
643 2110 694 2151 in
724 2124 927 2151 nemore
958 2109 1103 2150 Pelio
1136 2109 1401 2150 securibus

315 2170 503 2212 Caesae
525 2169 837 2210 accidissent
857 2167 1105 2223 abiegnae
1126 2167 1184 2208 ad
1204 2167 1393 2208 terram
1413 2166 1606 2208 trabes!
1626 2174 1656 2203 85

268 2229 408 2271 Licuit
440 2228 508 2269 vel
541 2228 689 2269 altius:
723 2226 923 2268 ‘Utinam
953 2241 1006 2268 ne
1038 2226 1083 2266 in
1113 2225 1233 2267 Pelio
1264 2228 1369 2266 nata
1400 2225 1489 2266 ulla
1518 2240 1607 2266 um·
1659 2227 1663 2234 ”

269 2303 398 2343 quam
442 2289 554 2328 esset
591 2285 760 2328 arborl'
806 2285 936 2327 etiam
975 2300 1120 2340 supra:
1166 2284 1366 2326 ‘Utinam
1402 2298 1456 2325 ne
1494 2285 1608 2325 esset
