1685 2568
247 63 268 102 1
277 62 330 102 70
705 60 768 95 DE
795 59 1116 95 DIVINATIONE

244 157 395 212 adfert7
421 157 637 199 Rhodium
668 156 879 222 quendam
905 154 1160 197 morientem
1186 170 1260 198 sex
1285 156 1485 222 aequales
1509 170 1584 199 no-

243 217 428 258 minasse
461 218 504 257 et
535 216 708 270 dixisse7
750 215 823 270 qui
853 215 1016 270 primus
1050 229 1214 269 eorum,
1253 214 1326 269 qui
1364 214 1584 269 secundus,

243 275 316 330 qui
349 274 498 316 deinde
531 274 728 328 deinceps
761 274 996 315 moriturus
1026 276 1149 315 esset.
1211 271 1294 315 Sed
1324 273 1462 315 tribus
1495 288 1584 315 mo-

242 334 307 375 dis
352 335 496 375 censet
540 333 714 374 deorum
758 332 938 386 adpulsu
982 332 1177 374 homines
1216 331 1447 386 somniare,
1486 347 1584 385 uno,

243 392 357 447 quod
405 391 631 446 provideat
680 390 846 432 animus
891 390 982 445 ipse
1025 405 1101 446 per
1146 405 1256 445 sese,
1306 390 1463 445 quippe
1512 390 1585 445 qui
1621 404 1636 429 5

244 451 419 493 deorum
451 449 708 505 cognatione
740 451 953 504 teneatur,
992 450 1147 503 altero,
1186 449 1299 503 quod
1329 449 1480 504 plenus
1513 453 1585 490 aer

244 509 300 550 sit
337 508 635 550 inmortalium
680 507 938 561 animorum,
981 508 1026 549 in
1069 508 1221 562 quibus
1265 510 1487 562 tamquam
1523 507 1586 549 in-

244 567 429 623 signitae
466 569 595 608 notae
633 566 831 608 veritatis
869 569 1122 621 appareant,
1163 566 1310 621 tertio,
1353 566 1466 621 quod
1501 566 1586 621 ipsi

244 626 287 667 di·
324 641 420 668 cum
458 625 768 667 dormientibus
807 625 1130 679 conloquantur.
1184 625 1335 680 quue7
1373 628 1421 666 ut
1459 625 1584 666 modo

245 685 348 739 dixi7
385 684 556 726 facilius
596 684 738 725 evenit
776 684 1148 739 adpropinquante
1180 687 1336 738 morte,
1374 686 1423 725 ut
1455 698 1586 726 animi
1605 698 1639 723 10
1674 688 1675 692 ’

173 752 217 784 65
243 743 391 785 futura
418 745 694 798 augurentur.
737 742 803 783 Ex
830 757 913 796 quo
941 745 983 783 et
1007 742 1115 784 illud
1139 746 1204 784 est
1225 742 1405 797 Callani7
1432 743 1482 784 de
1503 757 1585 797 quo

246 804 344 843 ante
379 802 483 855 dixi7
516 804 559 842 et
590 801 810 843 Homerici
840 801 1059 856 Hectoris7
1093 802 1165 856 qui
1196 802 1381 843 moriens
1414 801 1587 856 propin-

173 863 226 904 31
246 875 375 915 quam
414 860 578 902 Achilli
619 862 802 901 mortem
844 835 1079 901 denuntiat.
1141 859 1291 914 Neque
1330 860 1443 902 enim
1478 860 1587 901 illud

243 919 422 961 verbum
463 921 624 960 temere
666 918 928 960 consuetudo
971 919 1314 974 adprobavisset,
1355 918 1392 959 si
1432 933 1482 960 ea
1519 932 1585 960 res

243 978 365 1019 nulla
401 980 515 1019 esset
548 977 740 1019 omnino:
1607 990 1640 1016 15
1672 975 1673 981 ’

302 1059 648 1115 Praesagibat
680 1059 876 1100 animus
908 1059 1107 1102 frustra
1138 1074 1211 1101 me
1243 1058 1333 1114 ire,
1372 1075 1478 1101 cum
1511 1074 1588 1101 ex—

1156 1119 1282 1160 irem
1315 1119 1469 1160 domo.

245 1188 425 1245 Sagire
464 1189 577 1230 enim
617 1189 774 1230 sentire
808 1191 930 1231 acute
963 1191 1045 1243 est3
1088 1203 1137 1230 ex
1170 1204 1252 1243 quo
1286 1203 1438 1245 sagae
1470 1203 1588 1243 anus,

246 1248 347 1303 quia
384 1248 522 1289 multa
561 1248 668 1290 scire
700 1248 868 1303 volunt,
907 1250 949 1289 et
982 1262 1190 1302 sagaces
1223 1248 1326 1289 dicti
1357 1262 1494 1289 canes.
1543 1247 1587 1289 Is

244 1307 396 1363 igitur,
439 1307 511 1361 qui
550 1309 649 1348 ante
682 1307 815 1362 sagit,
858 1321 986 1361 quam
1019 1307 1166 1348 oblata
1202 1321 1270 1348 res
1310 1309 1392 1361 est,
1434 1306 1588 1348 dicitur
1670 1341 1671 1345 ,

244 1365 506 1421 praesagire,
537 1365 581 1406 id
614 1368 679 1407 est
710 1365 857 1406 futura
889 1368 988 1406 ante
1022 1365 1190 1407 sentire.
1502 1399 1504 1402 .
1608 1378 1641 1404 20
1668 1373 1670 1391 ³

174 1434 219 1465 66
334 1424 454 1465 Inest
491 1424 625 1480 igitur
662 1424 708 1464 in
746 1424 900 1465 animis
938 1424 1201 1480 praesagitio
1235 1424 1497 1466 extrinsecus
1527 1424 1589 1465 in-

244 1483 357 1525 iecta
401 1485 529 1537 atque
573 1483 740 1524 inclusa
783 1482 1000 1524 divinitus.
1060 1482 1127 1524 Ea
1168 1483 1203 1524 si
1241 1483 1401 1524 exarsit
1439 1482 1589 1537 acrius,

245 1542 388 1583 furor
427 1541 689 1597 appellatur,
728 1556 823 1583 cum
862 1557 887 1583 a
924 1556 1102 1596 corpore
1139 1541 1306 1583 animus
1344 1542 1587 1583 abstractus

246 1600 389 1642 divino
422 1600 631 1642 instinctu
663 1600 914 1642 concitatur.

304 1683 362 1724 H.
395 1681 490 1724 sed
528 1682 647 1737 quid
685 1682 849 1724 oculis
886 1683 1064 1724 rabere
1096 1682 1206 1724 visa
1232 1697 1282 1724 es
1316 1683 1588 1738 derepente
1608 1693 1641 1721 25
1672 1686 1673 1737 J

326 1789 335 1797 Ι
1137 1742 1469 1783 ardentibus?

306 1800 405 1842 Ubi
446 1801 600 1855 paulo
644 1803 760 1842 ante
803 1800 1008 1855 sapiens
1046 1800 1140 1858 illa
1177 1799 1452 1856 virginalis
1490 1814 1590 1842 mo-

1273 1859 1470 1900 destia‘?

305 1916 349 1959 G.
389 1917 572 1971 Meter,
617 1919 941 1972 optumarum
982 1918 1142 1960 multo
1184 1918 1367 1958 mulier
1407 1917 1590 1960 melior

1184 1977 1471 2031 mulierum,

306 2032 466 2075 Missa
498 2048 604 2075 sum
638 2035 1028 2089 superstitiosis
1061 2035 1521 2089 hariolatienibu83

305 2092 532 2147 Namque
576 2093 765 2148 Apollo
809 2093 934 2135 fatis
977 2093 1147 2135 fandis
1192 2094 1474 2136 dementem
1517 2094 1590 2135 in-

290 2195 293 2198 .
1170 2153 1328 2194 vitam
1360 2153 1471 2194 ciet.

305 2208 551 2266 Virgines
590 2211 769 2252 vereer
808 2211 1058 2266 aequalis,
1097 2212 1262 2266 petris
1301 2211 1398 2253 mei
1429 2226 1590 2253 meum
1609 2221 1642 2248 8⁰

1073 2269 1268 2312 factum
1299 2270 1472 2326 pudet,
