1685 2568
254 101 311 142 46
666 101 730 135 DE
756 100 958 136 NATURA
983 100 1186 135 DEORUM

255 194 292 228 in
317 196 386 229 hac
413 206 540 229 sensus
567 206 712 239 quoque
734 196 772 229 et
789 194 970 229 rationem
990 194 1109 229 inesse
1128 205 1276 228 necesse
1298 205 1387 238 esse,
1414 195 1452 228 et
1470 193 1589 228 multo

255 242 403 285 quidem
439 242 597 275 acriores
629 243 740 284 atque
771 242 944 284 maiores3
984 253 1027 276 ex
1059 252 1130 285 quo
1157 241 1328 275 concludi
1352 251 1460 285 posse
1486 252 1589 274 mun-

254 289 341 322 dum
379 300 458 323 esse
490 289 608 322 deum.
659 288 749 322 Esse
780 290 971 332 praeterea
1002 288 1229 322 animantem
1258 288 1451 330 mundum,
1490 287 1590 331 quod

253 337 356 369 motu
382 335 532 377 cieatur‚
560 334 623 378 qui
647 334 707 368 vel
726 334 880 369 Platone
905 336 1054 369 auctore
1080 336 1227 369 tantum
1251 334 1291 368 in
1315 334 1456 369 animos
1481 334 1590 368 cadat

255 385 347 427 (cap.
376 386 489 416 9-1‘2
516 386 534 423 ξ
561 384 724 425 23—32).
774 382 904 415 Altera
938 382 1032 417 ratio
1065 383 1122 416 est
1153 381 1230 415 eius
1261 381 1380 416 modi:
1417 381 1459 414 In
1491 380 1591 415 omni

254 441 375 463 rerum
400 428 635 462 institutione
663 439 742 462 esse
763 428 903 472 aliquid
925 430 1126 463 extremum
1146 429 1255 472 atque
1273 428 1491 480 perfectum,
1516 427 1590 461 nisi

255 487 348 520 quae
375 475 430 509 vis
458 475 625 509 obsistat.
670 475 713 508 In
739 475 837 508 omni
858 475 972 519 igitur
991 477 1121 509 natura
1140 475 1200 509 vel
1219 475 1390 509 universo
1410 485 1453 508 ac
1471 474 1590 509 multo

255 523 367 557 etiam
392 522 512 566 magis
537 532 686 556 11606556
713 532 791 556 6556
818 521 964 556 absolvi
982 522 1123 566 aliquid
1144 532 1185 555 ac
1205 521 1341 566 perfici,
1368 521 1466 573 quod
1483 521 1589 564 1111111,

255 572 296 603 ut
321 569 358 602 in
385 568 516 603 ceteris
541 568 701 612 naturis,
729 568 907 603 obsistere
933 569 1061 621 possit.
1112 569 1208 613 Ergo
1237 580 1318 602 cum
1344 568 1382 602 111
1406 568 1469 611 115,
1497 579 1589 611 quae

254 616 455 660 gignantur
492 626 536 650 ex
567 616 681 658 terra,
719 615 814 648 nihil
846 615 895 649 sit
926 615 999 649 nisi
1023 616 1194 658 nutritio,
1232 615 1373 649 bestiae
1399 616 1591 666 praeterea

255 674 400 697 sensum
429 663 466 697 et
490 663 630 696 motum
650 662 812 696 habeant
832 663 870 696 et
888 662 1106 707 appetitum,
1133 662 1273 697 homini
1292 661 1458 696 additam
1478 661 1590 696 etiam

253 709 435 743 rationem
456 720 545 749 esse,
573 720 645 752 qua
664 708 851 754 appetitus
871 710 1056 753 regantur.
1095 709 1149 743 Ex
1169 720 1239 753 quo
1261 709 1358 743 effici
1378 719 1458 743 6550
1477 708 1590 743 etiam

255 757 424 800 quartum
451 757 490 790 et
513 755 736 790 altissimum
762 755 915 800 gradum
942 767 1078 799 eorum,
1105 756 1168 799 qui
1188 757 1320 790 natura
1338 755 1427 791 boni
1447 755 1590 800 sapien-

254 805 384 846 tesque
416 802 634 848 gignantur,
666 802 705 836 in
737 803 868 846 quibus
900 803 946 837 ab
977 803 1086 837 initio
1113 803 1202 837 insit
1226 804 1328 837 recta
1354 804 1392 837 et
1418 803 1590 837 constans

254 850 359 893 ratio,
387 861 479 894 quae
506 850 574 884 deo
603 849 799 884 tribuenda
819 849 878 892 sit,
905 849 944 883 id
964 851 1021 884 est
1039 850 1186 884 mundo.
1226 849 1366 884 Eodem
1384 849 1460 884 fere
1480 849 1589 884 modo

255 896 352 931 effici
378 908 456 931 esse
483 896 521 930 in
546 896 682 931 mundo
710 907 888 930 summam
914 896 1088 930 virtutem
1114 898 1152 931 et
1178 896 1398 940 sapientiam
1425 899 1517 940 (cap.
1547 901 1589 930 12

255 946 370 988 -14).
424 943 495 979 Sed
526 943 654 977 mundi
686 943 882 978 divinitate
914 944 1109 988 perspecta
1139 943 1247 977 astris
1281 943 1392 977 etiam
1418 943 1590 977 divinita-

253 991 330 1025 tem
362 1001 441 1025 esse
473 990 717 1024 tribuendam.
769 990 881 1035 Gigni
907 990 1003 1024 enim
1028 990 1101 1025 ista
1127 1001 1169 1025 ex
1194 990 1438 1024 mobilissima
1465 991 1501 1025 et
1525 1001 1590 1035 pu-

252 1037 399 1071 rissima
424 1037 584 1072 aetheris
610 1039 714 1081 parte
740 1037 843 1071 nulla
869 1037 943 1071 alia
969 1037 1132 1071 admixta
1156 1039 1305 1079 natura,
1331 1038 1483 1080 totaque
1511 1048 1590 1071 esse

254 1084 375 1119 calida
400 1085 438 1118 et
462 1084 662 1129 perlucida.
706 1084 916 1118 Absurdum
936 1086 1059 1118 autem
1079 1095 1170 1127 esse,
1196 1084 1227 1119 51
1246 1095 1303 1118 165
1325 1096 1368 1118 ex
1386 1087 1468 1119 a'ere
1489 1085 1591 1119 ortae

253 1131 435 1166 rationem
467 1131 661 1173 haberent,
695 1141 788 1175 quae
820 1131 859 1165 in
890 1131 1007 1166 multo
1034 1131 1180 1176 puriore
1207 1131 1356 1166 aethere
1381 1132 1590 1173 nascantur,

254 1189 363 1212 sensu
390 1189 450 1212 eas
476 1179 541 1212 aut
566 1178 706 1212 ratione
733 1189 871 1221 carere,
899 1189 988 1222 quas
1015 1178 1068 1212 ibi
1092 1179 1210 1212 multo
1235 1178 1395 1212 acriores
1423 1189 1502 1213 esse
1529 1178 1589 1212 de-

253 1225 351 1269 bere,
378 1225 487 1268 idque
514 1225 574 1259 vel
601 1224 727 1259 ordine
755 1236 879 1259 eorum
899 1227 936 1259 et
956 1226 1166 1259 constantia
1183 1226 1359 1269 motuque
1379 1225 1588 1260 voluntario

255 1272 433 1306 declarari
469 1274 561 1316 (cap.
592 1276 632 1306 15
654 1284 707 1316 sq.
740 1276 758 1313 5
784 1274 947 1315 39—43).
1005 1272 1075 1307 Sed
1107 1272 1263 1306 maxime
1298 1273 1479 1306 astrorum
1511 1283 1590 1306 sen-

255 1331 334 1353 sum
360 1320 396 1353 et
422 1318 717 1362 intellegentiam
744 1318 1048 1363 divinitatemque
1076 1318 1255 1353 declarari
1279 1319 1441 1353 mirabili
1462 1319 1589 1353 ordine

255 1378 379 1401 eoium
406 1367 444 1400 et
469 1366 693 1410 constantia,
727 1377 819 1409 quae
845 1377 962 1410 neque
989 1367 1157 1400 naturam
1183 1365 1384 1410 significet,
1417 1366 1516 1410 quod
1541 1366 1591 1400 sit

253 1413 364 1458 plena
388 1412 554 1455 rationis,
581 1424 699 1456 neque
725 1413 920 1456 fortunam,
948 1424 1039 1456 quae
1067 1413 1312 1458 constantiam
1337 1414 1497 1458 respuat.
1547 1413 1590 1447 In

255 1471 326 1503 quo
353 1459 507 1493 ridicule
534 1471 652 1494 enare
680 1459 772 1494 dicit
796 1442 1011 1504 Epicuium,
1040 1460 1103 1504 qui
1128 1460 1326 1494 humanam
1350 1460 1505 1504 figuram
1531 1460 1588 1494 (115

254 1507 434 1541 attribuat
458 1508 642 1551 negetque
668 1506 867 1541 rotundum
893 1508 931 1541 et
955 1507 1157 1541 volubilem
1176 1507 1284 1541 deum
1305 1507 1462 1552 cogitari
1480 1518 1588 1552 posse

255 1556 347 1598 (cap.
372 1559 506 1588 16—23
535 1556 737 1598 §43-(30).
788 1553 859 1588 Sed
885 1554 1020 1588 multas
1045 1554 1137 1588 alias
1163 1555 1312 1588 naturas
1339 1554 1490 1589 deorum
1515 1566 1589 1588 ma-

254 1601 336 1646 gnis
375 1611 499 1635 eorum
534 1601 722 1635 beneficiis
756 1601 975 1635 constitutas
1008 1612 1098 1636 esse.
1153 1601 1248 1635 Nam
1279 1600 1454 1645 primum,
1491 1601 1589 1645 quod

255 1648 304 1681 sit
329 1659 350 1681 a
376 1648 444 1682 deo
471 1649 615 1691 natum,
642 1648 681 1682 id
706 1648 853 1682 nomine
879 1648 995 1693 ipsius
1022 1648 1081 1682 dei
1106 1647 1325 1693 nuncupari,
1353 1648 1486 1683 deinde
1511 1660 1589 1683 rem

254 1695 389 1739 ipsam,
427 1694 466 1728 in
498 1706 570 1738 qua
601 1694 651 1729 sit
681 1695 736 1729 vis
762 1695 879 1729 maior
909 1695 1050 1739 aliqua,
1086 1695 1139 1729 510
1165 1694 1364 1740 appellari,
1398 1695 1587 1731 beneficiis

254 1753 362 1786 porro
395 1742 616 1776 excellentes
649 1742 747 1776 viros
782 1742 820 1775 in
852 1742 994 1776 caelum
1019 1742 1118 1777 fama
1143 1743 1180 1776 et
1204 1742 1396 1777 voluntate
1422 1742 1587 1778 sublatos

255 1800 345 1830 6556,
373 1789 529 1832 denique
556 1800 600 1823 ex
624 1789 780 1834 physica
802 1789 942 1823 ratione
962 1789 1098 1824 multos
1120 1789 1265 1824 fluxisse
1285 1791 1478 1833 po'e'tarum
1499 1790 1587 1825 deos

255 1839 346 1880 (cap.
374 1840 511 1870 23—29
537 1840 556 1877 ξ
580 1839 743 1879 60—75).
794 1836 860 1870 His
887 1837 1027 1871 duabus
1052 1837 1159 1870 rebus
1187 1836 1409 1877 constitutis,
1436 1837 1474 1870 et
1499 1837 1586 1872 deos

254 1893 344 1924 6556,
371 1884 408 1916 et
433 1882 552 1926 qualis
580 1894 705 1917 eorum
731 1884 862 1917 natura
888 1883 946 1926 sit⁷
974 1883 1140 1927 sequitur
1165 1882 1366 1927 disputatio
1394 1883 1438 1917 de
1464 1884 1587 1928 provi-

254 1929 381 1963 dentia
419 1930 579 1964 deorum.
638 1930 691 1964 Ea
727 1930 844 1964 tribus
883 1930 1110 1975 argumentis
1149 1930 1374 1974 astringitur.
1425 1930 1587 1965 Primum

253 1976 299 2009 ab
326 1988 368 2010 60
395 1976 487 2021 ipso,
514 1977 612 2020 quod
639 1977 676 2011 di
702 1977 793 2019 sint,
820 1977 965 2011 ducitur
990 1980 1083 2022 (cap.
1111 1981 1165 2021 30,
1192 1982 1233 2011 31
1261 1982 1279 2019 ξ
1307 1981 1470 2021 76-80),
1497 1978 1587 2013 alte-

253 2035 332 2056 rum
359 2023 460 2066 inde,
489 2024 585 2067 quod
613 2035 738 2059 omnes
764 2035 821 2058 res
848 2024 1035 2059 subiectae
1061 2024 1134 2058 sint
1159 2026 1311 2058 naturae
1338 2024 1514 2059 sentienti
1539 2025 1586 2059 ab

254 2081 368 2113 eaque
397 2071 519 2104 onmia
544 2071 789 2115 pulcherrime
816 2073 992 2115 gerantur
1016 2073 1109 2115 (cap.
1131 2074 1200 2115 32),
1226 2071 1377 2105 tertium
1400 2073 1523 2106 autem
1544 2083 1586 2106 ex

253 2117 496 2151 admiratione
522 2129 642 2151 rerum
668 2118 882 2152 caelestium
908 2120 946 2152 et
970 2118 1197 2152 terrestrium
1218 2117 1425 2161 arcessitur,
1452 2119 1514 2162 qui
1533 2119 1585 2153 10-

253 2175 316 2198 0115
349 2165 497 2209 copiose
530 2165 746 2208 explicatur.
797 2164 940 2199 Tertiae
973 2165 1058 2199 huic
1091 2165 1354 2210 disputationis
1380 2166 1478 2209 parti
1503 2166 1585 2200 sub-

253 2210 362 2244 icitur
388 2223 440 2253 ea,
468 2222 560 2256 quae
586 2212 695 2246 istam
720 2212 863 2246 tantam
889 2223 1007 2246 rerum
1032 2212 1263 2246 molitionem
1288 2212 1449 2246 hominis
1475 2224 1585 2247 causa

252 2258 388 2292 factam
415 2269 493 2293 esse
520 2259 758 2301 demonstrat,
784 2258 1045 2302 hominumque
1072 2259 1273 2294 commodis
1292 2258 1443 2294 mirifice
1464 2271 1543 2295 esse
1563 2270 1585 2294 a

253 2305 320 2339 deo
353 2305 558 2349 provisum⁷
590 2305 628 2339 id
661 2305 758 2350 quod
792 2307 965 2349 quattuor
990 2307 1215 2350 argumentis
1241 2306 1300 2349 fit,
1333 2317 1487 2350 quorum
1511 2306 1583 2351 pri-
