1685 2568
406 71 495 108 LIB.
522 72 550 108 Ῑ.
579 71 679 108 CAP.
706 76 858 109 49-50.
883 76 902 115 ἓ
930 77 1126 109 109-115.
1360 75 1442 116 187

100 168 344 223 linquerent
376 168 616 222 armatique
646 167 692 209 in
724 181 828 223 agro
862 168 1132 222 excubarent,
1165 169 1278 223 quod
1303 172 1443 212 terrae

100 229 243 269 motus
284 227 486 281 instaret,
527 229 620 268 tum
660 240 757 268 cum
797 228 841 268 et
877 226 981 268 urbs
1020 229 1115 268 tota
1152 227 1315 268 corruit
1347 231 1390 269 et
1422 243 1444 270 e

99 287 246 327 monte
278 285 472 342 Taygeto
510 287 702 326 extrema
741 284 902 326 montis
944 284 1068 339 quasi
1104 285 1263 340 puppis
1296 287 1445 328 avolsa

101 347 177 386 est.
227 343 293 386 Ne
313 343 578 398 Pherecydes
612 343 795 398 quidem,
826 343 901 384 ille
920 343 1196 398 Pythagorae
1222 344 1443 400 magister,

63 403 245 458 5potius
285 403 452 445 divinus
489 402 721 444 habebitur
758 417 887 457 quam
918 402 1141 458 physicus,
1180 403 1310 457 quod,
1349 417 1444 444 cum

99 462 278 503 vidisset
315 461 516 503 haustam
549 475 705 515 aquam
738 461 788 502 de
818 461 910 516 iugi
940 463 1090 516 puteo,
1127 464 1269 503 terrae
1301 464 1444 503 motus

101 520 208 561 dixit
238 520 412 562 instare.
460 518 552 561 Nec
582 534 683 561 vero
715 534 921 574 umquam
953 519 1120 561 animus
1147 520 1335 562 hominis
1360 530 1514 562 na-113

99 579 301 620 turaliter
338 578 518 632 divinat,
555 578 640 619 nisi
679 593 774 620 cum
805 579 868 620 ita
900 578 1068 620 solutus
1101 581 1167 620 est
1199 581 1242 620 et
1275 594 1446 633 vacuus,

99 640 148 679 ut
185 638 223 679 ei
260 637 389 693 plane
427 636 536 679 nihil
570 637 627 678 sit
659 651 755 679 eum
787 651 983 692 corpore3
1021 637 1134 692 quod
1166 640 1241 678 aut
1272 638 1445 679 vatibus

45 709 80 733 10
100 696 314 752 contingit
355 697 430 738 aut
461 696 784 737 dormientibus.
847 695 999 751 Itaque
1031 711 1082 738 ea
1113 695 1196 738 duo
1230 711 1390 752 genera
1421 711 1446 738 a

98 754 363 796 Dicaearcho
395 754 636 810 probantur
668 757 728 809 et,
760 757 809 796 ut
841 755 945 809 dixi,
977 769 1003 796 a
1035 753 1243 810 Cratippo
1275 758 1445 809 nostro3

99 814 136 855 si
178 816 426 869 propterea,
469 813 583 868 quod
621 828 671 855 ea
706 813 1036 868 proficiscuntur
1074 829 1099 855 a
1139 817 1314 869 natura,
1360 814 1447 855 sint

99 886 268 914 summa
299 887 420 927 sane,
462 872 590 914 modo
621 887 675 914 ne
708 873 820 927 sola3
859 872 926 914 sin
958 875 1101 914 autem
1133 873 1244 914 nihil
1277 887 1370 915 esse
1401 873 1447 914 in

99 931 399 973 observatione
429 933 597 987 putant,
629 931 768 973 multa
798 932 973 986 tollunt,
1006 932 1161 986 quibus
1190 932 1307 974 vitae
1332 932 1445 974 ratio

45 1002 80 1028 15
100 990 354 1032 continetur.
405 988 488 1031 Sed
520 990 722 1045 quoniam
750 990 853 1031 dant
880 990 1055 1045 aliquid,
1087 990 1214 1045 idque
1239 1005 1326 1033 non
1351 1006 1447 1046 par-

100 1064 200 1091 vum
217 1049 592 1103 [,vaticinationes
619 1064 716 1090 cum
743 1049 954 1103 somniis],
980 1049 1090 1090 nihil
1111 1052 1189 1103 est,
1216 1050 1330 1104 quod
1350 1065 1446 1092 cum

98 1107 167 1149 his
205 1121 467 1163 magnopere
505 1122 764 1163 pugnemus,
802 1108 1057 1162 praesertim
1096 1122 1191 1149 cum
1231 1108 1336 1163 sint,
1375 1109 1447 1163 qui

99 1166 273 1208 omnino
316 1166 483 1207 nullam
528 1166 836 1208 divinationem
879 1166 1077 1221 probent.
1138 1166 1256 1222 Ergo
1302 1170 1345 1209 et
1384 1167 1427 1222 ii,
1450 1177 1517 1208 114

100 1239 282 1280 quorum
314 1225 447 1266 animi
478 1225 636 1280 spretis
667 1225 918 1280 corporibus
947 1225 1122 1267 evolant
1148 1228 1277 1280 atque
1303 1240 1446 1268 excur-

43 1296 79 1321 20
99 1286 199 1326 runt
241 1283 378 1338 foras,
423 1283 574 1326 ardore
618 1283 762 1339 aliquo
806 1284 1064 1326 inflammati
1108 1286 1238 1339 atque
1275 1284 1447 1327 incitati

99 1345 278 1385 cernimt
314 1343 393 1384 illa
431 1342 645 1398 profecto,
683 1357 790 1397 quae
827 1343 1114 1385 vaticinantes
1152 1345 1447 1399 pronuntiant,

98 1401 332 1456 multisque
364 1401 492 1443 rebus
523 1401 847 1443 inflammantur
879 1402 990 1444 tales
1023 1402 1169 1457 animi,
1201 1402 1274 1457 qui
1300 1418 1448 1458 corpo—

97 1461 217 1502 ribus
254 1475 341 1502 non
377 1460 621 1515 inhaerent,
658 1463 707 1502 ut
743 1461 792 1515 ii,
832 1461 905 1516 qui
937 1475 1042 1503 sono
1076 1461 1261 1516 quodam
1293 1477 1447 1504 vocum

99 1521 142 1561 et
171 1518 375 1575 Phrygiis
417 1519 615 1562 cantibus
653 1519 900 1562 incitantur.
961 1520 1124 1562 Multos
1161 1535 1340 1563 nemora
1378 1521 1447 1562 sil-

44 1589 79 1615 25
98 1593 272 1633 vaeque,
304 1578 466 1620 multos
499 1593 645 1621 amnes
678 1581 754 1620 aut
784 1579 921 1621 maria
947 1582 1231 1634 commovent,
1265 1595 1446 1635 quorum

98 1637 329 1679 furibunda
367 1652 486 1679 mens
526 1637 644 1679 videt
682 1640 782 1680 ante
819 1638 977 1693 multo,
1016 1652 1124 1693 quae
1163 1638 1251 1680 sint
1287 1638 1446 1681 futura.

100 1695 192 1745 Quo
225 1696 276 1738 de
308 1710 465 1752 genere
497 1696 576 1738 illa
607 1699 724 1738 sunt:

1082 1755 1224 1798 Eheu
1255 1756 1446 1799 videte!

156 1812 425 1856 Iudicabit
461 1812 702 1856 inclitum
740 1813 987 1857 iudicium
1024 1814 1162 1856 inter
1200 1815 1317 1857 deas
1347 1815 1447 1858 tris

1115 1874 1327 1929 aliquis,

159 1928 262 1979 Qu6
288 1930 481 1974 iudicio
507 1931 915 1974 Lacedaemonia
941 1932 1144 1987 mulier,
1176 1932 1446 1976 Furiarum

927 1994 1042 2046 una,
1075 1991 1328 2034 adveniet.

37 2059 80 2084 ·30
99 2047 264 2089 Eodem
296 2049 408 2090 enim
440 2050 566 2092 modo
594 2051 732 2092 multa
758 2065 783 2092 a
807 2050 1145 2093 vaticinantibus
1172 2065 1300 2107 saepe
1325 2065 1446 2107 prae-

101 2106 215 2148 dicta
247 2109 359 2162 sunt,
389 2122 526 2163 neque
558 2109 699 2151 solum
729 2109 885 2163 verbis,
919 2109 993 2151 sed
1024 2109 1156 2151 etiam

157 2164 427 2221 Versibus,
447 2181 571 2221 quos
592 2168 715 2210 olim
731 2167 893 2210 Fauni
911 2171 1160 2224 vatesque
1180 2169 1445 2211 canebant.

99 2221 307 2265 Similiter
338 2224 524 2267 Marcius
563 2228 606 2268 et
636 2226 856 2269 Publicius
895 2229 1018 2269 vates
1057 2228 1260 2270 cecinisse
1293 2228 1516 2269 dicun-115

97 2285 187 2338 tur3
235 2297 318 2338 quo
363 2283 414 2325 de
457 2298 613 2340 genere
656 2285 875 2342 Apollinis
922 2288 1074 2342 operta
1117 2287 1290 2341 prolata
1333 2288 1460 2327 sunt..
