1685 2568
244 62 328 105 156
704 63 767 98 DE
794 62 1113 97 DIVINATIONE

171 171 216 201 ‘28
243 173 327 213 ore,
359 174 455 201 cum
480 160 688 215 pascitur,
722 159 836 214 quod
862 161 1005 200 autem
1031 158 1238 213 scriptum
1264 159 1433 201 habetis
1453 159 1483 213 †
1503 162 1577 201 aut

241 218 478 272 tripudium
517 218 628 272 fieri,
670 218 707 259 si
748 233 798 259 ex
838 232 888 259 ea
929 217 1029 271 quid
1068 217 1113 258 in
1151 217 1336 258 solidum
1368 218 1577 272 ceciderit,

241 277 323 318 hoc
354 291 533 331 quoque,
566 276 680 330 quod
706 276 803 331 dixi,
834 279 1029 318 coactum
1053 275 1292 329 tripudium
1317 276 1579 318 solistimum

243 335 396 376 dicitis.
456 334 608 388 Itaque
646 334 783 375 multa
815 334 1012 389 auguria,
1050 334 1186 375 multa
1217 334 1422 389 auspicia,
1466 335 1578 389 quod

242 392 350 436 Cato
381 393 455 434 ille
489 393 657 446 sapiens
691 392 893 446 queritur,
923 393 1199 448 neglegentia
1224 393 1395 448 collegii
1420 394 1577 435 amissa
1598 405 1614 431 5
1672 402 1675 445 g

241 452 370 507 plane
403 453 446 492 et
478 451 647 492 deserta
679 453 790 492 sunt.

176 515 227 556 16
330 509 452 550 Nihil
492 509 580 551 fere
613 509 828 563 quondam
859 509 1033 550 maioris
1064 510 1127 551 rei
1157 509 1242 550 nisi
1274 510 1494 565 auspicato
1526 525 1580 552 ne

241 568 447 623 privatim
480 568 652 622 quidem
685 568 931 623 gerebatur,
967 568 1080 622 quod
1112 568 1241 609 etiam
1272 582 1384 610 nunc
1413 569 1580 624 nuptia-

241 642 338 668 rum
370 627 564 682 auspices
597 626 830 681 declarant,
863 626 935 680 qui
965 640 1011 667 re
1043 626 1203 668 omissa
1227 641 1385 668 nomen
1409 630 1579 669 tantum

241 688 401 727 tenent.
456 684 570 726 Nam
602 687 650 726 ut
679 699 792 727 nunc
824 684 933 726 extis
965 682 1243 740 (quamquam
1270 685 1314 726 id
1338 686 1479 740 ipsum
1505 686 1579 727 ali·
1600 698 1633 723 10
1672 686 1674 699 ⁵

243 747 403 799 quanto
429 744 570 785 minus
599 758 728 798 quam
755 741 890 798 olim),
923 743 983 784 sic
1007 746 1101 785 tum
1126 744 1275 785 avibus
1305 758 1486 800 magnae
1512 759 1578 786 res
1672 747 1673 751 ’

240 802 439 858 inpetriri
459 803 670 844 solebant.
702 801 865 856 Itaque,
886 801 1063 843 sinistra
1083 802 1183 843 dum
1202 817 1289 843 non
1309 803 1580 857 exquirimus,

172 873 214 903 29
241 862 286 902 in
311 862 403 903 dira
429 863 472 902 et
496 861 541 902 in
566 861 724 902 vitiosa
748 860 1015 902 incurrimus.
1058 859 1120 902 Ut
1140 859 1187 902 P.
1208 859 1423 916 Claudius,
1448 862 1580 917 Appii

242 919 367 962 Caeci
397 919 525 974 filius,
558 919 731 974 eiusque
759 919 926 974 collega
945 918 990 960 L.
1010 918 1157 960 Iunius
1184 919 1333 961 classis
1359 935 1579 962 maxumas
1670 973 1672 976 Α

241 978 530 1033 perdiderunt,
557 992 652 1020 cum
678 977 784 1019 vitio
803 978 1093 1033 navigassem.
1138 976 1259 1026 Quod
1285 978 1434 1020 eodem
1453 979 1579 1021 modo
1601 990 1633 1015 15
1671 979 1672 983 ’

243 1037 385 1079 evenit
417 1036 752 1093 Agamemnoni3
784 1036 868 1091 qui,
900 1051 995 1078 cum
1027 1036 1183 1078 Achivi
1214 1036 1453 1092 coepissent

309 1129 318 1138 .
353 1096 490 1137 inter
540 1110 590 1136 se
641 1097 872 1150 strepere
917 1098 1195 1150 aperteque
1239 1096 1398 1137 artem
1441 1096 1581 1137 obte-

993 1168 1103 1195 rere
1137 1152 1462 1209 extispicum,

302 1212 510 1254 S6lvere
559 1212 783 1268 imperat
832 1212 1053 1254 secundo
1103 1215 1303 1254 rumore
1346 1213 1580 1255 adversa-

1241 1286 1334 1325 que
1368 1272 1461 1313 avi.
1588 1270 1591 1271 ⁷
1669 1287 1671 1310 1

241 1329 325 1373 Sed
362 1330 464 1385 quid
497 1329 672 1372 vetera?
712 1328 768 1370 Μ.
800 1328 956 1371 Crasso
990 1329 1091 1384 quid
1123 1329 1338 1384 acciderit,
1375 1330 1579 1384 videmus,
1665 1331 1669 1373 1

242 1390 433 1431 dirarum
466 1388 793 1430 obnuntiatione
824 1388 1031 1443 neglecta.
1093 1387 1145 1429 In
1177 1402 1259 1442 quo
1291 1389 1471 1444 Appius,
1497 1390 1580 1431 col·
1599 1402 1634 1426 20
1668 1407 1670 1446 1

241 1449 341 1503 lega
377 1450 495 1501 tuus,
532 1447 670 1488 bonus
709 1460 862 1502 augur,
900 1449 948 1488 ut
987 1461 1038 1488 ex
1069 1448 1111 1487 te
1145 1447 1289 1488 audire
1322 1448 1457 1502 soleo,
1492 1462 1581 1490 non
1667 1453 1670 1586 i

243 1506 350 1548 satis
383 1506 566 1548 scienter
597 1505 737 1546 virum
768 1505 928 1546 bonum
954 1507 998 1546 et
1023 1505 1157 1547 civem
1184 1506 1404 1561 egregium
1431 1521 1580 1548 censor

241 1564 285 1607 C.
317 1565 492 1606 Ateium
523 1564 711 1617 notavit,
750 1564 863 1618 quod
893 1564 1146 1605 ementitum
1178 1565 1368 1619 auspicia
1399 1565 1579 1607 subscri-

240 1625 372 1665 beret.
433 1623 560 1676 Esto3
590 1622 721 1663 fuerit
751 1623 833 1664 hoc
864 1623 1064 1677 censoris,
1097 1623 1134 1663 si
1163 1622 1380 1664 iudicabat
1406 1624 1579 1665 ementi-

241 1685 350 1736 tum3
383 1684 428 1723 at
459 1681 566 1723 illud
591 1681 766 1722 minime
792 1682 980 1736 auguris,
1013 1681 1126 1736 quod.
1152 1681 1380 1737 adscripsit
1406 1683 1459 1724 ob
1484 1697 1577 1724 eam
1598 1693 1632 1720 2⁵

241 1755 415 1783 causam
463 1740 671 1796 populum
716 1739 957 1781 Romanum
1007 1740 1297 1782 calamitatem
1347 1741 1577 1782 maximam

242 1800 417 1854 cepisse.
474 1797 519 1840 Si
551 1799 664 1840 enim
696 1812 745 1840 ea
777 1812 906 1840 causa
937 1798 1197 1840 calamitatis
1223 1798 1317 1852 fuit,
1347 1814 1435 1841 non
1458 1799 1503 1841 in
1528 1814 1576 1841 eo

241 1861 308 1899 est
339 1858 476 1913 culpa,
509 1857 582 1912 qui
613 1857 899 1911 obnuntiavit,
930 1857 1004 1898 sed
1034 1857 1079 1898 in
1110 1871 1171 1911 eo,
1204 1857 1275 1912 qui
1304 1872 1392 1899 non
1422 1859 1577 1913 paruit.

240 1916 401 1958 Veram
434 1917 547 1957 enim
570 1916 704 1957 fuisse
731 1916 1111 1970 obnuntiationem,
1143 1918 1191 1956 ut
1217 1916 1278 1957 ait
1302 1912 1415 1958 idem
1441 1931 1578 1973 augur

240 1977 283 2017 et
328 1990 496 2027 censor,
541 1975 679 2016 exitus
724 1974 997 2030 adprobavit3
1048 1989 1154 2029 quae
1192 1974 1228 2015 si
1265 1974 1377 2016 falsa
1412 1975 1577 2029 fuisset,
1595 1987 1664 2027 ³0⁴

239 2034 405 2075 nullam
439 2034 603 2075 adferre
635 2033 848 2089 potuisset
879 2048 1051 2075 causam
1084 2033 1355 2075 calamitatis.
1404 2033 1577 2076 Etenim

241 2092 375 2146 dirae,
414 2092 525 2133 sicut
556 2095 698 2134 cetera
728 2092 935 2147 auspicia,
966 2094 1014 2133 ut
1046 2092 1207 2147 omina,
1238 2094 1286 2133 ut
1317 2092 1459 2148 signa,
1490 2108 1577 2135 non

239 2165 389 2193 causas
422 2151 639 2205 adferunt,
671 2166 745 2193 cur
777 2150 876 2206 quid
909 2151 1088 2205 eveniat,
1121 2151 1194 2192 sed
1224 2151 1426 2192 nuntiant
1457 2166 1577 2194 even-

168 2218 212 2249 30
238 2213 355 2264 tura,
397 2209 482 2251 nisi
525 2209 775 2264 provideris.
842 2209 942 2251 Non
977 2210 1112 2264 igitur
1150 2209 1420 2251 obnuntiatio
1459 2211 1575 2251 Atell

239 2283 413 2311 causam
452 2268 577 2309 finxit
617 2268 896 2322 calamitatis,
937 2269 1011 2309 sed
1049 2268 1172 2324 signo
1211 2268 1377 2310 obiecto
1410 2269 1575 2310 monuit
1593 2278 1628 2305 35

1659 2341 1662 2360 t

1658 2361 1661 2398 ἔ

1658 2407 1661 2437 1

1658 2442 1660 2462 ι
