1685 2568
366 89 455 124 LIB.
480 90 508 124 Ι.
535 89 635 125 ΟΑΡ.
664 94 814 125 14-17,
839 93 859 130 ξ
885 94 1034 124 22—26.
1280 89 1367 131 283

29 199 126 229 rens
153 200 178 227 a
203 199 387 240 persona
412 185 597 227 hominis
625 184 889 240 gravissimi3
920 199 1011 226 rem
1031 184 1144 226 enim
1165 199 1368 239 magnam

29 244 254 287 adsecutus
286 248 355 298 est,
386 243 499 298 quod
530 243 775 285 hominibus
807 243 1073 298 perturbatis
1105 243 1276 284 inanem
1307 258 1369 284 re-

29 302 235 358 ligionem
265 302 550 357 timoremque
583 302 805 344 deiecerat.

29 419 141 476 quod
178 419 465 460 Athenienses
510 421 553 461 et
590 418 916 461 Lacedaemonii
960 433 1128 460 summa
1169 418 1282 459 inter
1326 431 1370 459 se

27 477 300 520 contentione
333 480 576 533 gesserunt,
614 477 799 519 Pericles
831 477 924 531 1116,
963 479 1006 518 et
1038 476 1296 519 auctoritate
1328 478 1372 517 et

27 536 274 591 eloquentia
305 538 348 577 et
379 537 558 578 consilio
590 537 789 592 princeps
816 535 1005 578 civitatis
1031 550 1145 590 suae,
1176 549 1273 577 cum
1299 534 1372 576 ob-

27 597 199 637 scurato
241 593 246 649 Ι
286 594 377 636 sole
420 595 624 636 tenebrae
663 595 804 637 factae
845 597 989 637 essent
1024 595 1200 650 repente
1246 594 1298 645 [p.
1326 603 1369 635 72

27 653 444 708 Atheniensiumque
475 654 643 695 animos
675 668 868 696 summus
899 653 1031 695 timor
1062 652 1371 708 occupavisset,

27 712 219 755 docuisse
257 712 362 754 civis
401 726 500 754 suos
540 712 713 767 dicitur,
752 712 796 754 id
834 712 947 767 quod
983 712 1075 767 ipse
1116 712 1170 753 ab
1202 710 1371 753 Anaxa-

26 785 144 828 gora,
175 770 294 813 cuius
327 771 499 813 auditor
528 770 682 825 fuerat,
714 774 948 826 acceperat,
986 773 1102 813 certo
1134 770 1242 811 illud
1266 772 1369 811 tem-

25 844 129 885 pore
160 829 254 871 fieri
285 831 329 871 et
358 830 614 884 necessario,
645 845 740 872 cum
773 833 868 872 tota
900 844 945 872 se
977 830 1080 872 luna
1112 829 1191 871 sub
1221 829 1371 871 orbem

27 888 130 930 solis
163 888 433 943 subiecisset3
463 889 621 943 itaque,
654 889 736 930 etsi
766 903 853 930 non
879 888 996 930 omni
1021 888 1370 941 intermenstruo,

25 949 171 989 tamen
202 947 245 988 id
269 947 363 989 fieri
388 962 475 989 non
499 962 626 1003 posse
650 948 733 989 nisi
760 950 876 990 certo
903 948 1239 989 intermenstruo
1265 949 1371 988 tem-

25 1020 140 1062 pore.
191 1005 313 1055 Quod
344 1021 441 1048 cum
472 1006 731 1062 disputando
764 1004 1101 1063 ratiolnibusque
1128 1006 1198 1048 do-
1228 1007 1281 1058 [p.
1302 1016 1369 1048 279

24 1065 194 1120 cuisset,
225 1065 433 1120 populum
464 1065 667 1107 liberavit
697 1068 832 1119 metu3
870 1068 964 1107 erat
995 1065 1109 1107 enim
1140 1067 1234 1106 tum
1265 1066 1370 1106 haec

24 1138 138 1165 nova
169 1126 212 1164 et
242 1124 394 1179 ignota
425 1124 550 1178 ratio,
582 1124 717 1165 solem
750 1124 875 1165 lunae
910 1124 1113 1179 oppositu
1140 1124 1277 1164 solere
1304 1123 1371 1164 de-

24 1183 161 1237 ficere,
188 1183 300 1237 quod
326 1182 554 1224 Thaletem
571 1182 788 1224 Milesium
813 1183 1001 1237 primum
1027 1182 1185 1223 vidisse
1212 1182 1369 1223 dicunt.

23 1239 75 1283 Id
114 1243 258 1282 autem
298 1243 451 1296 postea
489 1255 543 1283 ne
573 1244 772 1283 nostrum
810 1241 981 1296 quidem
1012 1241 1199 1282 Ennium
1238 1240 1371 1296 fugit3

27 1299 100 1355 qui
131 1302 180 1341 ut
212 1299 381 1354 scribit,
415 1314 526 1341 anno
558 1300 860 1342 trecentesimo
894 1300 1250 1355 quinquagesimo
1281 1300 1371 1341 fere

26 1361 128 1415 post
159 1358 342 1400 Romam
374 1359 591 1400 conditam

143 1416 304 1459 Nonis
336 1416 478 1459 Iunis
511 1418 613 1459 soli
644 1418 765 1460 luna
797 1417 1013 1460 obstitit
1045 1419 1094 1459 et
1124 1432 1234 1459 nox.

25 1475 169 1531 Atque
183 1476 288 1518 hac
277 1491 322 1517 1n
335 1491 380 1518 re
393 1478 518 1518 tanta
531 1476 645 1518 inest
658 1477 770 1519 ratio
785 1480 914 1532 atque
929 1476 1137 1544 sollertia,
1154 1475 1157 1531 Ι
1176 1479 1224 1518 ut
1240 1477 1291 1528 [p.
1302 1486 1371 1518 ‘280

26 1549 77 1576 ex
115 1535 197 1577 hoc
234 1535 319 1589 die,
358 1550 484 1590 quem
521 1536 635 1591 apud
671 1536 859 1578 Ennium
899 1539 943 1578 et
979 1536 1026 1578 in
1062 1535 1262 1577 maximis
1302 1550 1372 1577 an-

25 1594 196 1636 nalibus
234 1594 537 1650 consignatum
574 1595 786 1650 videmus,
824 1594 1066 1650 superiores
1097 1594 1202 1636 solis
1235 1594 1371 1636 defec-

24 1653 164 1694 tiones
213 1655 439 1708 reputatae
482 1653 570 1695 sint
613 1669 748 1709 usque
792 1654 846 1695 ad
888 1654 1028 1707 illam,
1080 1668 1188 1708 quae
1232 1652 1370 1694 Nonis

26 1710 315 1760 Quinctilibus
364 1711 449 1753 fuit
491 1715 700 1768 regnante
743 1712 949 1767 Romulo,
1000 1712 1154 1767 quibus
1200 1711 1372 1766 quidem

25 1769 258 1812 Romulum
297 1771 487 1812 tenebris
530 1771 701 1813 etiamsi
741 1774 899 1813 natura
937 1771 991 1813 ad
1029 1771 1265 1813 humanum
1304 1785 1372 1812 ex-

24 1829 134 1871 itum
154 1829 357 1884 abripuit,
377 1830 514 1871 virtus
534 1833 680 1872 tamen
698 1831 744 1872 in
769 1831 934 1873 caelum
958 1830 1114 1872 dicitur
1131 1829 1370 1871 sustulisse.

113 1887 223 1930 Tum
255 1888 442 1930 Tubero:
480 1887 679 1944 Videsne,
714 1889 930 1944 Africane,
962 1889 1076 1944 quod
1106 1889 1238 1944 paulo
1271 1890 1371 1930 ante

28 1961 148 1989 secus
179 1947 262 1989 tibi
292 1947 531 2003 videbatur,
564 1947 642 1990 doc
662 1982 670 1990 .
692 1982 700 1990 .
722 1982 730 1991 .

357 2054 674 2106 [Desiderantur
697 2055 878 2109 payiuae
907 2056 1039 2108 duae]

85 2157 93 2166 .
114 2157 122 2166 .
141 2123 214 2178 lis,
252 2138 360 2178 quae
398 2124 573 2165 videant
611 2124 753 2166 ceteri.
809 2123 919 2173 Quid
950 2139 1081 2180 porro
1114 2127 1189 2166 aut
1222 2126 1276 2177 [p.
1305 2135 1369 2166 121

55 2183 294 2224 raeclarum
325 2184 449 2238 putet
480 2183 525 2224 in
556 2183 684 2225 rebus
715 2183 928 2238 humanis,
961 2185 1032 2238 qui
1062 2183 1167 2225 haec
1194 2184 1370 2225 deorum

49 2255 159 2297 egna
184 2242 462 2296 perspexerit,
489 2245 563 2283 aut
590 2242 850 2296 diuturnum,
878 2242 951 2297 qui
978 2242 1243 2298 cognoverit,
1269 2241 1370 2296 quid

48 2299 84 2341 it
115 2302 347 2354 aeternum,
380 2304 454 2342 aut
487 2301 737 2356 gloriosum,
768 2301 842 2356 qui
872 2301 1041 2356 viderit,
1074 2315 1202 2356 quam
1233 2314 1373 2355 parva

115 360 260 415 Atque
286 360 376 402 eius
403 361 519 402 modi
546 361 747 416 quiddam
773 359 904 402 etiam
929 359 1045 401 bello
1072 359 1150 401 illo
1170 359 1370 412 maximo,
1387 333 1440 414 ἐξ

1388 1870 1439 1911 17

1398 1922 1442 1953 26
