1685 2568
416 103 504 140 LIB.
531 104 558 141 Ι.
586 102 685 140 CAP.
715 107 863 140 19-22.
890 107 910 147 g
936 107 1086 141 38—44.
1338 107 1420 148 161

142 197 301 242 Corde
340 213 625 254 eapessere;
663 199 845 241 semita
875 199 1023 241 nulla
1052 201 1230 255 pedem
1263 202 1422 243 stabi-

1156 259 1301 301 libat.

138 316 269 359 Exin
300 317 610 372 compellare
640 319 790 371 pater
821 331 894 358 me
925 331 1046 359 voce
1077 317 1282 359 videtur
1446 328 1488 359 41

139 374 232 417 His
257 376 447 417 verbis:
475 375 546 417 “O
574 378 747 431 gnata,
772 375 871 417 tibi
891 377 1009 417 sunt
1029 378 1145 417 ante
1166 376 1420 432 gerendae

139 435 442 488 Aerumnae,
478 435 597 489 post
635 448 691 475 ex
721 433 887 476 fluvio
918 433 1130 476 fortuna
1160 435 1420 476 resistet.''

43 503 62 532 ⁶
138 492 273 535 Haec
293 492 490 535 ecfatus
510 494 673 547 pater,
695 506 952 548 germana,
972 495 1183 548 repente
1202 493 1421 536 recessit

137 551 240 593 Neo
271 565 381 593 sese
414 551 554 592 dedit
585 551 637 592 in
668 554 995 607 conspectum
1022 552 1170 594 eorde
1196 553 1420 608 cupitus,

138 609 448 664 Quamquam
497 610 658 651 multa
706 625 883 652 manus
934 611 993 653 ad
1038 611 1170 653 caeli
1214 612 1422 654 caerula

1106 671 1303 725 templa

136 726 424 769 Tendebam
444 727 734 769 lacrumans
755 730 803 770 et
820 729 1009 771 blanda
1023 743 1144 771 voce
1163 729 1419 771 vocabam.

135 784 231 826 Vix
257 800 409 841 aegro
430 788 536 827 tum
557 787 705 828 corde
726 802 831 829 meo
853 803 926 829 me
947 802 1152 830 somnus
1172 787 1418 842 reliquit?
1434 823 1488 863 21

27 857 60 882 10
77 843 207 898 Haec,
240 844 411 886 etiamsi
441 845 542 886 fieta
574 847 674 886 sunt
705 861 730 887 a
754 849 896 901 poeta,
926 861 1014 889 non
1040 847 1198 888 absunt
1223 849 1371 889 tamen
1396 862 1421 888 a
1445 874 1491 905 42

78 903 383 945 consuetudine
422 903 698 946 somniorum.
761 904 826 946 Sit
865 920 966 947 sane
1005 906 1136 947 etiam
1168 906 1279 947 illud
1310 921 1421 948 eom-

76 962 337 1017 menticium,
370 977 453 1017 quo
485 962 683 1004 Priamus
717 966 783 1005 est
814 964 1106 1019 conturbatus,
1139 965 1240 1019 quia

144 1054 153 1063 .
172 1021 333 1062 mater
365 1021 580 1077 gravida
610 1023 790 1076 parere
817 1037 864 1064 ex
889 1038 940 1064 se
967 1023 1232 1065 ardentem
1258 1024 1420 1066 facem

133 1078 314 1121 Visast
345 1080 394 1121 in
428 1080 618 1122 somnis
651 1080 876 1136 Hecuba3
910 1096 1004 1136 quo
1036 1082 1175 1124 facte
1206 1086 1355 1138 pater

25 1147 58 1176 15
136 1137 238 1180 Rex
268 1137 379 1193 ipse
409 1138 643 1180 Priamus
676 1139 872 1182 semnio
904 1139 1090 1182 mentis
1124 1144 1260 1183 metu

134 1196 408 1238 Perculsus
440 1198 575 1239 euris
609 1201 840 1252 sumptus
874 1199 1263 1254 suspirantibus

133 1255 554 1298 Exsaerifieabat
585 1256 775 1299 hestiis
808 1257 1122 1300 balantibus.

134 1314 255 1356 Tum
287 1315 633 1357 eenieeturam
664 1316 901 1370 pestulat
932 1319 1104 1372 pacem
1135 1320 1335 1373 petens,

133 1373 200 1415 Ut
232 1388 282 1415 se
315 1373 567 1428 edoceret,
600 1374 876 1416 ebseorans
910 1375 1228 1430 Apellinem,

24 1444 57 1470 20
134 1431 237 1481 Quo
270 1434 379 1474 sese
410 1435 618 1475 vertant
649 1434 824 1475 tantae
857 1436 1026 1476 sortes
1059 1435 1321 1478 semnium.

132 1490 212 1533 Ibi
245 1493 302 1533 ex
333 1492 505 1534 oraclo
538 1493 658 1534 veee
690 1492 864 1534 divina
896 1493 1058 1535 edidit

133 1550 340 1605 Ap6110‚
371 1566 596 1606 puerum,
628 1550 822 1606 primus
854 1551 1058 1595 Priamo
1093 1552 1181 1608 qui
1209 1553 1346 1596 foret

131 1608 359 1650 Postilla
389 1613 559 1664 natus,
591 1612 907 1665 temperaret
939 1612 1145 1667 tellere3

131 1667 256 1709 Eum
295 1670 406 1710 esse
445 1669 657 1711 exitium
689 1669 889 1724 Treiae,
928 1673 1125 1725 pestem
1155 1670 1417 1727 Pergamo.

40 1736 56 1763 ⁵
75 1723 170 1767 Sint
200 1727 318 1782 haee,
348 1730 398 1769 ut
424 1728 521 1783 dixi,
554 1728 722 1770 somnia
745 1728 1004 1784 fabularum,
1035 1730 1188 1785 hisque
1215 1731 1417 1787 adiunga—
1443 1738 1488 1769 43

73 1787 144 1826 tur
176 1786 307 1827 etiam
332 1786 505 1829 Aeneae
537 1787 761 1842 somnium,
795 1788 908 1842 quod
940 1788 985 1830 in
1015 1789 1154 1830 nostri
1178 1788 1302 1832 Fabii
1327 1790 1419 1833 Pie-

73 1843 181 1885 toris
214 1844 387 1887 Graecis
421 1846 651 1888 annalibus
677 1846 767 1888 eius
792 1846 909 1888 modi
936 1850 1010 1900 est,
1042 1850 1091 1889 ut
1118 1848 1276 1904 omnia,
1309 1864 1417 1904 quae

75 1901 129 1943 ab
162 1902 307 1945 Aenea
343 1908 467 1960 gesta
506 1907 605 1947 sunt
645 1920 837 1960 quaeque
874 1906 943 1947 illi
974 1907 1235 1963 aeciderunt,
1274 1922 1324 1950 ea
1354 1909 1417 1951 fu-

74 1960 197 2015 erint,
230 1976 336 2016 quae
368 1963 408 2005 ei
439 1964 672 2006 seeundum
705 1965 893 2019 quietem
924 1965 1018 2007 visa
1050 1968 1161 2008 sunt.

39 2030 54 2056 ο
163 2018 244 2061 Sed
279 2022 482 2076 propiora
518 2023 751 2065 videamus.
814 2022 1047 2066 Cuiusnam
1085 2025 1202 2067 modi
1240 2028 1306 2068 est
1343 2025 1486 2068 Su-22

35 2078 40 2084 '
73 2079 196 2133 perbi
221 2078 443 2134 Tarquinii
469 2083 694 2136 somnium,
728 2082 778 2124 de
804 2097 887 2137 quo
914 2083 960 2124 in
978 2082 1114 2126 Bruto
1136 2084 1256 2126 Accii
1281 2086 1416 2140 loqui-

74 2140 144 2179 tur
174 2138 296 2192 ipse‘?

132 2195 377 2245 Quoniam
410 2198 570 2253 quieti
601 2200 782 2255 cerpus
814 2203 1065 2244 nocturno
1097 2200 1279 2257 inpetu
1440 2210 1487 2242 44

130 2254 263 2297 Dedi
293 2271 474 2311 sopore
506 2258 714 2312 placans
747 2261 888 2301 artus
920 2260 1213 2316 languidos,

130 2314 311 2356 Visfist
342 2315 394 2356 in
427 2316 616 2358 somnis
648 2319 825 2372 pastor
858 2319 917 2360 ad
948 2334 1022 2361 me
1054 2320 1319 2375 appellere

141 2395 203 2422 010
231 2397 286 2423 Π.
311 2398 336 2423 2.
1086 2392 1128 2423 11

23 2029 37 2056 (9
