1685 2568
399 98 488 135 LIB.
515 99 560 135 II.
595 98 694 133 CAP.
722 103 870 134 10—12.
903 103 923 141 ξ
949 103 1098 134 26-32.
1361 100 1416 142 57

82 209 260 249 conexa,
293 195 453 239 habere
484 195 670 249 aliquem
701 194 747 236 in
778 209 822 235 se
853 194 1160 249 principatum,
1191 197 1240 236 ut
1270 195 1316 237 in
1345 196 1419 238 ho-

82 254 195 295 mine
226 256 431 308 mentem,
461 253 507 294 111
537 253 665 294 belua
696 253 898 307 quiddam
930 252 1070 294 simile
1101 253 1277 307 mentis,
1308 254 1419 295 unde

83 312 279 354 oriantur
304 327 445 354 rerum
473 311 700 366 adpetitus.
751 310 802 352 In
822 311 1024 353 arborum
1045 314 1188 353 autem
1209 314 1252 353 et
1272 326 1419 354 earum

81 385 237 425 rerum,
269 385 376 426 quae
408 370 645 426 gignuntur
676 384 698 411 e
729 372 857 424 terra,
888 369 1103 411 radicibus
1134 370 1274 412 inesse
1305 371 1419 426 prin-

47 440 63 466 5
83 429 250 484 cipatus
272 432 496 500 putatur
545 427 842 483 Principatum
883 431 1027 470 autem
1066 429 1110 470 id
1150 429 1262 484 dico,
1306 429 1421 484 quod

83 486 235 530 Graeci
260 484 526 542 ἡγεμονικόν
551 490 720 541 vocant,
753 501 836 542 quo
861 486 1007 528 nihil
996 502 1041 528 111
1069 502 1291 543 quoquet>
1265 501 1420 529 venere

81 561 159 588 nec
195 548 340 601 potest
375 560 452 588 nec
490 545 616 587 debet
654 560 746 587 esse
784 545 1087 601 praestantius.
1148 545 1218 587 Ita
1247 560 1420 588 necesse

82 608 149 647 est
179 605 288 646 illud
319 605 462 659 etiam,
494 604 539 645 in
570 618 654 659 quo
687 604 745 646 sit
776 605 910 646 totius
935 606 1115 646 naturae
1140 605 1421 660 principatus,

83 678 176 706 esse
219 663 409 705 omnium
451 663 664 718 optimum
705 663 979 718 omniumque
1018 677 1162 704 rerum
1202 666 1420 718 potestate

31 734 63 759 10
83 722 388 776 dominatuque
426 721 737 777 dignissimum.
798 721 1004 763 Videmus
1037 724 1181 764 autem
1212 722 1258 764 in
1287 723 1420 777 parti-

81 781 162 822 bus
194 780 340 822 mundi
371 778 499 835 (nihil
532 783 598 822 est
629 781 742 821 enim
774 781 820 822 in
851 780 967 822 0111111
993 781 1163 834 1111111ᾶο,
1197 781 1310 835 quod
1334 796 1422 823 non

81 853 182 895 pars
218 839 408 880 universi
440 838 516 894 sit)
549 839 688 881 ines‘se
721 854 893 880 sensum
926 842 1054 894 atque
1084 840 1308 881 rationem.
1370 839 1422 881 In

82 912 132 940 ea
162 901 285 953 parte
316 898 462 954 igitur,
493 898 539 939 in
571 912 655 952 qua
684 898 832 939 mundi
863 899 976 939 inest
1006 898 1286 954 principatus,
1316 899 1422 941 haec

81 957 221 998 inesse
260 971 432 999 11666886
470 959 553 1011 est,
595 959 638 998 et
677 957 842 999 acriora
880 956 1052 1011 quidem
1084 962 1213 1012 atque
1246 957 1421 999 maiora.

30 1026 64 1053 15
83 1014 292 1064 Quocirca
329 1015 566 1070 sapientem
605 1029 696 1056 esse
734 1015 940 1057 mundum
976 1030 1149 1058 necesse
1180 1019 1265 1070 est,
1301 1020 1422 1058 natu-

83 1089 260 1128 ramque
298 1089 410 1125 eam,
454 1088 560 1129 quae
598 1088 666 1115 res
705 1088 851 1116 omnes
889 1075 1096 1129 conplexa
1133 1077 1294 1129 teneat,
1330 1089 1423 1130 per-

80 1133 265 1174 fectione
297 1133 478 1174 rationis
512 1132 730 1186 excellere,
762 1147 895 1187 eoque
928 1132 1054 1174 deum
1087 1147 1179 1175 esse
1205 1134 1422 1188 mundum,

84 1205 337 1245 omnemque
368 1191 456 1232 vim
482 1190 629 1232 mundi
653 1194 810 1232 natura
836 1191 980 1233 divina
1005 1192 1225 1234 contineri.
1236 1190 1263 1243 J>
1278 1193 1422 1247 Atque

84 1250 215 1292 etiam
252 1249 402 1291 mundi
432 1250 507 1291 ille
538 1249 682 1291 fervor
712 1250 878 1305 purior,
914 1250 1174 1305 perlucidior
1204 1251 1423 1293 mobilior-

30 1321 64 1346 20
84 1323 165 1364 (1116
194 1312 253 1351 est
281 1309 419 1350 multo
447 1309 501 1350 ob
528 1322 684 1363 easque
710 1323 861 1350 causas
888 1309 1031 1364 aptior
1057 1309 1111 1351 ad
1136 1324 1285 1351 sensus
1313 1324 1423 1352 com-

83 1367 315 1409 movendos
348 1382 477 1422 quam
501 1367 571 1409 hic
595 1369 743 1409 noster
768 1368 896 1422 calor,
929 1382 1012 1422 quo
1038 1368 1153 1423 11666,
1187 1383 1295 1423 quae
1319 1371 1424 1411 nota

82 1426 208 1468 nobis
250 1429 368 1481 sunt,
411 1426 651 1468 retinentur
696 1428 738 1468 et
780 1427 940 1482 vigent.
1001 1426 1251 1469 Absurdum
1287 1427 1423 1483 igitur

85 1488 151 1527 est
176 1485 327 1539 dicere,
359 1500 455 1527 cum
480 1485 676 1527 homines
702 1485 951 1540 bestiaeque
977 1485 1058 1527 hoc
1084 1486 1226 1528 calore
1252 1488 1423 1528 tenean-

83 1547 154 1585 tur
186 1546 229 1585 et
258 1546 488 1599 propterea
512 1546 766 1586 moveantur
791 1559 839 1586 ac
866 1544 1066 1599 sentiant,
1097 1545 1304 1586 mundum
1330 1560 1422 1587 esse

31 1613 65 1640 25
85 1603 176 1644 81116
217 1617 359 1657 8611811,
401 1603 473 1657 qui
512 1603 682 1658 integro
721 1605 764 1644 et
801 1603 937 1645 libero
976 1606 1019 1644 et
1048 1618 1157 1658 puro
1190 1604 1422 1659 eodemque

85 1661 292 1704 acerrimo
331 1664 374 1703 et
412 1661 698 1704 mobilissimo
730 1662 881 1703 ardore
912 1664 1128 1716 teneatur,
1166 1663 1422 1717 praesertim

85 1735 181 1762 cum
223 1720 260 1762 is
298 1720 444 1775 ardor,
488 1721 562 1778 qui
599 1723 665 1762 est
702 1721 866 1776 mundi,
908 1735 996 1763 non
1027 1722 1218 1777 agitatus
1251 1722 1305 1764 ab
1339 1722 1423 1764 alio

83 1793 221 1834 neque
258 1781 434 1820 externo
471 1779 619 1834 pulsu,
664 1779 737 1821 sed
773 1794 850 1835 per
881 1794 926 1821 se
956 1780 1049 1835 ipse
1081 1795 1130 1822 ac
1162 1795 1239 1822 sua
1271 1783 1424 1836 sponte

84 1840 319 1879 moveatur.
386 1837 501 1879 Nam
541 1838 643 1893 quid.
681 1841 827 1894 potest
867 1853 959 1880 esse
999 1839 1156 1881 mundo
1197 1840 1426 1895 valentius,

33 1907 67 1933 ³0
86 1896 198 1950 quod
234 1897 371 1952 pellat
409 1899 538 1951 atque
568 1900 740 1939 moveat
772 1897 959 1939 calorem
991 1912 1104 1952 eum,
1144 1912 1227 1952 quo
1259 1899 1334 1940 ille
1365 1902 1424 1940 te-

83 1956 266 1997 neatur?
333 1955 572 1997 Audiamus
618 1956 732 1997 enim
771 1955 999 1998 Platonem
1044 1957 1167 2011 quasi
1211 1957 1424 2012 quendam

86 2013 212 2055 deum
236 2014 613 2070 philosophorum3
639 2015 706 2057 6111
732 2015 814 2057 (1110
836 2015 980 2070 placet
1000 2029 1092 2057 esse
1112 2018 1268 2071 motus,
1293 2032 1426 2058 unum

86 2086 227 2126 suum,
265 2073 450 2115 alterum
481 2076 720 2128 externum,
759 2088 851 2115 esse
889 2076 1034 2116 autem
1066 2074 1268 2128 divinius,
1313 2076 1427 2130 quod

86 2130 228 2186 ipsum
260 2145 310 2172 ex
342 2146 386 2173 86
418 2146 496 2174 8116
527 2135 681 2187 sponte
713 2134 955 2187 moveatur,
994 2148 1123 2199 quam
1154 2109 1268 2188 quod
1298 2135 1427 2189 pulsu

33 2199 68 2226 35
88 2189 278 2245 agitetur
316 2190 468 2232 alieno.
528 2190 654 2233 Hunc
685 2194 828 2233 autem
860 2194 1026 2233 motum
1056 2192 1102 2233 in
1133 2192 1238 2234 solis
1271 2193 1426 2234 animis

87 2262 180 2289 esse
216 2248 356 2303 ponit,
395 2249 448 2290 ab
479 2249 632 2304 hisque
663 2250 920 2316 principium
952 2253 1095 2292 motus
1128 2266 1220 2292 esse
1253 2251 1427 2292 ductum

85 2308 225 2362 putat.
288 2305 572 2363 Quapropter,
604 2308 806 2363 quoniam
838 2323 889 2351 ex
920 2309 1067 2351 mundi
1100 2310 1251 2351 ardore
1283 2312 1426 2350 motus

1446 733 1489 764 30

1448 1438 1491 1469 31

1442 1939 1494 1979 12

1450 1991 1493 2021 32
