1685 2568
208 117 296 157 412
733 117 797 151 DE
823 115 1027 151 LEGIBUS

298 212 447 254 Ritus
477 212 709 254 familiae
741 215 1043 268 patrumque
1075 215 1328 256 servanto.

298 271 455 313 Divos
494 274 543 313 et
579 286 683 327 eos,
720 271 804 326 qui
840 272 1092 313 caelestes
1130 285 1327 326 semper
1357 271 1543 327 habiti,

210 329 418 372 colunto
451 332 500 372 et
531 330 683 384 ollos,
715 344 839 384 quos
872 329 996 371 endo
1030 330 1170 371 caelo
1202 330 1383 371 merita
1408 331 1543 373 loca-

210 389 397 442 verint,
432 388 721 442 Herculem,
758 387 1013 442 Liberum,
1045 388 1424 443 Aesculapium,
1456 388 1544 431 Ca-

212 451 418 500 storem,
448 447 727 501 Pollucem,
759 445 1038 500 Quirinum,
1071 449 1150 488 ast
1182 447 1302 500 olla,
1333 450 1579 502 propters

212 519 338 560 quae
379 506 526 547 datur
563 505 758 547 homini
795 519 1036 546 ascensus
1074 506 1124 546 in
1161 507 1370 560 caelum,
1413 506 1544 548 Men-

210 567 327 616 tem,
377 563 654 618 Virtutem,
708 563 980 618 Pietatem,
1030 562 1219 618 Fidem,
1275 579 1544 620 earumque

211 623 412 664 laudum
446 623 660 664 delubra
691 625 858 676 sunto,
888 637 947 664 ne
978 623 1164 664 uncula
1194 623 1449 665 vitiorum.

300 680 452 724 Sacra
483 681 757 723 sollemnia
789 682 1021 723 obeunto.

297 739 463 782 Feriis
503 740 674 795 iurgia
714 742 981 782 amovento
1023 755 1209 795 easque
1248 740 1299 782 in
1334 740 1544 783 famulis
1565 753 1599 779 10
1652 754 1653 799 j

210 799 453 854 operibus
501 799 728 854 patratis
765 799 1006 852 habento,
1049 799 1225 853 itaque
1262 802 1316 841 ut
1353 800 1427 841 ita
1465 815 1545 842 ca-

210 858 296 898 dat
343 857 393 898 in
442 857 623 899 annuis
667 857 1009 912 anfractibus,
1060 858 1373 913 descriptum
1422 861 1545 900 esto.

211 915 493 971 Certasque
536 915 712 972 fruges
754 919 1023 971 certasque
1060 917 1211 958 bacas
1251 917 1544 959 sacerdotes

209 975 415 1029 publice
452 975 670 1028 libant03
713 975 806 1017 hoc
844 975 1000 1016 certis
1039 975 1322 1017 sacrificiis
1361 991 1414 1017 ac
1446 976 1546 1017 die·
1652 1019 1654 1031 Α

139 1042 182 1073 20
209 1034 321 1088 bus,
363 1034 586 1090 itemque
631 1034 761 1076 alios
807 1034 866 1076 ad
910 1034 1016 1075 dies
1060 1034 1347 1076 ubertatem
1391 1035 1544 1076 lactis
1565 1045 1599 1072 15

208 1092 512 1147 feturaeque
555 1095 815 1146 servanto3
859 1093 1007 1147 idque
1044 1107 1103 1134 ne
1142 1093 1397 1134 committi
1433 1108 1546 1148 pos·
1652 1093 1653 1102 ¹

210 1151 298 1204 sit,
325 1151 384 1192 ad
411 1166 517 1193 eam
542 1166 664 1206 rem,
690 1151 944 1193 rationem
970 1166 1148 1193 cursus
1169 1166 1360 1193 annuos
1382 1167 1547 1194 sacer-

210 1210 355 1251 dotes
390 1209 637 1264 finiunto,
676 1225 902 1264 quaeque
935 1211 1155 1264 quoique
1188 1211 1302 1252 divo
1335 1211 1545 1252 decorae

209 1271 490 1324 grataeque
523 1269 627 1310 sint
658 1269 878 1323 hostiae,
910 1269 1228 1324 providente.
1677 1318 1682 1325 .

297 1326 546 1381 Divisque
573 1328 694 1368 aliis
717 1328 810 1369 aliz·
830 1328 1145 1382 sacerdotes,
1172 1328 1404 1370 omnibus
1425 1343 1545 1382 pon·
1564 1340 1599 1365 2⁰
1652 1328 1653 1354 ³

209 1385 401 1440 tifices,
440 1387 663 1441 singulis
700 1386 942 1428 flamines
975 1389 1140 1428 sunto.
1201 1385 1546 1442 Virginesque

207 1443 448 1486 Vestales
492 1445 543 1486 in
586 1446 708 1486 urbe
748 1445 1078 1487 custodiunto
1117 1445 1284 1501 ignem
1320 1445 1423 1488 foci
1459 1461 1546 1501 pu-

207 1503 332 1545 blici
365 1504 741 1559 sempiternum.

296 1561 504 1617 Quoque
540 1562 664 1604 haec
700 1563 944 1618 privatim
982 1565 1031 1604 et
1067 1563 1272 1618 publice
1308 1563 1449 1605 modo
1481 1563 1546 1604 ri-

208 1623 362 1675 tuque
394 1621 549 1676 fiant,
581 1622 816 1664 discunto
849 1622 1018 1677 ignari
1056 1637 1081 1663 a
1118 1622 1343 1676 publicis
1381 1636 1544 1664 sacer·
1564 1633 1597 1660 25

208 1680 428 1721 dotibus.
460 1680 647 1722 Eorum
668 1683 836 1722 autem
857 1695 1045 1735 genera
1064 1683 1212 1722 sunto
1234 1681 1352 1735 tria,
1377 1695 1544 1736 unum,

208 1738 338 1792 quod
382 1739 580 1794 praesit
623 1739 950 1781 caerimoniis
995 1742 1045 1780 et
1084 1739 1263 1793 sacris,
1307 1740 1544 1794 alterum,

208 1797 338 1851 quod
374 1798 756 1853 interpretetur
790 1797 1124 1839 fatidicorum
1161 1800 1209 1840 et
1246 1799 1439 1840 vatium
1471 1813 1545 1840 ec—

205 1855 317 1897 fata
365 1856 651 1912 incognita,
701 1871 911 1911 quorum
962 1860 1171 1898 senatus
1220 1857 1543 1912 populusque
1650 1909 1651 1912 Ἴ

209 1914 506 1970 adsciverit3
565 1916 880 1970 interpretes
938 1918 1105 1957 autem
1158 1915 1297 1957 Iovis
1352 1916 1596 1971 optumi30

207 1974 447 2028 maxumi,
491 1975 687 2029 publici
730 1988 965 2029 augures,
1009 1974 1174 2030 signis
1212 1977 1262 2015 et
1299 1975 1543 2029 auspiciis

134 2039 178 2070 21
205 2032 438 2087 †postea
481 2034 707 2087 vidento,
760 2033 1086 2087 disciplinam
1129 2035 1337 2075 tenento
1382 2048 1544 2075 sacer-

206 2091 474 2145 dotesque,
505 2092 679 2133 vineta
709 2091 1012 2147 virgetaque
1045 2094 1093 2132 et
1124 2092 1342 2133 salutem
1367 2092 1543 2157 populi

205 2152 513 2205 auguranto‚
566 2151 753 2216 quique
804 2153 957 2205 agent
1006 2165 1107 2192 rem
1158 2151 1316 2192 duelli
1360 2151 1542 2206 quique
1648 2188 1685 2203 ,

202 2209 522 2263 popularem,
578 2209 861 2264 auspicium
911 2212 1293 2264 praemonente,
1349 2209 1594 2264 ollique35
1681 2205 1685 2213 “

203 2266 621 2322 obtemperanto,
682 2268 1011 2322 divorumque
1073 2268 1177 2309 iras
1237 2268 1542 2323 providento
1649 2282 1651 2284 ’

203 2325 378 2380 sisque
417 2329 700 2382 apparente
738 2327 969 2381 caelique
1006 2326 1214 2382 fulgora
1245 2326 1542 2382 regionibus
