1685 2568
182 1328 227 1358 54

182 2030 226 2061 55

252 105 339 145 324
727 105 790 139 DE
815 105 879 138 RE
904 104 1110 139 PUBLICA

253 201 504 242 constitutio
524 201 699 242 Romuli
731 216 826 242 cum
858 201 1061 242 ducentos
1088 215 1222 241 annos
1249 205 1291 241 et
1316 201 1472 256 viginti
1497 201 1587 242 fere

252 260 376 300 firma
407 260 656 301 mansisset.
677 293 685 300 .
707 294 715 300 .
736 293 745 301 .
803 260 987 311 (Nonius
1010 273 1053 311 p.
1085 262 1179 300 526.
1214 260 1271 312 7.)

343 319 474 371 [Hinc
510 322 581 368 est,
619 319 725 371 Quod
759 318 932 371 γεραίρω
962 318 1278 358 dominationem
1307 331 1391 359 non
1419 318 1589 370 ferentes

252 391 395 419 annua
426 378 598 430 imperia
629 378 816 428 binosque
845 377 1106 428 mperatorae
1135 377 1213 417 siba·
1237 377 1372 427 fecere,
1403 377 1474 429 qui
1497 391 1588 418 con-

252 437 357 477 sales
387 436 581 488 appellati
611 438 708 476 sunt
736 448 763 474 α
793 434 1049 484 consulendo,
1080 448 1163 475 ozon
1193 448 1301 487 reyes
1331 438 1406 476 aut
1433 436 1589 476 domini
1625 447 1642 472 5

252 509 279 535 a
315 495 519 547 reymundo
556 497 675 546 atque
711 493 969 534 dominando.
1030 492 1307 546 (Auqustmus
1341 494 1389 535 de
1424 494 1496 535 civ.
1525 494 1590 535 dez·

260 554 300 595 V
324 553 429 607 12)]

252 631 287 663 p.
315 612 378 663 35]
479 645 487 652 .
508 645 516 651 .
538 644 546 651 .
567 610 655 651 .lex
681 610 758 650 illa
783 612 878 651 tota
904 610 1076 651 sublata
1098 612 1175 651 est.
1218 609 1312 652 Hac
1334 612 1476 652 mente
1495 613 1590 652 tum

252 669 392 711 nostri
429 669 612 710 maiores
651 671 694 709 et
729 668 1006 710 Conlatinum
1042 669 1311 710 innocentem
1349 669 1589 724 suspicione

254 728 522 784 cognationis
564 728 818 782 expulerunt
858 730 901 768 et
941 728 1129 781 reliquos
1167 727 1423 782 Tarquinios
1463 728 1590 769 offen·
1610 740 1643 766 10

255 788 372 829 sione
403 786 606 840 nominis,
639 787 870 840 eademque
902 789 1043 827 mente
1075 786 1120 827 P.
1146 785 1346 827 Valerius
1378 789 1422 828 et
1451 787 1590 829 fasces

253 847 418 901 primus
451 845 619 886 demitti
650 845 794 898 iussit,
827 860 922 886 cum
956 845 1094 886 dicere
1125 845 1171 885 in
1202 846 1400 887 contione
1432 846 1591 900 coepis-

252 908 334 959 set,
377 907 420 946 et
464 904 578 945 aedis
621 918 719 945 suas
758 904 912 944 detulit
949 904 1028 944 sub
1065 903 1256 958 Veliam,
1295 907 1590 959 posteaquam,

252 964 365 1018 quod
400 963 446 1004 in
478 963 707 1004 excelsiore
738 963 831 1004 loco
863 962 1012 1003 Veliae
1045 963 1255 1017 coepisset
1286 963 1508 1004 aedificare
1541 978 1589 1005 eo

251 1043 287 1074 p.
313 1024 375 1074 36]
407 1022 520 1076 ipso,
557 1021 631 1062 ubi
663 1036 737 1062 rex
764 1022 768 1076 Ι
798 1021 949 1062 Tullus
980 1021 1272 1075 habitaverat,
1305 1022 1589 1076 suspicionem
1611 1034 1643 1059 15

252 1081 401 1137 populi
433 1080 566 1121 sensit
598 1080 778 1134 moveri,
816 1080 1031 1135 idemque,
1062 1080 1106 1120 in
1139 1095 1221 1134 quo
1252 1080 1337 1122 fuit
1366 1080 1591 1123 Publicola

253 1140 448 1192 maxime,
480 1140 619 1194 legem
654 1139 706 1179 ad
737 1139 945 1194 populum
976 1139 1079 1180 tulit
1111 1153 1216 1193 eam,
1249 1154 1356 1193 quae
1382 1141 1591 1181 centuria-

252 1200 309 1240 tis
341 1198 526 1240 comitiis
558 1198 698 1252 prima
723 1198 814 1238 lata
840 1200 916 1252 est,
948 1213 1000 1238 ne
1027 1198 1121 1252 quis
1148 1198 1429 1254 magistratus
1454 1199 1591 1240 civem

253 1258 494 1299 Romanum
534 1257 737 1297 adversus
775 1257 1125 1311 provocationem
1162 1260 1334 1298 necaret
1364 1272 1469 1299 neve
1500 1272 1590 1298 ver-

251 1318 433 1358 beraret.
482 1315 839 1357 Provocationem
871 1318 1014 1356 autem
1047 1315 1177 1356 etiam
1209 1330 1235 1357 a
1259 1316 1431 1371 regibus
1457 1315 1589 1357 fuisse
1610 1329 1644 1353 20

252 1376 473 1417 declarant
527 1374 737 1429 pontificii
792 1374 910 1427 libri,
967 1374 1211 1429 significant
1265 1375 1405 1416 nostri
1458 1375 1590 1416 etiam

251 1454 286 1486 p.
315 1435 400 1486 119]
435 1434 674 1488 augurales,
704 1433 708 1485 Ι
735 1433 923 1487 itemque
956 1433 1009 1474 ab
1042 1433 1158 1474 omni
1188 1433 1344 1474 iudicio
1369 1447 1589 1488 poenaque

251 1493 477 1549 provocari
509 1492 635 1533 licere
667 1492 857 1533 indicant
888 1504 955 1533 XII
986 1492 1160 1533 tabulae
1186 1493 1460 1546 conpluribus
1486 1492 1590 1547 legi-

251 1553 349 1605 bus,
382 1554 424 1592 et
457 1551 569 1605 quod
601 1551 819 1606 proditum
851 1550 1082 1592 memoriae
1115 1552 1198 1604 est,
1230 1551 1397 1605 xviros,
1429 1552 1502 1606 qui
1534 1552 1589 1592 le-

253 1625 327 1666 ges
361 1610 623 1664 scripserint,
656 1609 745 1650 sine
771 1609 1076 1664 provocatione
1103 1612 1282 1663 creatos,
1315 1610 1421 1651 satis
1449 1612 1587 1652 osten·
1608 1621 1642 1647 25

252 1670 363 1710 derit
388 1669 577 1723 reliquos
598 1668 688 1709 sine
708 1668 1011 1722 provocatione
1032 1668 1314 1723 magistratus
1334 1683 1421 1710 non
1439 1669 1589 1723 fuisse3

251 1728 454 1782 Luciique
487 1726 651 1768 Valerii
681 1727 815 1768 Potiti
854 1729 896 1767 et
927 1726 982 1767 M.
1014 1726 1188 1768 Horatii
1218 1726 1417 1781 Barbati,
1454 1727 1589 1769 homi-

251 1802 354 1828 num
385 1786 635 1828 concordiae
668 1800 796 1827 causa
828 1785 1044 1840 sapienter
1075 1786 1366 1841 popularium,
1398 1788 1588 1828 consula-

251 1865 286 1897 p.
317 1846 401 1897 120]
434 1845 493 1886 ris
531 1845 599 1886 lex
637 1845 797 1898 sanxit,
830 1845 835 1898 Ι
868 1858 921 1885 ne
954 1844 1027 1898 qui
1058 1844 1340 1900 magistratus
1373 1845 1463 1887 sine
1493 1860 1588 1900 pro-

251 1904 474 1946 vocatione
514 1906 747 1957 crearetur3
788 1917 925 1957 neque
963 1917 1062 1944 vero
1101 1903 1218 1958 leges
1251 1903 1444 1958 Porciae,
1480 1919 1588 1958 quae
1608 1916 1642 1941 30

251 1965 340 2004 tres
373 1965 473 2003 sunt
503 1963 634 2003 trium
665 1961 931 2015 Porciorum,
961 1964 1011 2003 ut
1042 1961 1160 2003 scitis
1169 1995 1179 2016 ,
1213 1962 1439 2016 quicquam
1469 1978 1588 2018 prae-

252 2025 318 2062 ter
349 2021 613 2062 sanctionem
643 2020 882 2062 attulerunt
907 2020 1019 2062 novi.
1067 2019 1218 2074 Itaque
1244 2021 1468 2064 Publicola
1492 2022 1587 2078 lege

251 2080 329 2121 illa
361 2079 410 2120 de
436 2080 740 2134 provocatione
766 2080 935 2133 perlata
960 2079 1110 2120 statim
1137 2079 1295 2121 securis
1321 2081 1371 2121 de
1397 2080 1584 2122 fascibus

252 2138 363 2179 demi
379 2138 506 2179 iussit
520 2138 811 2193 postridieque
824 2137 906 2179 sibi
921 2138 1132 2193 collegam
1148 2136 1217 2192 Sp.
1231 2137 1476 2180 Lucretium
1492 2140 1587 2180 sub·
1665 2177 1669 2183 .

250 2197 422 2253 rogavit
443 2211 626 2251 suosque
653 2197 706 2238 ad
732 2211 839 2249 eum,
866 2197 979 2251 quod
1000 2199 1092 2237 erat
1118 2197 1255 2238 maior
1274 2200 1389 2252 natu,
1414 2198 1586 2239 lictores
1606 2209 1640 2234 35
1660 2222 1668 2242 ,⁴

249 2275 285 2308 p.
313 2257 398 2308 185]
431 2257 614 2297 transire
645 2254 783 2311 iusjsit
814 2255 1086 2309 instituitque
1118 2256 1293 2310 primus,
1324 2258 1372 2296 ut
1405 2257 1585 2312 singulis

249 2314 495 2356 consulibus
545 2314 723 2356 alternis
770 2314 989 2355 mensibus
1034 2313 1207 2355 lictores
1251 2314 1485 2369 praeirent,
1533 2330 1585 2357 ne
