1685 2568
432 152 522 188 LIB.
549 152 594 186 11.
628 151 728 186 CAP.
756 155 906 187 23-26.
939 155 958 194 ἓ
984 156 1134 187 61—66.
1396 152 1450 193 69

115 249 344 290 voluerunt
382 263 432 290 ea
467 250 591 303 parte
628 246 837 301 corporiS,
876 261 982 301 quae
1020 246 1317 289 coniunctione
1349 247 1452 288 alte-

115 308 203 348 rius
245 310 390 363 egeret
430 307 484 348 ad
519 305 841 361 procreandum.
902 303 1134 347 Saturnum
1173 308 1317 347 autem
1356 320 1452 346 eum
1467 309 1522 351 25

115 380 208 407 esse
233 367 474 420 voluerunt,
506 364 579 419 qui
605 378 775 405 cursum
801 366 844 405 et
869 364 1191 406 conversionem
1211 364 1452 418 spatiorum

115 439 165 467 ac
205 427 450 479 temporum
490 422 744 476 contineret,
785 422 858 477 qui
896 423 998 464 deus
1031 421 1192 464 Graece
1229 422 1273 463 id
1309 422 1452 478 ipsum

20 507 22 510 v
80 495 95 520 5
113 498 272 526 nomen
300 483 451 537 habet3
481 479 658 535 Κρόνος
690 481 803 522 enim
830 481 995 536 dieitur,
1028 481 1101 536 qui
1127 483 1192 522 est
1217 480 1330 522 idem
1355 478 1453 536 χρό-

115 557 212 596 νος,
252 542 297 583 id
336 543 402 583 est
443 540 632 595 spatium
672 540 891 595 temporis.
953 538 1163 582 Saturnus
1202 542 1347 581 autem
1386 541 1453 580 est

116 601 371 656 appellatus,
403 599 517 654 quod
548 601 816 640 saturaretur
848 598 990 653 annis,
1021 613 1071 640 ex
1103 613 1148 640 se
1180 598 1293 640 enim
1324 600 1451 639 natos

115 673 303 702 comesse
339 657 521 714 fingitur
552 657 724 711 solitus,
763 657 863 711 quia
895 657 1108 700 consumit
1139 659 1259 699 aetas
1290 659 1453 711 tempo-

114 733 210 760 rum
248 717 391 772 spatia
422 716 630 770 annisque
660 716 908 771 praeteritis
939 716 1282 758 insaturabiliter
1313 716 1452 770 exple-

0 792 4 797 ·
64 789 95 814 10
114 780 205 831 tur,
249 776 418 818 vinctus
462 777 607 817 autem
651 789 677 816 a
712 774 832 829 Iove,
874 789 927 816 ne
970 775 1261 817 inmoderatos
1303 788 1463 816 cursus

114 835 306 889 haberet,
338 837 467 889 atque
498 836 547 875 ut
579 848 674 875 eum
706 833 892 875 siderum
923 833 1075 876 vinclis
1108 833 1320 889 alligaret.
1370 831 1453 874 Sed

113 895 205 950 ipse
236 893 448 949 Iuppiter,
487 892 532 933 id
575 894 641 934 est
673 891 845 934 ‘iuvans
881 892 1032 947 pater',
1071 907 1197 947 quem
1234 891 1452 934 conversis

115 953 284 996 casibus
317 951 586 1007 appellamus
619 966 644 992 a
675 951 858 993 iuvando
889 951 1053 1006 Iovem,
1085 966 1110 993 a
1140 951 1280 1006 poetis
1314 950 1453 1006 ‘pater

115 1012 343 1066 divomque
386 1009 716 1064 hominumque'
756 1010 927 1064 dicitur,
971 1025 996 1051 a
1035 1010 1270 1052 maioribus
1308 1012 1453 1051 autem

64 1082 96 1107 15
115 1071 278 1112 nostris
317 1070 540 1124 eoptumus
578 1068 836 1122 maxumus',
873 1071 916 1110 et
960 1068 1130 1123 quidem
1173 1070 1273 1110 ante
1311 1068 1453 1124 ‘optu-

115 1128 239 1184 mus',
269 1128 313 1170 id
345 1130 411 1169 est
441 1127 865 1182 beneficentissimus,
898 1142 1027 1182 quam
1054 1126 1322 1181 ‘maxumus’,
1353 1127 1454 1181 quia

115 1188 254 1230 maius
295 1189 360 1228 est
401 1188 598 1240 certeque
639 1186 805 1241 gratius
844 1185 1048 1241 prodesse
1087 1186 1285 1227 omnibus
1325 1200 1453 1240 quam

115 1261 218 1302 opes
249 1258 430 1301 magnas
461 1244 620 1285 habere
652 1269 709 1273 —
734 1244 847 1286 hunc
878 1244 1014 1300 igitur
1031 1243 1211 1300 Ennius,
1241 1246 1291 1286 ut
1322 1258 1453 1300 supra
1479 1253 1521 1285 65

117 1305 215 1360 dixi,
245 1305 465 1358 nuncupat
495 1303 559 1344 ita
591 1302 750 1344 dicens:

61 1399 96 1424 20
203 1374 389 1442 Aspice
437 1385 531 1427 hoc
575 1384 794 1427 sublime
840 1386 1077 1441 candens,
1127 1400 1270 1441 quem
1313 1385 1454 1428 invo-

737 1448 854 1486 cant
885 1447 1056 1487 omne's
1088 1443 1277 1499 Iovem,

0 1494 21 1520 =m

0 1537 22 1579 mi
115 1539 288 1595 planius
322 1553 450 1594 quam
483 1539 569 1581 alio
601 1539 696 1581 loco
728 1539 858 1581 idem:

0 1607 34 1639 [ΠΗ
203 1619 313 1676 Cui,
351 1621 482 1676 quod
516 1621 568 1663 in
598 1636 672 1663 me
704 1624 799 1675 est,
837 1621 1284 1676 exsecrabor‘h6e,
1323 1620 1455 1676 quod

0 1731 25 1758 m
736 1681 892 1735 lucet,
925 1679 1167 1735 quicquid
1198 1683 1294 1735 est3

0 1789 27 1817 na
113 1774 228 1816 hunc
259 1773 390 1815 etiam
423 1788 606 1830 augures
632 1774 784 1828 nostri,
815 1789 912 1816 cum
937 1774 1084 1816 dicunt
1107 1773 1222 1816 ‘Iove
1247 1774 1453 1830 fulgente,

114 1832 327 1887 tonante'3
359 1832 505 1875 dicunt
537 1833 649 1874 enim
682 1833 814 1876 ‘caelo
839 1833 1047 1889 fulgente,
1077 1833 1284 1876 tonante'.
1332 1833 1455 1875 Euri-

202 1973 356 2016 Vides
377 1974 597 2016 sublime
615 1974 802 2028 fusum,
831 1974 1205 2017 inmoderatum
1225 1975 1454 2029 aethera,

204 2031 298 2080 Qui
322 2034 514 2075 terram
538 2036 716 2075 tenero
743 2033 1076 2076 circumiectu
1102 2034 1452 2089 amplectitur:

202 2090 345 2132 Hunc
383 2094 626 2134 summum
663 2093 853 2134 habeto
893 2091 1078 2145 divum,
1115 2092 1248 2135 hunc
1284 2093 1452 2148 perhi-

959 2152 1078 2193 beto
1109 2150 1292 2194 Iovem.

1465 2219 1521 2261 26

116 2242 204 2286 Aer
236 2246 392 2297 autem,
422 2246 472 2286 ut
497 2243 631 2288 Stoici
656 2245 891 2301 disputant,
921 2246 1170 2288 interiectus
1196 2246 1309 2287 inter
1334 2260 1450 2287 mare
1477 2272 1520 2302 66

0 2322 31 2354 m:
81 2314 97 2339 0
117 2305 160 2344 et
190 2303 356 2345 caelum
380 2301 556 2345 Iunonis
586 2305 758 2346 nomine
785 2307 1070 2358 consecratur,
1104 2319 1212 2359 quae
1239 2307 1304 2346 est
1330 2318 1452 2346 soror

116 2364 159 2403 et
200 2362 381 2403 coniunx
412 2361 528 2404 Iovis
537 2396 549 2417 ,
591 2363 703 2418 quod
741 2363 779 2404 ei
817 2363 1053 2405 similitudo
1092 2365 1157 2404 est
1190 2363 1375 2404 aetheris
1408 2365 1450 2404 et
