1685 2568
173 1655 198 1695 6

158 1707 198 1737 13

225 97 252 136 8
642 94 706 128 DE
730 93 933 128 NATURA
957 93 1159 128 DEORUM

225 191 357 233 teritu
388 191 622 233 sententiae
656 205 822 245 quoque
854 189 1066 243 occidunt,
1098 189 1171 230 sed
1203 190 1340 231 lucem
1371 191 1558 232 auctoris

225 250 409 292 fortasse
431 251 689 302 desiderant3
715 252 763 289 ut
782 249 887 288 haec
911 248 956 288 in
981 248 1256 302 philosophia
1275 249 1386 290 ratio
1409 253 1559 291 contra

228 309 371 350 omnia
397 308 630 350 disserendi
660 307 906 360 nullamque
932 321 1022 347 rem
1048 309 1195 362 aperte
1225 307 1439 348 iudicandi
1463 323 1558 362 pro-

225 367 339 409 fecta
382 382 407 409 a
445 366 634 420 Socrate,
677 365 861 420 repetita
904 365 956 405 ab
996 365 1207 418 Arcesila,
1245 366 1496 407 confirmata
1534 381 1558 408 a

227 425 443 468 Carneade
487 439 619 479 usque
664 424 717 465 ad
759 426 951 464 nostram
994 424 1133 479 viguit
1178 426 1381 478 aetatem3
1431 432 1593 479 quam5

226 500 337 526 nunc
369 499 501 539 prope
533 483 706 524 modum
740 483 889 524 orbam
922 496 1012 523 esse
1044 483 1089 523 in
1113 483 1208 536 ipsa
1235 482 1412 524 Graecia
1436 483 1557 525 intel-

227 544 336 598 lego.
382 541 502 590 Quod
532 557 619 583 non
650 541 905 583 Academiae
936 542 1053 594 vitio,
1086 542 1159 582 sed
1190 541 1394 582 tarditate
1425 542 1559 583 homi-

226 617 328 643 num
361 602 547 642 arbitror
578 600 821 655 contigisse.
873 598 987 640 Nam
1018 600 1054 641 si
1086 600 1278 655 singulas
1312 600 1557 655 disciplinas

227 660 443 715 percipere
487 673 691 714 magnum
730 661 811 712 031,
853 660 1011 711 quanto
1053 659 1190 699 maius
1230 658 1396 700 omnis?
1447 659 1558 713 quod

226 720 364 760 facere
396 719 448 759 iis
480 732 650 759 necesse
683 719 763 770 est,
796 717 949 770 quibus
981 718 1250 772 propositum
1282 720 1347 759 est
1378 718 1468 759 veri
1497 732 1559 759 re·
1579 727 1613 752 10

227 777 417 832 periendi
461 791 588 818 causa
625 779 667 817 01
711 778 859 817 contra
898 776 1034 816 omnis
1079 775 1360 831 philosophos
1400 778 1442 817 01
1480 791 1558 831 pro

229 836 424 877 omnibus
470 836 617 877 dicere.
685 833 814 876 Cuius
858 834 920 875 rei
962 837 1108 875 tantae
1150 837 1324 889 tamque
1375 835 1560 876 difficilis

227 895 476 936 facultatem
497 896 768 936 consecutum
801 907 891 934 esse
917 907 984 933 me
1004 907 1091 934 non
1120 893 1337 947 profiteor,
1369 896 1559 935 secutum

228 968 319 999 esse
356 968 458 1008 prae
497 968 563 994 me
601 952 703 993 fero.
765 950 854 992 Nec
886 954 1031 992 tamen
1060 951 1154 992 fieri
1184 954 1344 1006 potest,
1382 954 1447 1006 ut,
1488 952 1560 1007 qui

227 1012 307 1053 hac
338 1012 503 1053 ratione
528 1011 898 1066 philosophentur,
929 1010 960 1050 ii
989 1010 1098 1050 nihil
1130 1010 1328 1064 habeant,
1361 1011 1473 1064 quod
1499 1025 1559 1052 se·
1580 1020 1614 1046 15

228 1074 424 1125 (piantur.
462 1070 636 1111 Dictum
668 1072 733 1110 031
759 1069 930 1110 0111111110
964 1068 1014 1109 de
1045 1069 1125 1110 hac
1155 1084 1200 1110 re
1233 1069 1316 1110 alio
1349 1069 1441 1110 loco
1470 1069 1561 1110 dili-

228 1130 415 1185 frenans,
460 1129 549 1182 sed,
595 1129 694 1182 quia
735 1128 862 1168 nimis
906 1127 1109 1169 indociles
1155 1127 1327 1182 quidam
1364 1128 1560 1182 tardique

227 1191 343 1242 sunt,
383 1187 637 1229 admonendi
668 1186 865 1227 videntur
897 1187 1078 1240 saepius
1134 1185 1232 1227 Non
1265 1187 1376 1227 enim
1414 1201 1559 1228 sumus

225 1247 267 1301 ii,
300 1247 453 1301 quibus
485 1246 593 1287 nihil
619 1260 766 1287 verum
798 1259 890 1286 esse
916 1245 1120 1299 videatur,
1153 1245 1226 1286 sed
1257 1245 1298 1299 ii,
1331 1245 1403 1299 qui
1429 1245 1561 1287 omni-

226 1281 305 1346 biis
337 1306 449 1347 veris
480 1305 592 1346 falsa
624 1304 831 1358 quaedam
864 1304 1062 1345 adiuncta
1094 1318 1185 1345 esse
1217 1304 1406 1345 dicamus
1438 1306 1561 1346 tanta
1580 1313 1615 1338 20

227 1364 523 1418 similitudine,
566 1365 613 1404 ut
649 1363 694 1403 in
730 1362 782 1403 iis
819 1362 939 1403 nulla
975 1362 1078 1403 insit
1117 1365 1232 1404 certa
1269 1362 1481 1404 iudicandi
1519 1365 1562 1404 et

226 1422 491 1464 adsentiendi
530 1424 645 1463 nota.
706 1421 771 1462 Ex
804 1435 886 1474 quo
928 1421 1094 1462 exstitit
1130 1421 1255 1475 illud,
1293 1421 1431 1463 multa
1468 1436 1560 1463 esse

224 1481 478 1547 probabilia,
512 1495 618 1535 quae
646 1495 904 1534 quamquam
932 1494 1018 1521 11011
1043 1479 1373 1534 perciperentur,
1404 1483 1560 1534 tamen,

227 1540 326 1594 quia
356 1540 496 1581 visum
529 1539 739 1594 quendam
766 1538 974 1580 haberent
1005 1538 1217 1593 insignem
1249 1541 1291 1579 et
1321 1539 1559 1594 inlustrem

224 1600 276 1640 113
309 1598 514 1653 sapientis
546 1598 637 1639 vita
668 1600 899 1653 1·οοηο101111.
1579 1606 1614 1632 25

315 1667 396 1710 Sed
427 1669 531 1722 iam,
568 1671 616 1709 ut
649 1668 765 1709 omni
802 1683 868 1709 me
899 1668 1060 1709 invidia
1091 1668 1286 1722 liberem,
1323 1682 1480 1723 ponam
1516 1668 1562 1709 in

227 1728 364 1769 medio
411 1727 645 1768 sententias
688 1726 1044 1781 philosophorum
1086 1727 1135 1768 de
1178 1729 1332 1768 natura
1375 1726 1559 1768 deorum.

226 1786 317 1835 Quo
346 1787 515 1840 quidem
542 1786 635 1827 loco
657 1785 916 1827 convocandi
937 1800 1082 1826 omnes
1102 1785 1310 1838 videntur,
1343 1785 1426 1839 qui,
1452 1800 1560 1839 quae

226 1845 282 1886 sit
320 1860 465 1886 earum
503 1859 620 1897 vera,
657 1844 854 1885 iudicent.
910 1843 1019 1885 Tum
1059 1844 1228 1885 demum
1258 1843 1364 1885 mihi
1402 1858 1559 1898 procax

225 1903 457 1945 Academia
492 1903 723 1955 videbitur,
763 1903 798 1944 si
836 1906 910 1944 aut
948 1903 1239 1944 consenserint
1277 1917 1440 1956 omnes,
1485 1904 1558 1943 aut
1578 1912 1613 1938 30

226 1963 306 2004 erit
342 1962 539 2003 inventus
580 1961 752 2016 aliquis,
792 1962 881 2015 qui,
914 1961 1014 2016 quid
1045 1976 1192 2002 verum
1225 1961 1298 2014 sit,
1339 1960 1559 2003 invenerit.

223 2020 375 2075 Itaque
409 2020 514 2061 mihi
546 2021 653 2061 libet
685 2021 933 2074 exclamare,
965 2022 1013 2061 ut
1044 2023 1101 2062 est
1130 2020 1175 2060 in
1207 2018 1488 2074 Synephebis:

313 2126 407 2167 Pro
429 2126 590 2180 deum,
616 2126 943 2180 popularium
971 2126 1209 2176 omnium,
1236 2126 1418 2167 omnium
1444 2125 1561 2166 adu-

1068 2184 1374 2226 lesccntium

315 2241 506 2297 Clamo,
538 2243 770 2298 postulo,
809 2243 1042 2298 obsecro,
1081 2257 1184 2296 oro,
1222 2243 1369 2298 ploro
1409 2245 1560 2297 atque

1068 2301 1272 2356 inplor6
1304 2301 1471 2355 fidem,
