<?xml version="1.0" encoding="UTF-8"?>
<!DOCTYPE html PUBLIC "-//W3C//DTD XHTML 1.0 Transitional//EN"
    "http://www.w3.org/TR/xhtml1/DTD/xhtml1-transitional.dtd">
<html xmlns="http://www.w3.org/1999/xhtml" xml:lang="en" lang="en">
 <head>
  <title>
</title>
<meta http-equiv="Content-Type" content="text/html;charset=utf-8" />
  <meta name='ocr-system' content='tesseract 3.04.00' />
  <meta name='ocr-capabilities' content='ocr_page ocr_carea ocr_par ocr_line ocrx_word'/>
</head>
<body>
  <div class='ocr_page' id='page_1' title='image "./p2scriptaquaemanse04ciceuoft_0290.png"; bbox 0 0 1685 2568; ppageno 0'>
   <div class='ocr_carea' id='block_1_1' title="bbox 255 111 1136 153">
    <p class='ocr_par' dir='ltr' id='par_1_1' title="bbox 255 111 1136 153">
     <span class='ocr_line' id='line_1_1' title="bbox 255 111 1136 153; baseline -0.009 0"><span class='ocrx_word' id='word_1_1' title='bbox 255 112 344 153; x_wconf 81' lang='lat'>238</span> <span class='ocrx_word' id='word_1_2' title='bbox 725 111 789 146; x_wconf 91' lang='lat' dir='ltr'>DE</span> <span class='ocrx_word' id='word_1_3' title='bbox 815 111 1136 147; x_wconf 87' lang='lat' dir='ltr'><strong>DIVINATIONE</strong></span> 
     </span>
    </p>
   </div>
   <div class='ocr_carea' id='block_1_2' title="bbox 184 206 1663 2375">
    <p class='ocr_par' dir='ltr' id='par_1_2' title="bbox 184 206 1663 1728">
     <span class='ocr_line' id='line_1_2' title="bbox 254 206 1662 266; baseline 0.002 -18"><span class='ocrx_word' id='word_1_4' title='bbox 254 222 375 249; x_wconf 89' lang='lat' dir='ltr'>mens</span> <span class='ocrx_word' id='word_1_5' title='bbox 407 210 613 250; x_wconf 87' lang='lat' dir='ltr'>eventura</span> <span class='ocrx_word' id='word_1_6' title='bbox 644 222 736 249; x_wconf 88' lang='lat' dir='ltr'>esse</span> <span class='ocrx_word' id='word_1_7' title='bbox 769 208 946 249; x_wconf 89' lang='lat' dir='ltr'>dicebat.</span> <span class='ocrx_word' id='word_1_8' title='bbox 996 206 1154 248; x_wconf 89' lang='lat' dir='ltr'>Utrum</span> <span class='ocrx_word' id='word_1_9' title='bbox 1180 207 1365 262; x_wconf 86' lang='lat' dir='ltr'>tandem,</span> <span class='ocrx_word' id='word_1_10' title='bbox 1390 222 1466 263; x_wconf 87' lang='lat' dir='ltr'>per</span> <span class='ocrx_word' id='word_1_11' title='bbox 1492 208 1593 251; x_wconf 87' lang='lat' dir='ltr'>deos</span> <span class='ocrx_word' id='word_1_12' title='bbox 1655 217 1662 266; x_wconf 36' lang='grc' dir='ltr'>,ξ</span> 
     </span>
     <span class='ocr_line' id='line_1_3' title="bbox 256 262 1659 321; baseline 0.001 -13"><span class='ocrx_word' id='word_1_13' title='bbox 256 270 384 320; x_wconf 86' lang='lat' dir='ltr'>atque</span> <span class='ocrx_word' id='word_1_14' title='bbox 416 267 630 308; x_wconf 77' lang='lat' dir='ltr'>homines!</span> <span class='ocrx_word' id='word_1_15' title='bbox 668 267 806 321; x_wconf 83' lang='lat' dir='ltr'>magis</span> <span class='ocrx_word' id='word_1_16' title='bbox 839 267 931 308; x_wconf 90' lang='lat' dir='ltr'>veri</span> <span class='ocrx_word' id='word_1_17' title='bbox 962 266 1102 307; x_wconf 89' lang='lat' dir='ltr'>simile</span> <span class='ocrx_word' id='word_1_18' title='bbox 1135 269 1201 307; x_wconf 83' lang='lat' dir='ltr'>est</span> <span class='ocrx_word' id='word_1_19' title='bbox 1231 280 1436 307; x_wconf 87' lang='lat' dir='ltr'>vesanum</span> <span class='ocrx_word' id='word_1_20' title='bbox 1468 267 1593 308; x_wconf 86' lang='lat' dir='ltr'>remi·</span> <span class='ocrx_word' id='word_1_21' title='bbox 1654 262 1659 310; x_wconf 63' lang='grc' dir='ltr'>,Ῑ</span> 
     </span>
     <span class='ocr_line' id='line_1_4' title="bbox 255 324 1663 380; baseline 0.001 -15"><span class='ocrx_word' id='word_1_22' title='bbox 255 339 353 380; x_wconf 87' lang='lat' dir='ltr'>gem</span> <span class='ocrx_word' id='word_1_23' title='bbox 391 340 446 366; x_wconf 90' lang='lat' dir='ltr'>an</span> <span class='ocrx_word' id='word_1_24' title='bbox 483 326 670 379; x_wconf 82' lang='lat' dir='ltr'>aliquem</span> <span class='ocrx_word' id='word_1_25' title='bbox 706 328 922 378; x_wconf 86' lang='lat' dir='ltr'>nostrum,</span> <span class='ocrx_word' id='word_1_26' title='bbox 961 325 1034 378; x_wconf 89' lang='lat' dir='ltr'>qui</span> <span class='ocrx_word' id='word_1_27' title='bbox 1070 324 1131 365; x_wconf 88' lang='lat' dir='ltr'>ibi</span> <span class='ocrx_word' id='word_1_28' title='bbox 1162 327 1255 365; x_wconf 84' lang='lat' dir='ltr'>tum</span> <span class='ocrx_word' id='word_1_29' title='bbox 1287 339 1473 379; x_wconf 83' lang='lat' dir='ltr'>eramuS,</span> <span class='ocrx_word' id='word_1_30' title='bbox 1514 340 1594 380; x_wconf 88' lang='lat' dir='ltr'>me,</span> <span class='ocrx_word' id='word_1_31' title='bbox 1658 366 1663 380; x_wconf 16' lang='grc' dir='ltr'>,Δ</span> 
     </span>
     <span class='ocr_line' id='line_1_5' title="bbox 255 381 1659 438; baseline 0 -13"><span class='ocrx_word' id='word_1_32' title='bbox 255 383 481 438; x_wconf 82' lang='lat' dir='ltr'>Catonem,</span> <span class='ocrx_word' id='word_1_33' title='bbox 518 383 776 436; x_wconf 91' lang='lat' dir='ltr'>Varronem,</span> <span class='ocrx_word' id='word_1_34' title='bbox 815 382 1055 437; x_wconf 75' lang='lat' dir='ltr'>Coponium</span> <span class='ocrx_word' id='word_1_35' title='bbox 1091 382 1252 438; x_wconf 89' lang='lat' dir='ltr'>ipsum,</span> <span class='ocrx_word' id='word_1_36' title='bbox 1288 383 1469 425; x_wconf 86' lang='lat' dir='ltr'>consilia</span> <span class='ocrx_word' id='word_1_37' title='bbox 1500 383 1595 426; x_wconf 89' lang='lat' dir='ltr'>deo·</span> <span class='ocrx_word' id='word_1_38' title='bbox 1656 381 1659 418; x_wconf 72' lang='grc' dir='ltr'>ἒ</span> 
     </span>
     <span class='ocr_line' id='line_1_6' title="bbox 254 441 1657 506; baseline 0.001 -23"><span class='ocrx_word' id='word_1_39' title='bbox 254 457 349 483; x_wconf 89' lang='grc'>111111</span> <span class='ocrx_word' id='word_1_40' title='bbox 380 442 679 483; x_wconf 68' lang='lat' dir='ltr'>inmortalium</span> <span class='ocrx_word' id='word_1_41' title='bbox 709 441 949 506; x_wconf 79' lang='lat' dir='ltr'>perspicere</span> <span class='ocrx_word' id='word_1_42' title='bbox 980 441 1202 495; x_wconf 78' lang='lat' dir='ltr'>potuisse?</span> <span class='ocrx_word' id='word_1_43' title='bbox 1627 456 1657 485; x_wconf 76' lang='lat'><strong>5</strong></span> 
     </span>
     <span class='ocr_line' id='line_1_7' title="bbox 184 488 1663 554; baseline -0.001 -13"><span class='ocrx_word' id='word_1_44' title='bbox 184 488 241 530; x_wconf 74' lang='grc'>56</span> <span class='ocrx_word' id='word_1_45' title='bbox 345 499 427 541; x_wconf 82' lang='lat' dir='ltr'>Sed</span> <span class='ocrx_word' id='word_1_46' title='bbox 458 500 545 541; x_wconf 90' lang='lat' dir='ltr'>iam</span> <span class='ocrx_word' id='word_1_47' title='bbox 577 500 630 541; x_wconf 84' lang='lat' dir='ltr'>ad</span> <span class='ocrx_word' id='word_1_48' title='bbox 660 502 704 541; x_wconf 91' lang='lat' dir='ltr'>te</span> <span class='ocrx_word' id='word_1_49' title='bbox 736 500 872 554; x_wconf 85' lang='lat' dir='ltr'>venio,</span> <span class='ocrx_word' id='word_1_50' title='bbox 1655 495 1663 539; x_wconf 62' lang='lat' dir='ltr'><em>s</em></span> 
     </span>
     <span class='ocr_line' id='line_1_8' title="bbox 186 539 1595 613; baseline 0.001 -13"><span class='ocrx_word' id='word_1_51' title='bbox 186 539 252 571; x_wconf 82' lang='lat'>115</span> <span class='ocrx_word' id='word_1_52' title='bbox 314 548 349 600; x_wconf 77' lang='lat' dir='ltr'>O</span> <span class='ocrx_word' id='word_1_53' title='bbox 382 561 560 600; x_wconf 85' lang='lat' dir='ltr'>sancte</span> <span class='ocrx_word' id='word_1_54' title='bbox 585 558 794 613; x_wconf 86' lang='lat' dir='ltr'>Apollo,</span> <span class='ocrx_word' id='word_1_55' title='bbox 827 558 912 613; x_wconf 89' lang='lat' dir='ltr'>qui</span> <span class='ocrx_word' id='word_1_56' title='bbox 941 558 1243 600; x_wconf 68' lang='lat' dir='ltr'>umbilicum</span> <span class='ocrx_word' id='word_1_57' title='bbox 1276 560 1470 600; x_wconf 86' lang='lat' dir='ltr'>certum</span> <span class='ocrx_word' id='word_1_58' title='bbox 1495 562 1595 601; x_wconf 85' lang='lat' dir='ltr'>ter·</span> 
     </span>
     <span class='ocr_line' id='line_1_9' title="bbox 1050 618 1657 672; baseline 0.002 -14"><span class='ocrx_word' id='word_1_59' title='bbox 1050 631 1220 658; x_wconf 88' lang='lat' dir='ltr'>rarum</span> <span class='ocrx_word' id='word_1_60' title='bbox 1252 618 1476 672; x_wconf 79' lang='lat' dir='ltr'>obsides,</span> <span class='ocrx_word' id='word_1_61' title='bbox 1656 667 1657 670; x_wconf 11' lang='grc' dir='ltr'><strong>Ἴ</strong></span> 
     </span>
     <span class='ocr_line' id='line_1_10' title="bbox 312 665 1595 731; baseline 0.001 -13"><span class='ocrx_word' id='word_1_62' title='bbox 312 665 453 718; x_wconf 77' lang='lat' dir='ltr'>Unde</span> <span class='ocrx_word' id='word_1_63' title='bbox 486 675 858 730; x_wconf 77' lang='lat' dir='ltr'>superstitiosa</span> <span class='ocrx_word' id='word_1_64' title='bbox 882 675 1106 731; x_wconf 90' lang='lat' dir='ltr'>primum</span> <span class='ocrx_word' id='word_1_65' title='bbox 1132 690 1285 718; x_wconf 88' lang='lat' dir='ltr'>saeva</span> <span class='ocrx_word' id='word_1_66' title='bbox 1310 677 1475 718; x_wconf 82' lang='lat' dir='ltr'>evasit</span> <span class='ocrx_word' id='word_1_67' title='bbox 1500 677 1595 719; x_wconf 88' lang='lat' dir='ltr'>v6x</span> 
     </span>
     <span class='ocr_line' id='line_1_11' title="bbox 1354 735 1655 777; baseline 0.007 -2"><span class='ocrx_word' id='word_1_68' title='bbox 1354 735 1476 777; x_wconf 84' lang='lat' dir='ltr'>fera.</span> <span class='ocrx_word' id='word_1_69' title='bbox 1654 768 1655 771; x_wconf 23' lang='lat'>¹</span> 
     </span>
     <span class='ocr_line' id='line_1_12' title="bbox 254 791 1595 848; baseline 0 -13"><span class='ocrx_word' id='word_1_70' title='bbox 254 793 356 835; x_wconf 83' lang='lat' dir='ltr'>Tuis</span> <span class='ocrx_word' id='word_1_71' title='bbox 384 793 496 834; x_wconf 90' lang='lat' dir='ltr'>enim</span> <span class='ocrx_word' id='word_1_72' title='bbox 525 793 709 834; x_wconf 87' lang='lat' dir='ltr'>oraculis</span> <span class='ocrx_word' id='word_1_73' title='bbox 730 791 996 847; x_wconf 82' lang='lat' dir='ltr'>Chrysippus</span> <span class='ocrx_word' id='word_1_74' title='bbox 1022 795 1163 834; x_wconf 89' lang='lat' dir='ltr'>totum</span> <span class='ocrx_word' id='word_1_75' title='bbox 1188 793 1390 835; x_wconf 89' lang='lat' dir='ltr'>volumen</span> <span class='ocrx_word' id='word_1_76' title='bbox 1413 794 1595 848; x_wconf 85' lang='lat' dir='ltr'>inplevit</span> 
     </span>
     <span class='ocr_line' id='line_1_13' title="bbox 253 851 1647 918; baseline 0.001 -25"><span class='ocrx_word' id='word_1_77' title='bbox 253 852 414 918; x_wconf 86' lang='lat' dir='ltr'>partim</span> <span class='ocrx_word' id='word_1_78' title='bbox 444 852 580 905; x_wconf 85' lang='lat' dir='ltr'>falsis,</span> <span class='ocrx_word' id='word_1_79' title='bbox 610 854 659 893; x_wconf 87' lang='lat' dir='ltr'>ut</span> <span class='ocrx_word' id='word_1_80' title='bbox 691 866 771 907; x_wconf 87' lang='lat' dir='ltr'>ego</span> <span class='ocrx_word' id='word_1_81' title='bbox 804 851 968 917; x_wconf 81' lang='lat' dir='ltr'>opinor,</span> <span class='ocrx_word' id='word_1_82' title='bbox 999 852 1160 907; x_wconf 87' lang='lat' dir='ltr'>partim</span> <span class='ocrx_word' id='word_1_83' title='bbox 1190 866 1290 893; x_wconf 85' lang='lat' dir='ltr'>casu</span> <span class='ocrx_word' id='word_1_84' title='bbox 1316 852 1441 907; x_wconf 89' lang='lat' dir='ltr'>veris,</span> <span class='ocrx_word' id='word_1_85' title='bbox 1472 855 1520 894; x_wconf 87' lang='lat' dir='ltr'>ut</span> <span class='ocrx_word' id='word_1_86' title='bbox 1544 853 1594 893; x_wconf 85' lang='lat' dir='ltr'>fit</span> <span class='ocrx_word' id='word_1_87' title='bbox 1615 868 1647 894; x_wconf 85' lang='lat'>1⁰</span> 
     </span>
     <span class='ocr_line' id='line_1_14' title="bbox 252 910 1656 965; baseline 0 -13"><span class='ocrx_word' id='word_1_88' title='bbox 252 911 299 952; x_wconf 89' lang='lat' dir='ltr'>in</span> <span class='ocrx_word' id='word_1_89' title='bbox 330 910 447 952; x_wconf 89' lang='lat' dir='ltr'>omni</span> <span class='ocrx_word' id='word_1_90' title='bbox 479 911 672 952; x_wconf 84' lang='lat' dir='ltr'>oratione</span> <span class='ocrx_word' id='word_1_91' title='bbox 704 910 967 965; x_wconf 84' lang='lat' dir='ltr'>saepissime,</span> <span class='ocrx_word' id='word_1_92' title='bbox 999 910 1160 965; x_wconf 88' lang='lat' dir='ltr'>partim</span> <span class='ocrx_word' id='word_1_93' title='bbox 1186 911 1426 965; x_wconf 84' lang='lat' dir='ltr'>flexiloquis</span> <span class='ocrx_word' id='word_1_94' title='bbox 1455 913 1497 952; x_wconf 88' lang='lat' dir='ltr'>et</span> <span class='ocrx_word' id='word_1_95' title='bbox 1523 912 1595 953; x_wconf 89' lang='lat' dir='ltr'>ob-</span> <span class='ocrx_word' id='word_1_96' title='bbox 1654 959 1656 964; x_wconf 64' lang='lat'>,</span> 
     </span>
     <span class='ocr_line' id='line_1_15' title="bbox 254 969 1657 1025; baseline 0 -15"><span class='ocrx_word' id='word_1_97' title='bbox 254 970 408 1024; x_wconf 88' lang='lat' dir='ltr'>scuris,</span> <span class='ocrx_word' id='word_1_98' title='bbox 445 971 493 1010; x_wconf 88' lang='lat' dir='ltr'>ut</span> <span class='ocrx_word' id='word_1_99' title='bbox 530 969 743 1025; x_wconf 89' lang='lat' dir='ltr'>interpres</span> <span class='ocrx_word' id='word_1_100' title='bbox 781 971 907 1025; x_wconf 83' lang='lat' dir='ltr'>egeat</span> <span class='ocrx_word' id='word_1_101' title='bbox 942 969 1177 1024; x_wconf 87' lang='lat' dir='ltr'>interprete</span> <span class='ocrx_word' id='word_1_102' title='bbox 1216 971 1259 1011; x_wconf 85' lang='lat' dir='ltr'>et</span> <span class='ocrx_word' id='word_1_103' title='bbox 1291 983 1384 1011; x_wconf 90' lang='lat' dir='ltr'>sors</span> <span class='ocrx_word' id='word_1_104' title='bbox 1415 969 1511 1024; x_wconf 90' lang='lat' dir='ltr'>ipsa</span> <span class='ocrx_word' id='word_1_105' title='bbox 1542 970 1596 1011; x_wconf 88' lang='lat' dir='ltr'>ad</span> <span class='ocrx_word' id='word_1_106' title='bbox 1654 977 1657 996; x_wconf 62' lang='lat'><em>³</em></span> 
     </span>
     <span class='ocr_line' id='line_1_16' title="bbox 256 1024 1656 1084; baseline -0.001 -14"><span class='ocrx_word' id='word_1_107' title='bbox 256 1031 394 1070; x_wconf 90' lang='lat' dir='ltr'>sortes</span> <span class='ocrx_word' id='word_1_108' title='bbox 425 1027 647 1070; x_wconf 86' lang='lat' dir='ltr'>referenda</span> <span class='ocrx_word' id='word_1_109' title='bbox 679 1028 747 1082; x_wconf 90' lang='lat' dir='ltr'>sit,</span> <span class='ocrx_word' id='word_1_110' title='bbox 778 1028 938 1082; x_wconf 87' lang='lat' dir='ltr'>partim</span> <span class='ocrx_word' id='word_1_111' title='bbox 968 1028 1195 1083; x_wconf 80' lang='lat' dir='ltr'>ambiguis,</span> <span class='ocrx_word' id='word_1_112' title='bbox 1228 1030 1270 1069; x_wconf 92' lang='lat' dir='ltr'>et</span> <span class='ocrx_word' id='word_1_113' title='bbox 1297 1024 1405 1082; x_wconf 88' lang='lat' dir='ltr'>quae</span> <span class='ocrx_word' id='word_1_114' title='bbox 1432 1028 1486 1069; x_wconf 88' lang='lat' dir='ltr'>ad</span> <span class='ocrx_word' id='word_1_115' title='bbox 1510 1028 1595 1069; x_wconf 89' lang='lat' dir='ltr'>dia·</span> <span class='ocrx_word' id='word_1_116' title='bbox 1654 1080 1656 1084; x_wconf 69' lang='lat'>,</span> 
     </span>
     <span class='ocr_line' id='line_1_17' title="bbox 253 1085 1657 1129; baseline -0.001 -1"><span class='ocrx_word' id='word_1_117' title='bbox 253 1087 452 1129; x_wconf 86' lang='lat' dir='ltr'>lecticum</span> <span class='ocrx_word' id='word_1_118' title='bbox 479 1087 730 1128; x_wconf 83' lang='lat' dir='ltr'>deferendae</span> <span class='ocrx_word' id='word_1_119' title='bbox 757 1087 855 1127; x_wconf 89' lang='lat' dir='ltr'>sint.</span> <span class='ocrx_word' id='word_1_120' title='bbox 904 1085 1019 1127; x_wconf 86' lang='lat' dir='ltr'>Nam</span> <span class='ocrx_word' id='word_1_121' title='bbox 1045 1101 1140 1128; x_wconf 92' lang='lat' dir='ltr'>cum</span> <span class='ocrx_word' id='word_1_122' title='bbox 1165 1087 1244 1128; x_wconf 89' lang='lat' dir='ltr'>illa</span> <span class='ocrx_word' id='word_1_123' title='bbox 1269 1101 1362 1128; x_wconf 93' lang='lat' dir='ltr'>sors</span> <span class='ocrx_word' id='word_1_124' title='bbox 1390 1087 1504 1128; x_wconf 87' lang='lat' dir='ltr'>edita</span> <span class='ocrx_word' id='word_1_125' title='bbox 1530 1090 1595 1128; x_wconf 87' lang='lat' dir='ltr'>est</span> <span class='ocrx_word' id='word_1_126' title='bbox 1656 1100 1657 1106; x_wconf 57' lang='lat'>¹</span> 
     </span>
     <span class='ocr_line' id='line_1_18' title="bbox 255 1145 1646 1201; baseline -0.001 -15"><span class='ocrx_word' id='word_1_127' title='bbox 255 1145 595 1200; x_wconf 90' lang='lat' dir='ltr'>opulentissumo</span> <span class='ocrx_word' id='word_1_128' title='bbox 627 1146 720 1201; x_wconf 85' lang='lat' dir='ltr'>regi</span> <span class='ocrx_word' id='word_1_129' title='bbox 751 1145 898 1186; x_wconf 86' lang='lat' dir='ltr'>Asiae:</span> <span class='ocrx_word' id='word_1_130' title='bbox 1614 1159 1646 1186; x_wconf 86' lang='lat'>15</span> 
     </span>
     <span class='ocr_line' id='line_1_19' title="bbox 314 1204 1595 1260; baseline -0.001 -14"><span class='ocrx_word' id='word_1_131' title='bbox 314 1204 531 1246; x_wconf 82' lang='lat' dir='ltr'>Croesus</span> <span class='ocrx_word' id='word_1_132' title='bbox 558 1204 728 1259; x_wconf 86' lang='lat' dir='ltr'>Halyn</span> <span class='ocrx_word' id='word_1_133' title='bbox 758 1206 1036 1260; x_wconf 82' lang='lat' dir='ltr'>penetrans</span> <span class='ocrx_word' id='word_1_134' title='bbox 1068 1218 1300 1260; x_wconf 84' lang='lat' dir='ltr'>magnam</span> <span class='ocrx_word' id='word_1_135' title='bbox 1331 1206 1595 1259; x_wconf 71' lang='lat' dir='ltr'>pervertet</span> 
     </span>
     <span class='ocr_line' id='line_1_20' title="bbox 1180 1278 1476 1318; baseline -0.003 -14"><span class='ocrx_word' id='word_1_136' title='bbox 1180 1278 1327 1318; x_wconf 88' lang='lat' dir='ltr'>opum</span> <span class='ocrx_word' id='word_1_137' title='bbox 1359 1278 1476 1316; x_wconf 83' lang='lat' dir='ltr'>vim,</span> 
     </span>
     <span class='ocr_line' id='line_1_21' title="bbox 252 1321 1656 1376; baseline 0 -13"><span class='ocrx_word' id='word_1_138' title='bbox 252 1321 444 1364; x_wconf 90' lang='lat' dir='ltr'>hostium</span> <span class='ocrx_word' id='word_1_139' title='bbox 474 1321 563 1363; x_wconf 91' lang='lat' dir='ltr'>vim</span> <span class='ocrx_word' id='word_1_140' title='bbox 596 1336 639 1363; x_wconf 92' lang='lat' dir='ltr'>se</span> <span class='ocrx_word' id='word_1_141' title='bbox 671 1336 971 1376; x_wconf 89' lang='lat' dir='ltr'>perversurum</span> <span class='ocrx_word' id='word_1_142' title='bbox 1002 1321 1184 1376; x_wconf 87' lang='lat' dir='ltr'>putavit,</span> <span class='ocrx_word' id='word_1_143' title='bbox 1215 1321 1424 1376; x_wconf 72' lang='lat' dir='ltr'>pervertit</span> <span class='ocrx_word' id='word_1_144' title='bbox 1450 1323 1595 1363; x_wconf 86' lang='lat' dir='ltr'>autem</span> <span class='ocrx_word' id='word_1_145' title='bbox 1654 1341 1656 1343; x_wconf 51' lang='lat'><strong><em>¹</em></strong></span> 
     </span>
     <span class='ocr_line' id='line_1_22' title="bbox 184 1380 1657 1436; baseline 0 -15"><span class='ocrx_word' id='word_1_146' title='bbox 184 1390 250 1421; x_wconf 81' lang='lat'>116</span> <span class='ocrx_word' id='word_1_147' title='bbox 266 1396 398 1422; x_wconf 87' lang='lat' dir='ltr'>suam.</span> <span class='ocrx_word' id='word_1_148' title='bbox 442 1380 600 1422; x_wconf 88' lang='lat' dir='ltr'>Utrum</span> <span class='ocrx_word' id='word_1_149' title='bbox 631 1380 764 1436; x_wconf 84' lang='lat' dir='ltr'>igitur</span> <span class='ocrx_word' id='word_1_150' title='bbox 791 1395 937 1422; x_wconf 91' lang='lat' dir='ltr'>eorum</span> <span class='ocrx_word' id='word_1_151' title='bbox 964 1380 1197 1434; x_wconf 82' lang='lat' dir='ltr'>accidisset,</span> <span class='ocrx_word' id='word_1_152' title='bbox 1230 1395 1377 1421; x_wconf 89' lang='lat' dir='ltr'>verum</span> <span class='ocrx_word' id='word_1_153' title='bbox 1404 1380 1603 1422; x_wconf 89' lang='lat' dir='ltr'>oraclum</span> <span class='ocrx_word' id='word_1_154' title='bbox 1653 1382 1657 1427; x_wconf 62' lang='grc' dir='ltr'><strong>ἦ</strong></span> 
     </span>
     <span class='ocr_line' id='line_1_23' title="bbox 252 1438 1656 1493; baseline -0.001 -13"><span class='ocrx_word' id='word_1_155' title='bbox 252 1439 416 1481; x_wconf 84' lang='lat' dir='ltr'>fuisset.</span> <span class='ocrx_word' id='word_1_156' title='bbox 484 1438 569 1481; x_wconf 90' lang='lat' dir='ltr'>Cur</span> <span class='ocrx_word' id='word_1_157' title='bbox 624 1442 767 1480; x_wconf 87' lang='lat' dir='ltr'>autem</span> <span class='ocrx_word' id='word_1_158' title='bbox 822 1439 904 1481; x_wconf 93' lang='lat' dir='ltr'>hoc</span> <span class='ocrx_word' id='word_1_159' title='bbox 959 1439 1128 1480; x_wconf 84' lang='lat' dir='ltr'>credam</span> <span class='ocrx_word' id='word_1_160' title='bbox 1177 1454 1382 1493; x_wconf 87' lang='lat' dir='ltr'>umquam</span> <span class='ocrx_word' id='word_1_161' title='bbox 1432 1439 1593 1480; x_wconf 86' lang='lat' dir='ltr'>editum</span> <span class='ocrx_word' id='word_1_162' title='bbox 1654 1472 1656 1478; x_wconf 77' lang='grc'>,</span> 
     </span>
     <span class='ocr_line' id='line_1_24' title="bbox 253 1497 1645 1540; baseline -0.004 0"><span class='ocrx_word' id='word_1_163' title='bbox 253 1497 441 1540; x_wconf 78' lang='lat' dir='ltr'>Croeso?</span> <span class='ocrx_word' id='word_1_164' title='bbox 475 1500 549 1539; x_wconf 84' lang='lat' dir='ltr'>aut</span> <span class='ocrx_word' id='word_1_165' title='bbox 573 1497 841 1539; x_wconf 89' lang='lat' dir='ltr'>Herodotum</span> <span class='ocrx_word' id='word_1_166' title='bbox 868 1513 941 1539; x_wconf 88' lang='grc'>0111</span> <span class='ocrx_word' id='word_1_167' title='bbox 966 1497 1227 1539; x_wconf 77' lang='lat' dir='ltr'>veraciorem</span> <span class='ocrx_word' id='word_1_168' title='bbox 1253 1498 1404 1539; x_wconf 87' lang='lat' dir='ltr'>ducam</span> <span class='ocrx_word' id='word_1_169' title='bbox 1423 1497 1593 1540; x_wconf 78' lang='lat' dir='ltr'>Ennio?</span> <span class='ocrx_word' id='word_1_170' title='bbox 1613 1510 1645 1536; x_wconf 82' lang='lat'>20</span> 
     </span>
     <span class='ocr_line' id='line_1_25' title="bbox 251 1555 1657 1611; baseline -0.001 -13"><span class='ocrx_word' id='word_1_171' title='bbox 251 1556 365 1598; x_wconf 88' lang='lat' dir='ltr'>Num</span> <span class='ocrx_word' id='word_1_172' title='bbox 413 1557 553 1598; x_wconf 90' lang='lat' dir='ltr'>minus</span> <span class='ocrx_word' id='word_1_173' title='bbox 597 1557 670 1597; x_wconf 89' lang='lat' dir='ltr'>ille</span> <span class='ocrx_word' id='word_1_174' title='bbox 708 1557 850 1611; x_wconf 85' lang='lat' dir='ltr'>potuit</span> <span class='ocrx_word' id='word_1_175' title='bbox 888 1557 937 1597; x_wconf 89' lang='lat' dir='ltr'>de</span> <span class='ocrx_word' id='word_1_176' title='bbox 976 1555 1133 1598; x_wconf 86' lang='lat' dir='ltr'>Croeso</span> <span class='ocrx_word' id='word_1_177' title='bbox 1173 1571 1302 1610; x_wconf 89' lang='lat' dir='ltr'>quam</span> <span class='ocrx_word' id='word_1_178' title='bbox 1341 1556 1391 1597; x_wconf 90' lang='lat' dir='ltr'>de</span> <span class='ocrx_word' id='word_1_179' title='bbox 1427 1555 1592 1611; x_wconf 87' lang='lat' dir='ltr'>Pyrrho</span> <span class='ocrx_word' id='word_1_180' title='bbox 1654 1559 1657 1589; x_wconf 80' lang='lat' dir='ltr'>j</span> 
     </span>
     <span class='ocr_line' id='line_1_26' title="bbox 251 1612 1656 1671; baseline 0 -15"><span class='ocrx_word' id='word_1_181' title='bbox 251 1617 414 1671; x_wconf 89' lang='lat' dir='ltr'>fingere</span> <span class='ocrx_word' id='word_1_182' title='bbox 445 1615 639 1657; x_wconf 78' lang='lat' dir='ltr'>Ennius?</span> <span class='ocrx_word' id='word_1_183' title='bbox 692 1614 794 1664; x_wconf 79' lang='lat' dir='ltr'>Quis</span> <span class='ocrx_word' id='word_1_184' title='bbox 828 1615 940 1656; x_wconf 84' lang='lat' dir='ltr'>enim</span> <span class='ocrx_word' id='word_1_185' title='bbox 973 1618 1055 1669; x_wconf 83' lang='lat' dir='ltr'>est,</span> <span class='ocrx_word' id='word_1_186' title='bbox 1095 1615 1167 1669; x_wconf 87' lang='lat' dir='ltr'>qui</span> <span class='ocrx_word' id='word_1_187' title='bbox 1199 1615 1344 1657; x_wconf 82' lang='lat' dir='ltr'>credat</span> <span class='ocrx_word' id='word_1_188' title='bbox 1375 1614 1593 1670; x_wconf 87' lang='lat' dir='ltr'>Apollinis</span> <span class='ocrx_word' id='word_1_189' title='bbox 1655 1612 1656 1621; x_wconf 54' lang='lat'><em>³</em></span> 
     </span>
     <span class='ocr_line' id='line_1_27' title="bbox 253 1674 1133 1728; baseline -0.002 -12"><span class='ocrx_word' id='word_1_190' title='bbox 253 1690 304 1716; x_wconf 84' lang='lat' dir='ltr'>ex</span> <span class='ocrx_word' id='word_1_191' title='bbox 335 1675 508 1716; x_wconf 82' lang='lat' dir='ltr'>oraculo</span> <span class='ocrx_word' id='word_1_192' title='bbox 540 1674 706 1728; x_wconf 86' lang='lat' dir='ltr'>Pyrrho</span> <span class='ocrx_word' id='word_1_193' title='bbox 740 1689 831 1715; x_wconf 85' lang='lat' dir='ltr'>esse</span> <span class='ocrx_word' id='word_1_194' title='bbox 863 1689 1133 1728; x_wconf 84' lang='lat' dir='ltr'>responsum:</span> 
     </span>
    </p>

    <p class='ocr_par' dir='ltr' id='par_1_3' title="bbox 250 1731 1656 2023">
     <span class='ocr_line' id='line_1_28' title="bbox 340 1731 1656 1788; baseline 0 -14"><span class='ocrx_word' id='word_1_195' title='bbox 340 1732 433 1775; x_wconf 89' lang='lat' dir='ltr'>Aio</span> <span class='ocrx_word' id='word_1_196' title='bbox 466 1736 533 1787; x_wconf 89' lang='lat' dir='ltr'>te,</span> <span class='ocrx_word' id='word_1_197' title='bbox 565 1733 805 1786; x_wconf 80' lang='lat' dir='ltr'>Aeacida,</span> <span class='ocrx_word' id='word_1_198' title='bbox 837 1733 1092 1774; x_wconf 81' lang='lat' dir='ltr'>Romanos</span> <span class='ocrx_word' id='word_1_199' title='bbox 1124 1731 1327 1774; x_wconf 88' lang='lat' dir='ltr'>vincere</span> <span class='ocrx_word' id='word_1_200' title='bbox 1359 1733 1538 1787; x_wconf 80' lang='lat' dir='ltr'>posse?</span> <span class='ocrx_word' id='word_1_201' title='bbox 1654 1778 1656 1788; x_wconf 22' lang='lat' dir='ltr'>k</span> 
     </span>
     <span class='ocr_line' id='line_1_29' title="bbox 251 1791 1643 1846; baseline 0 -14"><span class='ocrx_word' id='word_1_202' title='bbox 251 1792 443 1833; x_wconf 86' lang='lat' dir='ltr'>Primum</span> <span class='ocrx_word' id='word_1_203' title='bbox 475 1791 628 1833; x_wconf 85' lang='lat' dir='ltr'>Latine</span> <span class='ocrx_word' id='word_1_204' title='bbox 661 1791 820 1846; x_wconf 89' lang='lat' dir='ltr'>Apollo</span> <span class='ocrx_word' id='word_1_205' title='bbox 852 1806 1087 1845; x_wconf 83' lang='lat' dir='ltr'>numquam</span> <span class='ocrx_word' id='word_1_206' title='bbox 1119 1792 1287 1833; x_wconf 87' lang='lat' dir='ltr'>locutus</span> <span class='ocrx_word' id='word_1_207' title='bbox 1321 1794 1405 1845; x_wconf 80' lang='lat' dir='ltr'>est3</span> <span class='ocrx_word' id='word_1_208' title='bbox 1444 1791 1592 1833; x_wconf 88' lang='lat' dir='ltr'>deinde</span> <span class='ocrx_word' id='word_1_209' title='bbox 1611 1801 1643 1829; x_wconf 85' lang='lat'>25</span> 
     </span>
     <span class='ocr_line' id='line_1_30' title="bbox 251 1849 1593 1905; baseline 0 -14"><span class='ocrx_word' id='word_1_210' title='bbox 251 1851 337 1892; x_wconf 86' lang='lat' dir='ltr'>ista</span> <span class='ocrx_word' id='word_1_211' title='bbox 369 1865 461 1892; x_wconf 90' lang='lat' dir='ltr'>sors</span> <span class='ocrx_word' id='word_1_212' title='bbox 494 1851 688 1892; x_wconf 88' lang='lat' dir='ltr'>inaudita</span> <span class='ocrx_word' id='word_1_213' title='bbox 721 1849 894 1892; x_wconf 85' lang='lat' dir='ltr'>Graecis</span> <span class='ocrx_word' id='word_1_214' title='bbox 928 1853 1010 1904; x_wconf 76' lang='lat' dir='ltr'>est3</span> <span class='ocrx_word' id='word_1_215' title='bbox 1048 1853 1271 1905; x_wconf 83' lang='lat' dir='ltr'>praeterea</span> <span class='ocrx_word' id='word_1_216' title='bbox 1302 1849 1458 1904; x_wconf 88' lang='lat' dir='ltr'>Pyrrhi</span> <span class='ocrx_word' id='word_1_217' title='bbox 1489 1852 1593 1891; x_wconf 88' lang='lat' dir='ltr'>tem-</span> 
     </span>
     <span class='ocr_line' id='line_1_31' title="bbox 250 1908 1592 1964; baseline 0 -14"><span class='ocrx_word' id='word_1_218' title='bbox 250 1909 428 1964; x_wconf 90' lang='lat' dir='ltr'>poribus</span> <span class='ocrx_word' id='word_1_219' title='bbox 459 1909 547 1950; x_wconf 86' lang='lat' dir='ltr'>iam</span> <span class='ocrx_word' id='word_1_220' title='bbox 578 1908 738 1964; x_wconf 89' lang='lat' dir='ltr'>Apollo</span> <span class='ocrx_word' id='word_1_221' title='bbox 771 1923 919 1950; x_wconf 89' lang='lat' dir='ltr'>versus</span> <span class='ocrx_word' id='word_1_222' title='bbox 950 1909 1089 1950; x_wconf 85' lang='lat' dir='ltr'>:facere</span> <span class='ocrx_word' id='word_1_223' title='bbox 1123 1909 1323 1963; x_wconf 82' lang='lat' dir='ltr'>desierat3</span> <span class='ocrx_word' id='word_1_224' title='bbox 1361 1910 1592 1963; x_wconf 83' lang='lat' dir='ltr'>postremo,</span> 
     </span>
     <span class='ocr_line' id='line_1_32' title="bbox 252 1967 1387 2023; baseline -0.001 -14"><span class='ocrx_word' id='word_1_225' title='bbox 252 1983 512 2023; x_wconf 86' lang='lat' dir='ltr'>quamquam</span> <span class='ocrx_word' id='word_1_226' title='bbox 544 1982 713 2023; x_wconf 85' lang='lat' dir='ltr'>semper</span> <span class='ocrx_word' id='word_1_227' title='bbox 742 1967 837 2021; x_wconf 82' lang='lat' dir='ltr'>fuit,</span> <span class='ocrx_word' id='word_1_228' title='bbox 868 1970 917 2008; x_wconf 92' lang='lat' dir='ltr'>ut</span> <span class='ocrx_word' id='word_1_229' title='bbox 949 1968 1061 2022; x_wconf 86' lang='lat' dir='ltr'>apud</span> <span class='ocrx_word' id='word_1_230' title='bbox 1092 1967 1279 2008; x_wconf 87' lang='lat' dir='ltr'>Ennium</span> <span class='ocrx_word' id='word_1_231' title='bbox 1312 1970 1387 2020; x_wconf 85' lang='lat' dir='ltr'>est,</span> 
     </span>
    </p>

    <p class='ocr_par' dir='ltr' id='par_1_4' title="bbox 249 2026 1656 2375">
     <span class='ocr_line' id='line_1_33' title="bbox 762 2026 1656 2082; baseline 0.001 -16"><span class='ocrx_word' id='word_1_232' title='bbox 762 2026 1012 2067; x_wconf 85' lang='lat' dir='ltr'>stolidum</span> <span class='ocrx_word' id='word_1_233' title='bbox 1045 2040 1201 2082; x_wconf 86' lang='lat' dir='ltr'>genus</span> <span class='ocrx_word' id='word_1_234' title='bbox 1234 2026 1592 2080; x_wconf 86' lang='lat' dir='ltr'>Aeacidarum,</span> <span class='ocrx_word' id='word_1_235' title='bbox 1654 2027 1656 2030; x_wconf 78' lang='grc'><strong>’</strong></span> 
     </span>
     <span class='ocr_line' id='line_1_34' title="bbox 308 2084 1642 2140; baseline -0.002 -14"><span class='ocrx_word' id='word_1_236' title='bbox 308 2084 695 2140; x_wconf 85' lang='lat' dir='ltr'>Bellipotentes</span> <span class='ocrx_word' id='word_1_237' title='bbox 734 2088 851 2127; x_wconf 86' lang='lat' dir='ltr'>sunt</span> <span class='ocrx_word' id='word_1_238' title='bbox 888 2085 1050 2140; x_wconf 84' lang='lat' dir='ltr'>magis</span> <span class='ocrx_word' id='word_1_239' title='bbox 1090 2100 1237 2139; x_wconf 88' lang='lat' dir='ltr'>quam</span> <span class='ocrx_word' id='word_1_240' title='bbox 1274 2085 1591 2140; x_wconf 85' lang='lat' dir='ltr'>sapientipo-</span> <span class='ocrx_word' id='word_1_241' title='bbox 1611 2095 1642 2122; x_wconf 75' lang='lat'>30</span> 
     </span>
     <span class='ocr_line' id='line_1_35' title="bbox 1287 2146 1473 2197; baseline 0 -13"><span class='ocrx_word' id='word_1_242' title='bbox 1287 2146 1473 2197; x_wconf 88' lang='lat' dir='ltr'>tentes,</span> 
     </span>
     <span class='ocr_line' id='line_1_36' title="bbox 249 2202 1590 2258; baseline -0.001 -14"><span class='ocrx_word' id='word_1_243' title='bbox 249 2205 395 2244; x_wconf 89' lang='lat' dir='ltr'>tamen</span> <span class='ocrx_word' id='word_1_244' title='bbox 425 2202 536 2244; x_wconf 85' lang='lat' dir='ltr'>hanc</span> <span class='ocrx_word' id='word_1_245' title='bbox 568 2202 878 2258; x_wconf 81' lang='lat' dir='ltr'>amphiboliam</span> <span class='ocrx_word' id='word_1_246' title='bbox 911 2217 1058 2244; x_wconf 89' lang='lat' dir='ltr'>versus</span> <span class='ocrx_word' id='word_1_247' title='bbox 1091 2202 1342 2258; x_wconf 78' lang='lat' dir='ltr'>intellegere</span> <span class='ocrx_word' id='word_1_248' title='bbox 1368 2202 1590 2257; x_wconf 85' lang='lat' dir='ltr'>potuisset,</span> 
     </span>
     <span class='ocr_line' id='line_1_37' title="bbox 251 2261 1591 2316; baseline -0.001 -14"><span class='ocrx_word' id='word_1_249' title='bbox 251 2262 473 2303; x_wconf 72' lang='lat' dir='ltr'>‘vincere</span> <span class='ocrx_word' id='word_1_250' title='bbox 505 2264 555 2302; x_wconf 89' lang='lat' dir='ltr'>te</span> <span class='ocrx_word' id='word_1_251' title='bbox 587 2261 862 2303; x_wconf 85' lang='lat' dir='ltr'>Romanos&#39;</span> <span class='ocrx_word' id='word_1_252' title='bbox 895 2261 1029 2302; x_wconf 86' lang='lat' dir='ltr'>nihilo</span> <span class='ocrx_word' id='word_1_253' title='bbox 1063 2261 1202 2316; x_wconf 88' lang='lat' dir='ltr'>magis</span> <span class='ocrx_word' id='word_1_254' title='bbox 1234 2261 1279 2302; x_wconf 90' lang='lat' dir='ltr'>in</span> <span class='ocrx_word' id='word_1_255' title='bbox 1311 2275 1355 2302; x_wconf 91' lang='lat' dir='ltr'>se</span> <span class='ocrx_word' id='word_1_256' title='bbox 1388 2275 1514 2315; x_wconf 90' lang='lat' dir='ltr'>quam</span> <span class='ocrx_word' id='word_1_257' title='bbox 1547 2261 1591 2301; x_wconf 88' lang='lat' dir='ltr'>in</span> 
     </span>
     <span class='ocr_line' id='line_1_38' title="bbox 250 2319 1589 2375; baseline -0.001 -13"><span class='ocrx_word' id='word_1_258' title='bbox 250 2320 468 2362; x_wconf 82' lang='lat' dir='ltr'>Romanos</span> <span class='ocrx_word' id='word_1_259' title='bbox 501 2320 663 2374; x_wconf 81' lang='lat' dir='ltr'>valere3</span> <span class='ocrx_word' id='word_1_260' title='bbox 694 2335 795 2361; x_wconf 85' lang='lat' dir='ltr'>nam</span> <span class='ocrx_word' id='word_1_261' title='bbox 826 2320 902 2361; x_wconf 85' lang='lat' dir='ltr'>illa</span> <span class='ocrx_word' id='word_1_262' title='bbox 934 2320 1211 2375; x_wconf 80' lang='lat' dir='ltr'>amphibolia,</span> <span class='ocrx_word' id='word_1_263' title='bbox 1245 2334 1352 2374; x_wconf 76' lang='lat' dir='ltr'>quae</span> <span class='ocrx_word' id='word_1_264' title='bbox 1385 2319 1589 2362; x_wconf 88' lang='lat' dir='ltr'>Croesum</span> 
     </span>
    </p>
   </div>
   <div class='ocr_carea' id='block_1_3' title="bbox 1648 0 1684 2568">
    <p class='ocr_par' dir='ltr' id='par_1_5' title="bbox 1648 0 1684 2568">
     <span class='ocr_line' id='line_1_39' title="bbox 1648 0 1684 2568; baseline 0 0"><span class='ocrx_word' id='word_1_265' title='bbox 1648 0 1684 2568; x_wconf 95' lang='lat' dir='ltr'> </span> 
     </span>
    </p>
   </div>
  </div>
 </body>
</html>
