1685 2568
411 108 500 144 LIB.
527 108 571 144 Π.
609 107 708 143 ΟΑΡ.
736 110 884 142 28—30.
918 110 937 148 §
964 110 1113 141 71—77.
1378 105 1432 147 73

95 205 312 260 limatum,
355 204 430 246 sed
466 218 561 246 cum
597 203 642 244 in
679 202 868 256 reliquos
905 203 1091 255 vestros,
1131 202 1223 241 tum
1261 200 1305 241 in
1338 215 1433 241 eum

96 264 291 318 maxime,
324 263 397 317 qui
426 263 512 304 ista
541 261 721 318 peperit,
752 260 970 302 hominem
996 261 1087 301 sine
1114 261 1218 313 arte,
1250 258 1340 300 sine
1367 259 1435 299 lit-

95 323 217 377 teris,
254 322 535 363 insultantem
573 320 618 361 in
656 333 821 373 omnes,
861 319 951 360 sine
984 318 1178 359 acumine
1209 317 1311 370 ullo,
1344 318 1434 357 sine

96 381 365 434 auctoritate,
397 380 488 421 sine
520 379 677 433 lepore.
732 377 838 419 Dico
870 377 1006 433 igitur
1036 376 1310 431 providentia
1340 374 1434 416 deo-

61 455 191 481 5rum
229 439 434 481 mundum
470 440 514 479 et
550 451 697 478 omnes
735 435 882 478 mundi
918 437 1064 491 partes
1104 437 1147 476 et
1183 434 1308 475 initio
1340 448 1436 475 con·

96 499 272 540 stitutas
312 511 403 539 6336
442 499 484 538 et
522 495 639 537 omni
676 498 869 550 tempore
901 493 1213 547 administrari3
1257 506 1436 546 eamque

97 556 432 612 disputationem
462 554 542 596 tris
574 554 619 595 in
649 557 795 609 partes
820 553 959 595 nostri
983 553 1072 594 fere
1099 552 1305 606 dividunt,
1337 565 1437 605 qua·

96 631 191 657 rum
221 615 362 671 prima
392 628 494 669 pars
521 615 598 667 est,
632 627 738 667 quae
766 612 932 654 ducitur
958 611 1012 653 ab
1039 625 1089 652 ea
1113 613 1295 665 ratione,
1328 623 1436 664 quae

97 675 219 717 docet
250 687 342 715 6336
376 673 493 727 deos3
527 686 610 727 quo
643 685 844 713 concesso
877 670 1165 713 confitendum
1196 672 1264 710 est
1289 682 1438 710 eorum

44 749 77 774 10
97 732 276 775 consilio
317 731 523 773 mundum
567 730 873 772 administrari.
941 727 1133 771 Secunda
1177 730 1244 769 est
1281 730 1437 780 autem,

97 806 205 847 quae
238 791 360 832 docet
389 804 536 832 omnes
561 804 630 831 res
658 789 872 830 subiectas
899 802 991 830 6336
1015 789 1196 829 naturae
1222 786 1438 840 sentienti,

97 851 150 893 ab
184 864 316 904 eaque
349 849 492 891 onmia
522 848 821 904 pulcherrume
854 847 965 903 geri3
998 861 1080 901 quo
1113 845 1349 888 constituto
1377 859 1438 886 se-

98 909 242 964 quitur
286 909 340 950 ab
386 907 678 950 animantibus
721 906 944 962 principiis
989 920 1038 947 ea
1083 919 1175 946 esse
1221 906 1438 960 generata.

97 968 269 1010 Tertius
308 969 374 1008 est
410 968 546 1021 locus,
587 966 660 1020 qui
698 965 866 1008 ducitur
897 979 948 1006 ex
980 964 1264 1006 admiratione
1296 977 1438 1004 rerum

47 1041 79 1067 15
100 1026 351 1070 caelestium
383 1028 511 1080 atque
542 1024 824 1066 terrestrium.

214 1085 407 1127 Primum
438 1084 573 1139 igitur
599 1086 673 1125 aut
696 1082 941 1138 negandum
967 1084 1034 1123 est
1060 1096 1153 1123 esse
1180 1081 1293 1135 deos,
1326 1080 1439 1135 quod

99 1148 142 1187 et
171 1143 444 1186 Democritus
483 1143 714 1184 simulacra
754 1144 797 1183 et
827 1140 1041 1196 Epicurus
1078 1140 1289 1196 imagines
1321 1139 1442 1180 indu-

98 1217 197 1246 cens
224 1202 408 1257 quodam
433 1204 560 1256 pacto
585 1203 729 1256 negat,
756 1202 842 1254 aut,
868 1199 942 1253 qui
961 1199 1062 1241 deos
1083 1213 1176 1240 6336
1197 1198 1442 1252 concedant,

97 1262 151 1303 iis
181 1261 404 1303 fatendum
436 1262 502 1302 est
533 1274 605 1302 eos
638 1259 802 1313 aliquid
827 1272 967 1314 agere,
998 1257 1124 1311 idque
1149 1256 1442 1312 praeclarum3

46 1335 80 1360 20
98 1320 208 1362 nihil
251 1322 318 1362 est
361 1321 505 1361 autem
548 1318 812 1374 praeclarius
856 1316 1004 1358 mundi
1049 1315 1441 1369 administratione3

100 1380 276 1422 deorum
312 1378 449 1433 igitur
481 1377 659 1420 consilio
693 1376 1031 1418 administratur.
1094 1374 1216 1424 Quod
1246 1375 1285 1416 si
1314 1374 1443 1417 aliter

100 1441 178 1493 est,
210 1437 374 1492 aliquid
403 1436 597 1492 profecto
630 1436 688 1478 sit
718 1449 890 1478 necesse
922 1437 990 1477 est
1021 1434 1174 1476 melius
1206 1435 1250 1476 et
1280 1433 1443 1476 maiore

99 1498 143 1540 vi
180 1496 424 1552 praeditum
462 1510 591 1551 quam
622 1495 742 1549 deus,
785 1494 910 1548 quale
942 1493 986 1535 id
1017 1507 1198 1548 cumque
1230 1495 1313 1547 est,
1353 1492 1444 1533 sive

99 1556 293 1598 inanima
322 1557 480 1597 natura
505 1554 594 1597 sive
618 1553 854 1596 necessitas
879 1552 924 1595 vi
948 1566 1108 1608 magna
1132 1551 1315 1594 incitata
1338 1551 1444 1593 haec

50 1629 83 1655 25
103 1614 394 1670 pulcherrima
431 1628 562 1669 opera
593 1612 798 1667 efficiens,
838 1626 946 1667 quae
977 1611 1184 1654 videmus.
1244 1609 1346 1652 Non
1378 1612 1443 1651 631·,

100 1674 236 1730 igitur
268 1675 426 1715 natura
457 1673 633 1714 deorum
663 1673 922 1727 praepotens
954 1684 1092 1725 neque
1124 1669 1354 1723 excellens,
1392 1668 1444 1710 si-

103 1733 274 1788 quidem
305 1746 356 1774 ea
387 1731 580 1774 subiecta
612 1734 678 1773 est
709 1731 749 1772 ei
779 1730 848 1772 vel
879 1729 1128 1772 necessitati
1158 1729 1228 1771 vel
1252 1731 1444 1782 naturae,

103 1806 187 1847 qua
218 1791 400 1846 caelum,
440 1790 594 1845 maria,
624 1792 766 1832 terrae
797 1791 1023 1845 regantur3
1061 1787 1171 1830 m'hil
1203 1789 1269 1829 est
1301 1789 1446 1829 autem

101 1850 394 1906 praestantius
433 1850 530 1904 deo3
571 1849 624 1891 ab
665 1863 714 1891 eo
753 1848 889 1904 igitur
926 1847 1133 1889 mundum
1168 1860 1341 1889 necesse
1380 1847 1446 1887 est

51 1923 85 1948 30
103 1909 208 1965 regi.
256 1908 381 1951 Nulli
410 1909 547 1965 igitur
573 1910 639 1950 est
663 1910 844 1950 naturae
870 1906 1100 1949 oboediens
1127 1908 1202 1948 aut
1229 1905 1445 1947 subiectus

105 1967 223 2023 deuS,
266 1982 437 2010 omnem
481 1981 584 2023 ergo
628 1966 743 2023 regit
784 1966 877 2021 ipse
920 1968 1133 2008 naturam.
1193 1964 1369 2007 Etenim
1410 1963 1447 2004 si

104 2026 372 2069 concedimus
403 2027 706 2082 intellegentes
738 2039 831 2067 esse
863 2024 982 2079 deos,
1014 2023 1282 2066 concedimus
1315 2023 1447 2065 etiam

103 2085 390 2141 providentes,
410 2088 453 2127 et
471 2100 615 2127 rerum
636 2084 807 2140 quidem
826 2098 1136 2125 maxumarum.
1166 2082 1286 2138 Ergo
1302 2084 1447 2124 utrum

104 2145 328 2200 ignorant,
366 2159 474 2199 quae
511 2158 579 2186 res
611 2157 837 2186 maxumae
869 2142 973 2197 sint,
1012 2157 1180 2197 quoque
1214 2155 1287 2183 eae
1319 2140 1446 2182 modo

50 2215 84 2242 35
103 2203 354 2245 tractandae
386 2206 429 2244 et
454 2203 648 2258 tuendae,
681 2217 736 2245 an
760 2202 848 2244 vim
873 2216 961 2244 non
985 2201 1184 2256 habent,-,
1193 2215 1276 2255 qua
1301 2201 1448 2241 tantas

103 2277 172 2305 res
199 2261 443 2304 sustineant
468 2265 511 2304 et
538 2262 720 2318 gerant?
763 2261 826 2303 At
846 2263 888 2303 et
908 2261 1126 2316 ignoratio
1146 2273 1288 2301 rerum
1307 2257 1448 2300 aliena

103 2324 284 2364 naturae
329 2321 505 2363 deorum
549 2323 632 2375 est,
676 2322 719 2362 et
763 2319 1002 2361 sustinendi
1045 2318 1233 2361 muneris
1270 2319 1448 2372 propter

1449 354 1505 395 30

1461 405 1504 437 75

1466 1092 1509 1123 76

1470 1620 1514 1652 77
