1685 2568
188 592 229 624 17

204 1326 227 1365 7

190 1377 266 1410 18

188 1998 230 2030 19

255 76 340 118 202
540 118 545 123 ,
735 76 799 111 DE
824 74 1147 111 DIVINATIONE

254 172 363 213 nihil
402 172 492 213 sine
530 172 676 226 aliqua
713 171 930 226 probabili
968 170 1212 213 coniectura
1250 185 1298 212 33
1335 171 1502 213 ratione
1534 171 1594 213 di-

253 233 368 285 cunt,
401 231 503 285 quid
534 231 866 272 existimandum
893 232 959 271 est
985 230 1035 271 de
1061 229 1304 270 coniectura
1330 243 1488 284 eorum,
1520 231 1594 284 qui

256 290 365 330 extis
404 291 479 330 aut
510 289 660 330 avibus
694 291 768 330 aut
800 288 981 330 ostentis
1015 290 1089 329 aut
1120 287 1275 329 oraclis
1309 290 1383 328 aut
1415 289 1592 330 somniis

254 348 400 389 futura
431 347 756 402 praesentiunt?
809 346 1011 388 Nondum
1043 346 1148 400 dico,
1180 360 1308 400 quam
1339 346 1444 388 haec
1470 347 1594 402 signa

254 407 375 448 nulla
401 406 499 459 sint,
525 406 674 446 fissum
700 405 864 458 iecoris,
890 404 1007 446 corvi
1026 407 1188 458 cantus,
1214 405 1385 446 volatus
1412 405 1593 459 aquilae,
1629 416 1648 444 5

256 465 408 506 stellae
439 464 655 518 traiectio,
693 478 817 505 voces
848 463 1101 517 furentium,
1133 466 1290 517 sortes,
1322 464 1505 518 somnia3
1543 463 1594 506 de

257 523 411 577 quibus
456 522 640 578 singulis
685 522 823 564 dicam
862 536 937 563 suo
975 522 1088 576 loco3
1131 536 1243 563 nunc
1281 522 1331 563 de
1371 522 1594 564 universis.

258 581 339 629 Qui
381 583 527 636 potest
570 581 786 636 provideri
830 580 1057 635 quicquam
1096 580 1290 621 futurum
1328 594 1437 634 esse,
1481 581 1596 635 quod

253 655 390 694 neque
422 655 594 681 causam
626 640 758 681 habet
788 639 923 680 ullam
948 653 1084 694 neque
1109 641 1270 693 notam,
1302 653 1376 680 cur
1399 638 1594 681 futurum

255 699 340 740 sit?
391 697 503 740 Solis
542 698 800 740 defectiones
837 698 1025 752 itemque
1059 698 1185 739 lunae
1215 697 1519 752 praedicuntur
1548 699 1647 739 in1o

255 757 417 799 multos
450 771 585 799 annos
618 757 671 799 ab
703 757 768 811 iis,
800 757 874 811 qui
906 756 1093 798 siderum
1118 758 1261 798 motus
1286 757 1476 798 numeris
1502 771 1594 812 per-

256 818 509 870 sequuntur3
545 830 595 857 ea
626 815 877 870 praedicunt
909 815 1033 870 enim,
1066 829 1174 869 quae
1204 817 1384 856 naturae
1414 815 1595 857 necessi-

254 878 322 916 tas
367 874 611 930 perfectura
655 877 731 915 est.
792 873 953 915 Vident
996 888 1047 915 ex
1084 873 1434 915 constantissimo
1474 877 1595 916 motu

256 934 399 987 lunae,
437 933 605 988 quando
643 933 722 974 illa
758 947 780 974 e
818 933 991 988 regione
1030 932 1133 974 solis
1171 931 1286 974 facta
1322 932 1515 974 incurrat
1550 933 1595 974 in

254 993 454 1033 umbram
484 994 642 1046 terrae,
676 1006 783 1046 quae
815 994 881 1033 est
912 993 1028 1032 meta
1057 991 1209 1045 noctis,
1240 993 1288 1032 ut
1321 1005 1415 1032 eam
1447 991 1594 1033 obscu-
1614 1003 1647 1030 15

254 1051 343 1092 1311
367 1065 539 1092 11333333
566 1051 634 1105 sit,
666 1050 919 1105 quandoque
947 1049 1095 1091 eadem
1120 1050 1223 1091 luna
1248 1049 1441 1091 subiecta
1466 1052 1595 1105 atque

255 1110 456 1176 opposita
487 1109 569 1151 soli
599 1109 761 1151 nostiis
795 1109 929 1150 0311113
962 1108 1051 1150 31113
1083 1108 1229 1150 111111311
1261 1109 1478 1163 obscuret,
1511 1123 1594 1163 quo

254 1169 299 1209 in
324 1168 448 1224 signo
476 1183 667 1223 quaeque
694 1168 929 1209 eiiantium
955 1167 1181 1208 stellaium
1207 1182 1375 1222 quoque
1400 1170 1595 1222 tempore

254 1227 401 1269 futura
440 1227 514 1282 sit,
553 1227 626 1282 qui
658 1230 830 1268 exoitus
863 1240 1031 1281 quoque
1064 1225 1129 1267 die
1162 1226 1275 1281 signi
1307 1226 1486 1267 alicuius
1519 1228 1595 1267 aut

257 1286 329 1340 qui
362 1300 536 1327 occasus
566 1286 737 1327 futurus
770 1286 838 1327 sit.
891 1284 1009 1327 Haec
1041 1285 1114 1339 qui
1145 1287 1244 1326 ante
1277 1284 1434 1339 dicunt,
1466 1299 1595 1339 quam
1614 1297 1648 1323 2⁰

256 1344 469 1386 lationem
501 1346 755 1399 sequantur,
786 1344 917 1386 vides.
978 1342 1059 1392 Qui
1090 1343 1341 1385 thesaurum
1372 1343 1596 1385 inventum

255 1404 309 1444 iri
341 1405 415 1444 aut
446 1403 730 1444 hereditatem
760 1405 987 1444 venturam
1012 1402 1168 1456 dicunt,
1201 1402 1302 1456 quid
1327 1402 1594 1456 sequuntur?

256 1464 331 1504 aut
366 1462 413 1503 in
451 1477 535 1516 qua
571 1476 715 1503 r'elum
751 1463 908 1503 natura
944 1461 1057 1502 inest
1087 1461 1131 1502 id
1160 1460 1383 1502 futurum?
1435 1460 1595 1509 Quodsi

254 1521 360 1563 haec
399 1535 549 1575 eaque,
588 1535 696 1575 quae
734 1522 834 1562 sunt
871 1520 1059 1562 eiusdem
1097 1520 1284 1576 generis,
1322 1519 1484 1561 habent
1521 1519 1595 1561 ali-

257 1594 386 1634 quam
411 1580 544 1621 talem
570 1579 883 1633 necessitatem,
916 1578 1018 1633 quid
1044 1581 1109 1620 est
1134 1578 1321 1633 tandem,
1354 1578 1467 1633 quod
1493 1593 1593 1620 casu
1613 1588 1646 1616 2⁵

254 1638 348 1680 fieri
380 1640 455 1679 aut
485 1638 597 1680 forte
628 1638 805 1680 fortuna
835 1638 1063 1693 putemus?
1113 1636 1235 1678 Nihil
1268 1636 1380 1678 enim
1413 1639 1478 1678 est
1503 1640 1594 1679 tam

255 1697 519 1738 contrarium
563 1697 722 1739 rationi
759 1699 802 1738 et
840 1696 1108 1738 constantiae
1146 1711 1275 1751 quam
1311 1695 1503 1749 fortuna,
1546 1698 1596 1737 ut

255 1756 363 1796 mihi
402 1770 455 1797 ne
495 1756 540 1797 in
577 1756 702 1797 deum
740 1755 911 1810 quidem
949 1755 1097 1797 cadere
1133 1754 1346 1809 videatur,
1389 1756 1438 1796 ut
1475 1754 1595 1809 sciat,

256 1814 358 1868 quid
391 1829 492 1856 casu
523 1816 566 1856 et
596 1814 777 1856 fortuito
809 1813 1002 1855 futurum
1028 1814 1097 1855 sit.
1147 1811 1192 1854 Si
1217 1813 1331 1855 enim
1357 1813 1449 1867 scit,
1481 1815 1595 1855 certe

253 1873 362 1914 illud
394 1873 578 1928 eveniet3
610 1873 677 1915 sin
708 1875 823 1915 certe
855 1872 1033 1927 eveniet,
1063 1872 1184 1913 nulla
1214 1871 1389 1913 fortuna
1415 1874 1497 1926 est3
1529 1873 1594 1914 est
1613 1882 1647 1909 3⁰
1682 1883 1685 1894 ⁴

256 1934 400 1973 autem
436 1931 629 1986 fortuna3
666 1947 808 1973 rerum
845 1931 980 1987 igitur
1015 1931 1293 1973 fortuitarum
1324 1930 1446 1972 nulla
1476 1945 1594 1985 prae-

257 1990 397 2032 sensio
442 1993 518 2032 est.
580 1991 670 2032 Aut
713 1991 750 2032 si
789 2004 923 2045 negas
964 2003 1056 2031 esse
1095 1989 1315 2031 fortunam
1357 1991 1400 2031 et
1440 1989 1594 2044 omnia,

257 2063 364 2103 quae
401 2049 512 2090 fiunt
550 2064 742 2104 quaeque
772 2048 920 2090 futura
952 2051 1069 2102 sunt,
1108 2063 1158 2090 ex
1190 2048 1308 2090 omni
1339 2048 1594 2089 aeternitate

256 2107 432 2149 definita
463 2107 567 2149 dicis
600 2122 692 2149 esse
722 2107 928 2161 fataliter,
960 2109 1081 2148 muta
1112 2106 1404 2148 definitionem
1436 2106 1594 2148 divina-

255 2166 404 2221 tionis,
443 2181 570 2221 quam
609 2166 779 2208 dicebas
817 2165 1163 2221 praesensionem
1202 2179 1293 2207 esse
1331 2180 1473 2207 rerum
1510 2165 1645 2208 for-³⁵
1683 2179 1685 2194 ³

254 2225 473 2267 tuitarum.
529 2223 576 2266 Si
617 2225 728 2267 enim
768 2224 877 2266 nihil
917 2224 1010 2266 fieri
1049 2226 1211 2279 potest,
1248 2223 1357 2266 nihil
1395 2224 1594 2278 accidere,

253 2284 363 2325 nihil
402 2283 587 2336 evenire,
624 2283 709 2325 nisi
747 2282 861 2338 quod
898 2283 952 2325 ab
994 2283 1110 2325 omni
1142 2282 1397 2324 aeternitate
1429 2284 1596 2324 certum
