1685 2568
448 102 536 137 LIB.
563 102 590 137 Ι.
623 101 722 137 CAP.
749 106 781 144 3,
807 106 840 137 4.
872 105 891 143 ξ
917 105 1044 137 8-14,
1330 103 1418 144 385

79 200 262 243 multum
301 214 327 241 a
364 197 721 254 philosophorum
760 196 940 238 lenitate
978 196 1110 249 absit3
1149 197 1260 250 quod
1293 198 1419 238 susti-

78 273 178 301 nere
217 272 346 312 quom
384 257 452 299 vel
492 271 660 298 summa
690 258 886 297 senectus
918 269 1044 309 posse
1076 254 1290 308 videatur,
1327 256 1418 296 nul-

78 319 166 360 lam
191 317 273 358 tibi
300 332 325 358 a
350 315 490 357 causis
515 314 783 356 vacationem
809 314 932 355 video
960 313 1064 354 dari.
1110 313 1154 364 Q.
1175 313 1236 354 At
1257 313 1418 354 meher-

80 376 173 418 cule
211 389 291 431 ego
330 373 575 416 arbitrabar
613 388 739 427 posse
776 373 820 414 id
857 372 1018 427 populo
1050 374 1200 413 nostro
1232 372 1419 426 probari,

2 441 10 467 ⁵
44 447 61 474 ⁵
81 435 118 477 si
154 437 198 476 te
236 434 289 475 ad
326 433 392 474 ius
430 431 772 486 respondendum
804 431 1004 472 dedisses.
1061 429 1197 479 Quam
1231 430 1285 471 ob
1318 444 1420 484 rem,

79 508 208 548 quom
234 491 437 547 placebit,
463 490 763 545 experiendum
790 490 870 531 tibi
896 503 1059 531 censeo.
1100 490 1164 531 M.
1190 487 1420 543 Siquidem,

79 551 255 605 Quinte,
296 550 464 592 nullum
509 551 622 590 esset
665 549 711 590 in
750 548 1009 603 experiundo
1047 548 1304 603 periculum3
1346 547 1421 589 sed

78 624 246 663 vereor,
276 623 348 662 ne,
381 609 481 650 dum
512 608 702 649 minuere
734 608 864 649 velim
895 607 1106 661 laborem,
1144 620 1327 662 augeam
1359 608 1421 648 at-

80 683 161 724 que
199 668 253 710 ad
288 668 411 709 illam
450 681 675 709 causarum
708 681 901 721 operam,
942 666 996 707 ad
1028 680 1156 719 quam
1189 679 1269 720 ego
1300 680 1421 706 num-

43 739 207 782 oquam
250 726 334 768 nisi
377 728 554 781 paratus
593 728 636 766 et
674 725 907 767 meditatus
945 725 1117 778 accedo,
1161 724 1421 779 adiungatur

77 787 183 828 haec
219 785 325 827 iuris
356 784 678 839 interpretatio,
717 799 825 838 quae
856 798 942 825 non
973 787 1067 824 tam
1098 783 1205 825 mihi
1236 783 1421 824 molesta

78 846 135 887 sit
165 846 344 899 propter
376 844 581 897 labore-m,
614 858 742 898 quam
775 843 888 897 quod
921 842 1085 884 dicendi
1112 842 1421 898 cogitationem

78 903 264 957 auferat3
290 903 380 944 sine
408 917 492 957 qua
519 903 572 943 ad
596 903 762 944 nullam
789 901 998 943 maiorem
1021 916 1227 955 umquam
1247 914 1420 943 causam

78 977 174 1005 sum
211 976 339 1004 ausus
378 961 587 1003 accedere.
646 962 746 1003 Am.
779 959 891 1009 Quin
927 960 1062 1016 igitur
1098 960 1184 1001 ista
1220 959 1317 1015 ipsa
1355 974 1422 1001 ex-

44 1032 60 1059 5
77 1021 216 1077 plicas
246 1020 372 1062 nobis
404 1020 472 1062 his
505 1020 743 1073 subsicivis,
774 1022 823 1060 ut
856 1019 930 1073 ais,
962 1019 1230 1073 temporibus
1257 1020 1301 1060 et
1326 1033 1422 1060 con-

79 1080 231 1122 scribis
269 1080 320 1120 de
356 1079 447 1121 iure
486 1079 602 1121 civili
641 1078 842 1120 subtilius
880 1093 1009 1132 quam
1040 1077 1200 1119 ceteri?
1249 1076 1364 1119 Nam
1397 1092 1423 1119 a

77 1139 217 1194 primo
250 1140 445 1193 tempore
478 1137 633 1179 aetatis
666 1137 748 1178 iuri
781 1137 951 1178 studere
983 1139 1026 1177 te
1059 1136 1254 1190 memini,
1292 1151 1422 1190 quom

77 1198 170 1253 ipse
202 1197 333 1239 etiam
366 1197 419 1238 ad
451 1195 703 1238 Scaevolam
734 1196 1010 1248 ventitarem,
1047 1209 1185 1249 neque
1216 1210 1423 1249 umquam

78 1256 185 1298 mihi
216 1256 335 1297 visus
361 1270 405 1296 es
431 1255 494 1296 ita
519 1258 562 1297 te
589 1255 643 1297 ad
669 1254 893 1297 dicendum
921 1254 1098 1308 dedisse,
1130 1256 1179 1295 ut
1203 1253 1270 1296 ius
1298 1254 1422 1296 civile

78 1318 384 1358 contemneres.

165 1374 230 1416 M.
259 1373 312 1415 ln
342 1373 522 1428 longum
553 1387 795 1414 sermonem
827 1386 895 1413 me
926 1385 1067 1426 vocas,
1099 1371 1263 1426 Attice3
1296 1386 1423 1426 quem

78 1435 242 1486 tamen,
289 1431 375 1474 nisi
418 1431 602 1480 Quintus
647 1431 764 1473 aliud
808 1431 909 1486 quid
950 1445 1030 1473 nos
1074 1445 1202 1486 agere
1245 1432 1423 1485 mavult,

79 1491 310 1546 suscipiam
348 1493 409 1546 et,
448 1490 651 1545 quoniam
688 1490 813 1532 vacui
845 1504 1010 1545 sumus,
1048 1489 1198 1532 dicam.
1249 1490 1294 1542 Q.
1325 1489 1422 1545 Ego

78 1565 180 1592 vero
218 1550 405 1591 libenter
442 1549 670 1604 audierim3
714 1549 816 1603 quid
854 1549 966 1590 enim
1004 1563 1133 1605 agam
1170 1548 1315 1603 potius
1349 1551 1424 1590 aut

45 1609 124 1651 sin
155 1623 238 1663 quo
271 1608 424 1650 melius
454 1608 568 1650 hunc
599 1622 849 1650 consumam
876 1608 1016 1649 diem?
1060 1608 1124 1650 M.
1150 1606 1264 1656 Quin
1288 1607 1423 1663 igitur

80 1668 135 1710 ad
171 1668 250 1709 illa
285 1667 428 1722 spatia
457 1670 607 1708 nostra
639 1667 843 1721 sedesque
874 1667 1125 1722 pergimus?
1162 1666 1254 1721 ubi,
1294 1681 1424 1720 quom

80 1726 188 1769 satis
238 1726 322 1768 erit
371 1726 657 1780 ambulatum,
712 1725 1047 1780 requiescemus,
1101 1739 1178 1767 nec
1226 1725 1422 1780 profecto

78 1785 204 1828 nobis
253 1785 482 1826 delectatio
533 1784 669 1826 deerit
719 1785 835 1827 aliud
880 1799 931 1826 ex
974 1784 1060 1826 alio
1106 1784 1423 1839 quaerentibus.

79 1845 179 1887 An.
216 1843 309 1886 Nos
346 1858 469 1898 vero,
507 1846 550 1885 et
587 1843 667 1886 hac
705 1844 877 1899 quidem
916 1843 969 1885 ad
1000 1843 1163 1898 Lirem,
1201 1843 1238 1884 si
1268 1843 1424 1899 placet,

80 1917 156 1959 per
205 1903 345 1959 ripam
395 1905 439 1944 et
481 1902 691 1944 umbram.
758 1901 840 1944 Sed
882 1902 969 1944 iam
1016 1902 1156 1944 ordire
1200 1902 1424 1957 explicare,

81 1976 258 2017 quaeso,
291 1961 341 2003 de
372 1961 464 2003 iure
496 1961 613 2003 civili
644 1961 745 2015 quid
777 1961 949 2003 sentias.
998 1964 1061 2003 M.
1092 1961 1273 2017 Egone?
1312 1976 1424 2002 sum-

79 2035 174 2063 mos
205 2020 340 2063 fuisse
372 2020 417 2061 in
442 2020 618 2062 civitate
643 2023 793 2061 nostra
817 2020 945 2075 viros,
979 2020 1052 2075 qui
1077 2020 1121 2062 id
1144 2019 1424 2075 interpretari

80 2080 240 2135 populo
273 2082 317 2121 et
347 2080 639 2134 responsitare
671 2079 790 2120 soliti
815 2079 913 2134 sint,
946 2078 1020 2121 sed
1046 2093 1118 2121 eos
1144 2093 1304 2134 magna
1328 2092 1425 2134 pro-

80 2138 216 2180 fessos
260 2138 306 2180 in
343 2138 489 2193 parvis
527 2152 620 2180 esse
657 2140 864 2180 versatos.
926 2137 1036 2187 Quid
1076 2138 1190 2179 enim
1229 2140 1295 2179 est
1331 2140 1424 2178 tan·

0 2217 4 2244 ;
47 2187 185 2252 ⁵t1ffl1,
217 2200 426 2252 quantum
452 2197 518 2238 ius
545 2196 763 2238 civitatis?
796 2196 898 2251 quid
923 2199 1068 2239 autem
1092 2200 1182 2239 tam
1211 2196 1425 2251 exiguum,

82 2270 211 2311 quam
243 2258 309 2298 est
341 2270 495 2297 mimus
526 2255 609 2297 hoc
640 2269 799 2310 eorum,
832 2255 904 2310 qui
935 2255 1245 2298 consuluntur?
1279 2269 1424 2308 quam·

82 2329 210 2371 quam
248 2317 315 2356 est
348 2315 510 2370 populo
541 2314 841 2356 necessarium.
897 2313 988 2356 Nec
1019 2328 1120 2356 vero
1153 2327 1244 2368 eOS,
1282 2312 1355 2367 qui
1385 2311 1425 2355 ei

150 2388 222 2416 010.
242 2389 297 2416 Π.
316 2391 339 2416 2.
1095 2386 1138 2417 25

1449 968 1490 999 13

1450 1615 1493 1646 14
