1685 2568
477 111 760 148 ADNOTATIO
788 111 989 147 CRITICA.
1319 112 1399 147 XLI

62 229 105 235 —-
132 206 171 242 P.
205 211 284 242 417.
317 211 363 242 34
382 219 441 251 sq.
479 205 703 252 siqnisffl-ue]
731 205 860 248 Vahl.,
897 206 1013 252 siqnis
1050 206 1214 250 quo,hoc
1229 216 1320 240 corr.
1359 217 1401 240 ex

60 265 170 300 quae,
195 255 238 288 ut
262 253 432 289 Vahleno
456 253 620 296 videtur,
648 251 727 287 cod.
754 252 803 296 A,
828 254 944 298 siqnis
968 255 1062 297 quod
1087 252 1118 286 Β
1143 253 1182 286 et
1205 252 1250 296 H,
1275 253 1403 298 siquis,

62 302 193 346 †quod
216 300 356 345 Halm,
381 299 477 336 Bait.
503 319 548 326 —
572 298 612 335 P.
638 302 718 334 417.
744 303 790 334 36
815 300 950 334 eosdem
976 299 1094 344 vulg.,
1120 298 1241 342 Vahl.,
1267 310 1403 334 eorum-

61 349 140 384 dem
166 347 290 391 codd.,
317 358 438 383 eorum
460 357 594 382 numen
620 346 875 389 Schoemann„
900 346 1041 390 Halm.,
1067 345 1161 382 Bait.
1189 366 1232 372 —
1258 345 1297 380 P.
1324 351 1402 381 418.

62 399 82 429 5
121 406 170 430 ea:
207 406 388 440 augurum
423 393 506 437 alii,
544 392 639 427 Bait.
678 392 809 427 dubito
847 404 894 428 an
930 393 1048 436 recte3
1082 392 1127 428 cf.
1165 405 1202 438 p.
1237 396 1314 427 181.
1347 397 1404 429 32.

62 462 105 467 —
144 441 183 475 P.
223 446 303 477 418.
344 445 387 476 10
422 444 465 476 ut
497 440 690 486 Pluryyum
726 439 853 483 Vahl.,
892 441 1111 486 appariyum
1148 441 1192 484 (p
1228 439 1331 485 prior
1367 440 1406 473 in

62 490 150 533 ras.)
183 488 262 524 cod.
291 490 337 532 A,
370 488 514 533 adpary
544 498 624 522 cum
649 487 695 530 B,
726 487 945 533 adpariyum
969 487 1005 521 H
1037 488 1125 532 (non
1158 487 1258 522 ‘ante
1285 487 1405 532 Phry-

62 536 177 582 9um’,
203 536 246 570 ut
264 535 317 569 ait
334 534 482 579 Halm),
508 534 699 580 Phrygum
718 534 899 577 Momms.,
924 533 1058 577 Halm.,
1084 535 1263 577 Arabum,
1289 534 1405 579 Phry-

62 594 148 628 9um
171 581 323 625 Victor„
350 580 485 616 Baiter.
513 601 557 607 ——
582 580 622 615 P.
648 584 728 615 418.
758 585 800 615 14
825 581 865 615 hi
887 581 1001 625 vulg,
1026 580 1149 624 Vahl.,
1174 582 1208 615 si
1233 581 1352 624 codd.,
1377 582 1407 615 ii

65 629 197 672 Halm,
224 628 318 663 Bait.
346 648 390 653 ——
415 627 455 663 P.
475 632 556 664 418.
583 632 627 662 29
654 632 711 662 sat
736 639 806 663 esse
825 629 938 672 plane
958 628 1093 673 Haupt.
1120 627 1195 662 ind.
1222 627 1308 662 lect.
1329 627 1405 662 hib.

66 679 155 711 1867
175 687 210 720 p.
231 680 254 710 4
274 678 412 721 (opusc.
432 675 467 709 II
485 687 520 720 p.
542 676 638 718 360),
664 675 786 718 Vahl.,
811 677 937 710 satz'sse
955 676 1067 710 illane
1086 675 1192 710 codd.
1212 674 1292 718 AB,
1318 676 1408 710 satis

63 733 135 758 esse
159 724 245 767 (esse
268 722 308 756 in
332 724 417 767 ras.)
442 723 510 757 illa
534 733 579 757 ne
603 721 648 765 H,
674 723 764 757 satis
788 733 860 758 esse
883 723 958 757 iam
983 721 1111 757 Feldh.
1139 722 1245 766 00111,
1271 721 1406 766 Halm.,

62 769 158 804 Bait.
194 789 238 795 -—
269 769 308 803 P.
334 772 415 804 418.
442 773 486 804 36
517 770 629 804 vostri
660 770 796 813 (vestri)
822 768 940 813 vulg,
972 770 1090 804 nostri
1115 769 1239 812 codd.,
1272 769 1406 812 Halm.,

63 816 176 860 Bait„
209 815 318 851 Vahl.
350 836 395 842 —-
426 815 466 850 P.
493 820 574 851 419.
608 820 651 850 16
685 820 812 851 nostra
838 816 962 860 codd.,
996 815 1123 860 Vahl.,
1158 821 1301 852 nostras
1332 815 1407 860 all„

64 863 204 907 Halm.,
229 862 325 898 Bait.
353 883 397 889 —
423 862 462 897 P.
489 867 568 898 419.
596 867 639 898 22
665 863 974 909 [animadversio]
999 863 1093 897 Bait.
1121 884 1165 889 —
1190 863 1228 897 P.
1256 867 1335 898 419.
1363 867 1408 898 25

63 911 150 955 post
173 911 474 956 perviyilationes
503 909 612 946 inser.
647 921 666 944 c
692 922 726 945 v.
758 914 803 945 30
831 921 884 954 sq.
917 914 949 945 et
973 911 1200 946 inmittendis
1223 911 1408 956 reliyionz'-

66 959 130 993 bus
154 958 279 1001 foedas
304 957 462 992 Urlichs.
488 969 580 992 mus.
607 956 724 993 Rhen.
753 961 842 992 1878
868 969 903 1002 p.
934 962 1010 992 155.
1038 978 1082 983 —
1107 957 1147 992 P.
1167 961 1247 992 419.
1269 962 1314 992 30
1334 959 1409 992 inet

63 1005 283 1040 inmitendas
309 1004 388 1039 cod.
414 1004 464 1048 A,
490 1003 611 1047 Vahl.,
637 1005 712 1039 inet
735 1005 961 1039 inmittendis
985 1005 1026 1047 B,
1052 1005 1136 1039 meti
1160 1005 1339 1040 mitendas
1363 1004 1408 1048 Η,

64 1054 105 1087 in
123 1053 356 1087 admittendis
374 1051 488 1096 vulg„
513 1051 647 1094 Halm.,
669 1050 780 1094 Bait.;
806 1053 931 1095 foedas
952 1051 1071 1095 codd.,
1091 1051 1214 1095 Vahl.,
1234 1053 1276 1086 in
1294 1053 1410 1087 sacris

65 1103 98 1134 et
130 1099 172 1134 in
201 1099 427 1134 inmittendis
456 1099 517 1133 rel.
549 1099 666 1142 foedis
690 1097 960 1142 Heydenreieh.
992 1109 1084 1132 mus.
1110 1098 1227 1132 Rhen.
1258 1102 1346 1133 1876
1372 1111 1408 1143 p.

67 1150 146 1181 639.
170 1165 217 1172 -
241 1145 279 1180 P.
307 1149 385 1180 419.
414 1149 458 1179 33
485 1156 563 1188 sqq.
600 1146 648 1179 ad
679 1155 869 1189 corporum
900 1146 1113 1180 certationes
1145 1156 1255 1180 cursu
1286 1150 1318 1181 et
1337 1157 1408 1190 pu-

63 1193 251 1239 9illatione
276 1193 439 1237 (puyilla
461 1192 703 1227 ueluctatione
728 1191 833 1226 codd.
862 1203 941 1236 sup.
969 1192 1006 1226 la
1032 1203 1099 1227 scr.
1120 1193 1172 1227 tio
1197 1192 1237 1226 in
1261 1193 1343 1234 AB)
1367 1213 1410 1218 —

65 1240 254 1275 victoriam
285 1240 403 1274 circus
434 1239 650 1274 constitutus
674 1239 739 1282 sit,
774 1249 884 1274 cavea
908 1239 958 1274 ad
982 1243 1130 1273 cantum
1153 1250 1235 1274 voce
1260 1250 1304 1274 ac
1327 1240 1410 1283 fidi-

66 1287 131 1322 bus
154 1285 295 1329 Halm,
326 1287 375 1321 sit
405 1296 500 1330 corp.
533 1286 726 1321 certationi
755 1296 866 1321 cursu
895 1289 929 1321 et
946 1287 1191 1331 pugillatione
1216 1306 1260 1312 —
1293 1287 1411 1322 circus

66 1334 281 1369 constitutus
307 1332 483 1377 (Feldh.)‚
516 1343 624 1368 cavea
648 1336 760 1367 cantu
784 1343 866 1368 voce
890 1344 934 1367 ac
957 1333 1094 1376 fidibus
1118 1332 1232 1377 Bait„
1258 1334 1411 1377 divisis,

67 1391 161 1425 corp.
194 1381 388 1415 certatione
412 1390 522 1415 cursu
545 1384 579 1415 et
596 1381 788 1425 puyillatu
812 1384 845 1415 et
870 1381 1065 1415 luctatione
1090 1401 1134 1405 —
1161 1381 1256 1415 circo
1281 1382 1411 1416 consti-

65 1428 171 1471 tutis,
210 1438 319 1463 cavea
355 1431 467 1462 cantu
496 1428 618 1462 videat
645 1427 782 1470 fidibus
811 1431 845 1462 et
875 1428 976 1462 tibiis
1000 1427 1109 1461 Vahl.
1142 1448 1185 1453 —
1218 1427 1256 1463 P.
1285 1432 1364 1463 420.
1392 1433 1412 1463 6

67 1485 287 1510 conservare
311 1473 432 1518 vulg,
466 1473 590 1517 Vahl.,
624 1484 794 1509 conserva
826 1473 933 1508 codd.
967 1475 1018 1518 (re
1044 1485 1224 1519 superscr.
1250 1474 1289 1508 in
1314 1474 1411 1520 AB),

68 1522 273 1557 conservari
308 1520 449 1563 Halm,
487 1520 584 1557 Bait.
611 1541 656 1546 —
687 1520 726 1555 P.
753 1524 833 1555 420.
861 1525 880 1555 7
919 1522 1092 1556 mollitias
1122 1521 1241 1566 vulg,
1278 1521 1412 1566 Halm.,

67 1568 179 1612 Bait„
204 1569 353 1603 mollitis
378 1567 486 1602 codd.
511 1567 599 1610 ΒΗ,
626 1567 666 1602 111
690 1568 719 1602 Β
747 1579 928 1612 superscr.
955 1580 988 1610 a,
1015 1570 1198 1612 mollitias,
1224 1570 1281 1604 ias
1307 1580 1411 1612 corr„

67 1616 122 1659 A.,
144 1616 336 1651 mollitiam
353 1615 501 1651 mollitis
520 1614 640 1658 Vahl.,
665 1616 837 1650 mollitias
856 1616 1003 1650 mollitis
1021 1615 1185 1651 Huschk.
1207 1636 1252 1641 -
1272 1617 1311 1652 P.
1332 1620 1412 1652 420.

0 1687 1 1691 ,
70 1667 112 1698 15
139 1674 192 1706 sq.
225 1663 326 1707 †illa
349 1663 491 1707 quidem
516 1673 535 1696 e
562 1661 653 1697 dett.
682 1661 787 1697 codd.
814 1662 952 1704 Halm,
985 1663 1116 1701 †illud
1140 1664 1282 1707 quidem
1305 1663 1413 1707 Bait„

67 1711 170 1746 video
202 1709 286 1745 add.
320 1709 428 1745 Vahl.
461 1729 505 1735 —
537 1708 576 1745 P.
602 1713 682 1745 420.
718 1713 761 1744 18
787 1720 841 1754 sq.
876 1710 1035 1744 eoeultent
1066 1714 1098 1745 et
1122 1709 1249 1752 Vahl.,
1283 1712 1415 1745 exultet

69 1756 187 1799 codd.,
214 1757 397 1792 exsultant
421 1759 454 1791 et
478 1755 617 1799 Halm.,
644 1755 738 1792 Bait.
765 1776 810 1782 -—
835 1760 1027 1801 torqueant
1051 1756 1170 1801 codd.,
1196 1757 1317 1799 Vahl.,
1343 1762 1414 1793 tor-

69 1803 201 1848 quent?
232 1803 375 1847 Davis.,
407 1803 548 1846 Halm,
581 1802 676 1839 Bait.
704 1824 748 1829 —
772 1802 812 1839 P.
838 1808 918 1839 420.
946 1808 989 1838 21
1023 1804 1070 1838 in
1095 1805 1159 1839 civ.
1187 1816 1246 1840 an.
1274 1803 1414 1848 Lamb„

69 1850 209 1893 Madv.‚
235 1850 346 1894 Bak.‚
373 1851 506 1885 civium
530 1851 572 1885 in
595 1862 655 1885 an.
683 1849 808 1893 Gocr„
834 1850 975 1890 Halm.,
1001 1850 1109 1895 Bait„
1135 1852 1183 1886 in
1208 1862 1278 1887 om.
1304 1851 1414 1887 Vahl.

71 1918 115 1923 —-
139 1897 178 1933 P.
205 1902 284 1933 420.
312 1902 355 1932 23
382 1908 470 1943 quos
494 1896 604 1941 Dav.,
630 1897 746 1941 Bait,
772 1909 841 1942 quo
868 1898 987 1941 codd.,
1013 1897 1146 1942 Halm.,
1172 1897 1293 1941 Vahl.,
1322 1898 1416 1933 ‘vin-

72 1944 271 1988 dicatum',
310 1944 376 1979 sed
416 1945 586 1989 eprorsus
622 1943 863 1989 pravissime'
903 1944 1135 1979 vindicatum
1170 1956 1192 1980 a
1223 1945 1415 1990 Madvigio

73 1991 214 2027 emend.
240 2003 276 2036 p.
304 1995 348 2026 74
379 1990 550 2036 aliisque.
599 1990 697 2025 Nam
729 1991 818 2036 quid
850 1991 970 2026 simile
996 2003 1065 2037 quo
1083 1993 1171 2037 plus
1197 2013 1240 2018 ——
1267 1997 1416 2028 tantun-

73 2039 151 2073 dem
184 2041 248 2072 aut
272 2049 340 2083 quo
358 2039 447 2083 plus
470 2059 516 2064 —
541 2039 582 2074 id
607 2039 646 2072 eb
669 2050 811 2077 nervos,
843 2050 911 2084 quo
930 2040 1057 2083 plures
1082 2059 1126 2064 -
1151 2040 1312 2083 haberet,
1347 2042 1418 2085 (eos

73 2095 120 2119 an
155 2085 196 2120 id
227 2085 366 2130 nescio)
403 2086 522 2121 incidi
558 2086 687 2121 iussit?
726 2085 834 2131 (Phil.
867 2085 953 2119 XIX
985 2088 1077 2131 629).
1111 2107 1156 2111 -
1187 2086 1225 2122 P.
1257 2091 1336 2122 420.
1371 2091 1416 2122 26

72 2136 226 2176 optuma
251 2131 356 2168 codd.
381 2132 450 2166 AB
478 2143 568 2167 corr.
597 2143 642 2167 ex
666 2134 819 2177 optumi,
845 2134 984 2178 optumi
1007 2133 1146 2176 Halm,
1175 2132 1281 2177 Bait„
1306 2133 1414 2169 Vahl.

75 2178 134 2224 (cf.
168 2178 275 2213 eund.
308 2177 347 2212 in
373 2178 551 2214 Zeitschr.
578 2179 602 2213 f.
630 2178 731 2215 Oest.
759 2180 890 2223 Gymn.
920 2183 1009 2214 1860
1034 2192 1070 2225 p.
1098 2181 1170 2225 31).
1195 2201 1243 2206 —-
1266 2180 1307 2216 P.
1335 2185 1414 2216 421.

75 2230 116 2260 12
142 2225 200 2260 De
225 2226 416 2271 dile'yentia
441 2246 485 2251 —
511 2227 592 2271 †ac
616 2227 690 2262 voti
713 2228 858 2271 sponsio
882 2227 1003 2263 Halm.
1032 2228 1070 2262 et
1089 2227 1183 2263 Bait.
1211 2248 1256 2253 -—
1276 2227 1315 2262 P.
1336 2232 1414 2263 421.

74 2277 116 2307 15
138 2274 271 2317 plenae
295 2276 398 2307 sunt
422 2276 513 2319 traq.
539 2273 673 2316 Halm.,
699 2274 808 2318 Bait,
827 2275 930 2319 plaet
955 2274 1017 2318 (A,
1038 2275 1161 2319 placet
1185 2274 1271 2320 BH)
1296 2285 1416 2309 racoe-

71 2321 157 2356 dz'ae
182 2319 301 2363 codd.,
326 2323 413 2355 sunt
430 2320 561 2364 plenae
585 2324 677 2367 tray.
704 2321 822 2365 vulg.;
850 2332 883 2357 v.
911 2320 958 2355 ad
976 2333 1012 2367 p.
1034 2326 1112 2357 327.
1135 2326 1190 2358 11.
1211 2342 1256 2347 -
1276 2321 1314 2357 P.
1336 2325 1416 2356 421.
