1685 2568
493 105 772 142 ADNOTATIO
800 105 925 141 CRI'l'l
931 105 1000 141 CA.
1313 106 1413 141 XXV

78 212 159 236 vero
188 212 235 236 m.
270 205 301 244 1,
341 201 398 237 Tu.
425 212 505 237 vero
537 200 686 245 Reisig„
717 199 850 244 Halm„
881 200 988 243 Bait„
1019 200 1071 235 At
1100 204 1156 243 tu,
1189 201 1239 234 At
1269 204 1309 234 tu
1332 211 1414 235 vero

80 247 141 282 all.
170 268 211 273 -
237 247 278 282 P.
306 252 383 283 279.
411 252 431 283 3
452 248 580 293 possit
605 247 698 291 eod„
723 246 860 289 Halm.;
887 247 932 282 cf.
958 259 994 292 p.
1022 252 1100 282 276.
1130 250 1183 282 18.
1204 267 1248 272 —
1273 246 1313 281 P.
1333 251 1412 281 279.

81 298 123 330 19
142 295 190 329 iis
209 305 288 337 scr„
308 296 365 330 his
385 295 476 338 cod„
495 295 538 328 ut
556 294 662 336 solet,
684 295 722 329 et
741 293 840 337 edd.;
862 293 907 328 ef.
927 306 962 338 p.
984 298 1063 329 315.
1086 298 1124 328 11
1140 305 1192 337 sq.
1215 315 1258 318 —
1278 293 1317 327 P.
1334 297 1413 328 280.

79 345 123 376 22
151 342 222 376 M)
258 341 364 384 Bait„
391 341 444 376 M.
478 341 569 384 eod„
601 340 700 384 vulg.
729 362 770 366 -—
796 339 837 375 P.
864 344 942 375 280.
970 345 1012 375 33
1034 342 1233 385 pertinent
1256 352 1303 374 m.
1332 345 1349 374 1
1378 341 1416 374 et

78 387 246 433 plerique
272 388 372 431 edd.;
398 400 431 422 v.
458 387 505 422 ad
530 400 564 432 p.
592 391 646 422 20.
674 391 729 422 20.
758 408 799 412 —-
826 387 867 422 P.
890 390 968 422 281.
990 392 1034 422 35
1060 389 1223 422 iudicavi
1248 387 1414 431 Krarup„

79 435 186 478 Bait„
211 436 372 471 iudicam
395 447 443 469 m.
471 439 502 478 1,
527 435 716 470 iudicabat
739 446 786 468 m.
812 439 846 478 2,
871 435 1080 470 iudicabam
1104 433 1202 478 Mai„
1228 433 1348 468 Halm.
1371 454 1415 458 ——

78 481 118 516 P.
157 485 236 517 282.
276 486 296 517 2
317 493 368 526 sq.
413 482 522 516 astris
562 482 758 526 stellisque,
797 493 887 526 quae
924 483 1019 516 caelo
1050 482 1274 516 inhaererent
1309 480 1416 524 Bait„

79 530 244 574 astellisq.
269 530 366 564 caelo
390 529 575 564 inhereren
598 540 645 563 m.
674 534 705 572 1,
731 530 872 574 astrisq.
900 539 927 563 e.
952 529 1140 564 inhereren
1162 540 1209 562 m.
1237 533 1269 571 2,
1295 529 1416 570 astris,

78 587 170 620 quae
194 577 289 611 caelo
312 576 539 611 inhaererent
557 575 690 618 Halm„
717 577 827 610 astris
845 576 940 610 caelo
964 576 1233 610 inhaerentibus
1251 574 1351 620 vulg.
1373 595 1416 599 —

78 622 119 658 P.
134 626 211 658 283.
227 627 246 657 2
267 626 317 658 est
330 621 426 657 Maio
448 623 485 656 et
498 622 646 657 Halmio
667 622 879 657 auctoribus
899 622 982 656 add.
1004 622 1116 664 Bait„
1137 623 1184 656 ad
1203 625 1280 657 398.
1301 626 1356 657 25.
1373 642 1416 647 -—

78 669 118 704 P.
138 673 216 705 283.
237 673 282 704 20
302 673 443 704 trecent.
463 670 582 714 quinq.
605 668 711 711 Bait„
728 669 819 704 CCC
833 670 954 715 quinq.
970 668 1069 713 Mai„
1089 669 1164 712 all„
1184 670 1306 714 quinq.
1321 680 1368 703 m.
1385 673 1416 711 1,

80 727 258 762 superscr.
281 715 366 750 CCC
385 728 432 750 m.
453 720 485 760 2,
505 718 626 761 quinq.
648 716 738 751 CCC
754 716 874 751 Halm.
895 737 937 741 -—
964 715 1005 751 P.
1031 720 1111 751 283.
1138 720 1182 751 25
1206 717 1418 761 superioris

78 775 125 798 m.
154 768 184 806 1,
209 762 330 797 Halm.
358 784 402 789 -
427 762 467 798 P.
495 766 573 798 284.
600 768 645 798 24
670 764 787 808 ipsam
813 774 882 798 om.
908 762 1028 798 Halm.
1061 764 1100 798 et
1124 762 1219 798 Bait.
1247 774 1351 805 casu,
1377 764 1419 797 ut

77 810 234 845 videtur.
263 831 305 835 —
337 809 378 845 P.
412 814 490 845 285.
520 814 561 845 17
593 812 769 855 equidem,
802 811 843 844 ut
871 809 991 845 voluit
1014 809 1159 854 Moser„
1185 809 1419 846 scribendum

79 867 158 892 esse
197 857 348 899 clarius,
387 857 514 900 eredo,
552 859 765 902 appareret,
804 858 836 892 si
872 857 984 902 plena
1015 859 1115 892 esset
1145 857 1340 891 sententia.
1374 878 1418 882 --

77 903 118 939 P.
144 907 223 939 285.
244 908 288 939 22
308 904 485 950 [Eyreyie
506 925 549 930 —
575 904 726 950 Seaetus]
749 904 896 939 Dobreo
923 905 1074 940 auctore
1100 904 1220 939 Halm.
1248 905 1286 939 et
1310 903 1419 947 Bait„

77 951 223 997 [catus]
247 963 281 986 v.
308 956 352 986 23
379 951 517 994 Halm.;
543 963 577 986 v.
604 951 758 986 Vahlen.
785 952 860 986 ind.
893 952 978 986 lect.
1004 952 1125 986 Berol.
1151 953 1238 986 aest.
1269 955 1357 987 1878
1382 963 1418 996 p.

78 1003 100 1033 4
114 1009 167 1042 sq.
189 1019 231 1023 ——
251 998 293 1033 P.
313 1002 392 1034 285.
413 1003 456 1033 27
469 1010 521 1042 sq.
542 1003 631 1033 erat
657 999 724 1043 (ita
748 998 842 1041 cod.)
868 999 934 1034 ille
958 1000 1001 1034 de
1019 999 1100 1044 Iph.
1121 999 1290 1034 Achilles
1309 998 1418 1043 (cod.)

80 1044 226 1088 Osann„
257 1045 427 1089 Vahlen„
452 1050 556 1081 erant
580 1047 646 1080 illa
671 1046 781 1090 (cod.)
812 1047 855 1081 de
881 1046 963 1090 Iph.
989 1046 1146 1081 Achillis
1170 1046 1270 1090 vulg.
1304 1067 1348 1071 —
1379 1045 1419 1079 P.

79 1096 158 1128 285.
180 1096 223 1127 29
235 1103 287 1136 sq.
314 1103 442 1126 versus
462 1094 547 1127 rest.
567 1092 722 1126 Vahlen.
749 1092 772 1127 l.
794 1092 829 1136 l„
854 1094 942 1137 quid
967 1094 1015 1128 sit
1040 1093 1136 1136 cod„
1163 1093 1264 1137 vulg.
1284 1093 1418 1128 Astrol.

79 1141 159 1221 {²33²
162 1140 744 1230 “33⁷‘At055l011332‘533iffi?
747 1139 939 1220 “32150222'8
955 1139 997 1220 1?
995 1151 1124 1221 “⁷226-
1130 1139 1407 1230 fibmeM-adg
1412 1167 1419 1174 '

78 1232 210 1275 Halm„
241 1232 355 1275 Bait„
388 1232 432 1267 of.
465 1245 501 1278 p.
535 1237 613 1267 298.
647 1237 692 1268 34
724 1234 914 1268 translata.
940 1254 987 1258 —
1017 1232 1058 1268 P.
1086 1237 1165 1268 286.
1192 1237 1212 1268 8
1238 1235 1278 1268 id
1302 1235 1421 1269 valent

80 1279 163 1314 add.
189 1279 327 1314 Alanus
353 1279 429 1314 obs.
456 1292 491 1324 p.
515 1284 569 1324 15,
589 1279 697 1323 Bait„
724 1281 763 1316 id
787 1280 908 1314 Halm.
935 1291 994 1314 me
1019 1281 1181 1315 auctore.
1207 1301 1254 1306 —
1278 1280 1319 1315 P.
1340 1284 1419 1316 286.

79 1331 122 1362 29
147 1326 425 1373 [locupletibus]
456 1326 501 1361 de
530 1337 615 1361 mea
645 1326 738 1361 coni.
770 1327 865 1362 Bait.
899 1348 942 1352 —
974 1326 1015 1362 P.
1048 1330 1127 1362 287.
1161 1332 1201 1362 11
1231 1339 1283 1371 sq.
1315 1340 1420 1372 quae-

77 1385 206 1409 remus
228 1385 276 1408 m.
304 1378 336 1417 2,
361 1385 575 1419 quaeramus
599 1386 647 1410 m.
676 1379 706 1417 1,
731 1373 865 1418 Halm„
890 1373 1007 1417 Bait„
1044 1374 1089 1409 cf.
1116 1375 1223 1409 Tuse.
1251 1375 1267 1408 Ι
1296 1379 1348 1410 12.
1376 1380 1420 1410 26

79 1421 232 1466 Expone
257 1441 300 1447 -
326 1425 403 1455 tum
427 1422 576 1456 docebis.
603 1442 647 1447 ——
678 1420 718 1455 P.
746 1425 825 1456 287.
858 1425 902 1456 28
933 1422 986 1457 vel
1011 1421 1082 1456 del.
1109 1421 1183 1465 all„
1209 1421 1343 1465 Halm„
1369 1423 1422 1457 vel

82 1467 232 1503 Graecis
250 1469 409 1512 peritiss.
443 1468 524 1503 eod.
562 1489 606 1493 —
643 1467 684 1502 P.
724 1472 802 1503 288.
842 1473 886 1503 23
924 1479 1059 1513 semper
1095 1470 1273 1504 deditus
1306 1470 1420 1512 fueris

78 1514 228 1559 Maehly
255 1515 394 1550 Ztschr.
419 1515 444 1549 1.
472 1515 506 1549 d.
533 1515 575 1550 G.
601 1514 659 1549 W.
688 1518 777 1550 1867
803 1527 839 1560 p.
867 1519 934 1550 808
950 1527 1002 1559 sq.
1036 1536 1079 1541 --
1111 1515 1152 1550 P.
1186 1519 1264 1550 288.
1292 1520 1335 1551 27
1361 1517 1420 1552 ho-

79 1563 237 1597 minibus
263 1561 386 1604 Orell„
410 1561 518 1606 Bait„
543 1563 689 1606 †nobis
713 1561 833 1596 Halm.
856 1583 896 1586 —
922 1561 963 1597 P.
990 1565 1069 1597 288.
1097 1567 1142 1597 34
1156 1574 1209 1607 sq.
1234 1564 1423 1609 inqrecliar

79 1621 125 1643 m.
153 1613 185 1652 2,
211 1608 324 1653 vulg„
355 1590 491 1654 Haupt.
523 1608 598 1642 ind.
632 1609 717 1643 lect.
750 1608 826 1643 hib.
862 1613 950 1644 1867
1045 1614 1065 1644 5
1099 1611 1171 1655 (op.
1204 1610 1238 1643 ΙΙ
1263 1622 1299 1654 p.
1326 1613 1421 1655 361),

78 1657 357 1701 iamqrediarm.
375 1661 406 1698 1,
425 1657 500 1691 iam
518 1657 655 1701 inqred.
675 1655 808 1699 Halm„
827 1655 924 1690 Bait.
940 1677 983 1682 —
983 1622 1041 1691 pP.
1062 1659 1141 1692 288.
1157 1661 1200 1691 37
1221 1668 1331 1701 quaer
1338 1662 1423 1692 etur·

79 1715 127 1737 m.
147 1707 180 1746 2,
199 1704 387 1748 quaeritur
404 1714 450 1737 m.
475 1707 505 1746 1,
525 1702 659 1745 Halm„
679 1702 794 1745 Bait„
816 1702 860 1738 of.
881 1715 916 1748 p.
938 1708 993 1738 44.
1016 1707 1047 1738 7.
1068 1723 1112 1729 —
1132 1704 1172 1739 P.
1199 1708 1279 1738 289.
1306 1709 1324 1738 2
1345 1709 1422 1739 tum

78 1751 218 1785 demum
236 1761 283 1785 m.
304 1754 337 1792 2,
357 1749 466 1791 Bait„
487 1749 617 1785 seclus.
638 1749 771 1792 Halm„
791 1754 824 1784 et
840 1761 888 1783 m.
912 1754 948 1792 13
976 1749 1020 1785 ef.
1045 1761 1082 1795 p.
1110 1754 1189 1785 295.
1211 1755 1243 1792 3,
1264 1755 1342 1786 316.
1364 1756 1420 1795 29,

80 1801 156 1832 327.
179 1801 241 1839 323
267 1809 302 1841 p.
323 1801 401 1832 320.
430 1801 473 1832 17
488 1808 540 1841 sq.
567 1809 614 1832 m.
643 1801 660 1831 1
687 1801 763 1832 tum
787 1801 820 1832 et
839 1797 976 1832 Romae
999 1808 1066 1842 pro
1087 1801 1162 1832 tum
1180 1798 1255 1841 fuit
1273 1798 1421 1841 Romae,

79 1856 115 1888 p.
136 1848 213 1879 307.
235 1848 279 1878 29
300 1844 339 1879 et
357 1848 435 1879 322.
457 1848 500 1878 28
519 1848 561 1879 ut
579 1848 612 1879 et
630 1845 704 1878 iam
722 1854 789 1888 pro
808 1848 850 1878 ut
867 1845 952 1888 iam,
971 1856 1007 1889 p.
1029 1848 1108 1880 325.
1129 1849 1173 1879 33
1194 1849 1226 1880 et
1244 1857 1292 1879 m.
1315 1850 1332 1880 1
1353 1856 1421 1890 pro

79 1892 129 1926 in.
163 1912 206 1916 —
238 1890 278 1925 Ρ.
311 1894 468 1926 28916
499 1902 573 1926 non
604 1891 705 1933 add„
739 1890 937 1925 absurdum
969 1902 1048 1926 esse
1079 1891 1180 1926 nolle
1205 1891 1422 1927 Africanum

82 1937 328 1980 committere,
352 1939 396 1972 ut
414 1937 465 1972 sit
482 1937 663 1972 illustrior
681 1938 763 1982 ipsa
781 1949 838 1972 res
859 1949 968 1982 quam
990 1938 1107 1973 oratio
1132 1949 1208 1982 sua,
1234 1939 1422 1974 intellexit

80 1983 230 2028 Maehly
263 1965 484 2030 scripsitque
518 1984 657 2020 Ztsehr.
690 1985 714 2018 1.
748 1984 782 2020 d.
809 1985 849 2020 G.
877 1986 934 2020 W.
965 1989 1052 2021 1867
1087 1998 1122 2030 p.
1151 1989 1217 2021 809
1243 1988 1423 2022 illustrior

80 2042 205 2075 quam
222 2032 289 2066 illa
313 2033 394 2077 ipsa
411 2043 468 2067 res
487 2053 531 2058 —
550 2033 666 2067 oratio
684 2044 771 2067 mea.
791 2053 837 2057 —
855 2031 894 2066 P.
915 2036 994 2067 290.
1017 2037 1060 2068 37
1090 2032 1209 2078 Quare
1226 2045 1273 2069 m.
1295 2038 1327 2077 2,
1348 2045 1419 2069 om.

81 2089 128 2112 m.
151 2082 182 2121 1,
207 2077 340 2122 Halm„
365 2078 461 2114 Bait.
482 2100 526 2105 —-
550 2078 588 2113 P.
617 2083 694 2114 291.
722 2083 742 2114 9
764 2091 815 2123 sq.
843 2081 1015 2124 optimum
1039 2084 1107 2123 est,
1132 2081 1193 2115 seol
1216 2082 1275 2116 tol.
1302 2085 1422 2116 tamen

82 2135 148 2159 scr.
153 2125 354 2169 ,optimum
371 2128 431 2161 sed
449 2127 508 2162 tol.
534 2130 655 2162 tamen
680 2126 771 2169 cod„
797 2126 905 2168 Bait,
931 2128 1152 2172 optimumst,
1177 2129 1275 2163 toler.
1301 2132 1421 2163 tamen

81 2152 244 2216 Hariptio
277 2171 369 2207 duee
400 2174 472 2218 (op.
500 2173 517 2207 I
544 2176 623 2218 193)
655 2173 776 2208 Halm.
806 2194 854 2199 —
882 2154 921 2208 P.
954 2178 1033 2209 291.
1067 2179 1109 2209 10
1140 2179 1182 2209 ut
1212 2176 1316 2210 aliud
1346 2177 1420 2210 alio

80 2218 155 2262 all„
190 2218 327 2260 Orelli,
361 2224 393 2254 et
423 2221 516 2256 aliut
546 2222 620 2256 alio
650 2221 743 2263 cod„
775 2222 835 2255 secl
865 2225 906 2256 ut
936 2222 1040 2257 aliud
1076 2222 1150 2257 alio
1179 2221 1329 2267 Haupt„
1368 2227 1417 2257 set

81 2267 175 2300 aliut
199 2270 241 2300 ut
271 2266 345 2300 alio
369 2265 502 2310 Halm„
534 2271 566 2302 et
590 2268 694 2303 aliud
716 2271 758 2303 ut
783 2269 855 2303 alio
881 2267 1028 2310 Osann,
1054 2268 1161 2311 Bait„
1194 2273 1226 2304 et
1249 2273 1291 2304 ut
1316 2270 1418 2304 aliucl

79 2314 154 2348 alio
182 2312 302 2359 Hopp
328 2323 451 2358 progr.
477 2294 672 2349 Gumbinn.
701 2318 790 2350 1875
819 2327 856 2362 p.
884 2319 916 2351 9.
941 2335 988 2341 —
1012 2296 1052 2350 P
1080 2320 1158 2350 291.
1186 2320 1230 2351 26
1256 2320 1350 2351 nutu
1375 2327 1418 2351 ac
