1685 2568
117 444 156 477 [Ἰ

149 1029 191 1061 21

149 1411 192 1441 ‘22

219 75 277 114 54
631 73 695 108 DE
720 73 920 109 NATURA
943 73 1148 109 DEORUM

219 169 444 224 angustiae
481 171 579 212 ortu
617 172 691 211 aut
728 170 849 211 obitu
880 170 1005 211 lunae
1037 171 1324 212 commoveri?
1363 172 1436 212 aut
1466 185 1552 212 una

217 228 352 269 totius
385 229 492 270 caeli
523 228 798 270 conversione
825 243 972 270 cursus
999 232 1213 270 astrorum
1240 229 1429 284 dispares
1457 243 1552 270 con-

219 287 409 328 servari?
470 286 588 328 Haec
625 287 687 328 ita
723 287 816 328 fieri
848 288 1045 328 omnibus
1076 287 1189 328 inter
1220 301 1265 328 se
1297 287 1551 329 concinenti-

217 345 298 386 bus
330 346 477 387 mundi
508 345 705 400 partibus
736 345 928 400 profecto
953 361 1039 387 non
1065 349 1253 400 possent,
1283 345 1367 386 nisi
1393 361 1442 387 ea
1466 360 1550 387 uno

219 403 362 445 divino
389 407 432 445 et
457 404 705 445 continuato
731 404 887 458 spiritu
906 405 1236 446 continerentur.
1279 404 1422 458 Atque
1447 404 1552 445 haec
1588 414 1604 440 5

218 477 313 504 cum
356 462 528 503 uberius
573 462 848 516 disputantur
891 465 934 504 et
975 463 1132 515 fusius,
1176 465 1224 504 ut
1261 462 1367 503 mihi
1405 465 1472 504 est
1508 462 1553 503 in

218 521 360 562 animo
391 520 544 575 facere,
574 519 743 562 facilius
776 521 986 576 effugiunt
1012 521 1365 563 Academicorum
1396 521 1553 562 calum-

216 579 351 633 niam3
383 594 478 620 cum
506 581 661 634 autem,
692 582 741 620 ut
767 579 878 620 Zeno
906 580 1084 634 solebat,
1110 580 1280 622 brevius
1310 579 1553 634 angustius-

219 652 300 692 que
320 638 641 692 concluduntur,
664 640 757 679 tum
778 638 994 693 apertiora
1013 641 1113 680 sunt
1132 639 1185 680 ad
1204 638 1552 693 reprendendum.

217 695 332 738 Nam
363 699 412 737 ut
441 697 656 752 profluens
686 696 822 737 amnis
849 699 923 738 aut
947 697 1017 738 vix
1044 699 1117 738 aut
1141 697 1261 739 nullo
1287 697 1426 751 modo,
1457 711 1554 739 con·
1573 708 1606 732 10

219 755 338 797 clusa
369 758 512 796 autem
539 770 650 809 aqua
673 755 800 796 facile
827 756 1130 810 conrumpitur,
1162 756 1222 798 sic
1247 756 1454 797 orationis
1480 755 1554 796 flu—

217 813 332 855 mine
370 814 632 869 reprensoris
671 814 861 856 convicia
900 814 1137 880 diluuntur,
1178 815 1378 870 angustia
1410 816 1554 855 autem

218 873 443 915 conclusae
480 872 687 914 orationis
724 887 811 914 non
839 872 965 914 facile
997 887 1042 914 se
1073 873 1168 927 ipsa
1197 875 1375 914 tutatur.
1436 872 1554 914 Haec

167 931 350 1018 8enim,
391 946 498 986 quae
540 931 776 973 dilatantur
816 946 842 972 a
880 931 1022 985 nobis,
1067 931 1178 973 Zeno
1217 931 1277 973 sic
1313 931 1553 987 premebat:

167 977 381 1039 8‘Quod
426 990 627 1032 ratione
664 990 847 1043 utitur,
885 990 933 1030 id
973 990 1152 1031 melius
1195 992 1272 1031 est
1310 1005 1455 1044 quam
1486 990 1552 1044 id,
1575 1000 1606 1026 15
1652 1035 1656 1038 ,

221 1048 353 1104 quod
395 1049 596 1091 ratione
638 1063 737 1090 non
774 1024 958 1103 utitur,
1001 1048 1132 1090 nihil
1172 1051 1337 1090 autem
1372 1048 1553 1089 mundo

219 1108 421 1162 melius,
452 1107 656 1149 ratione
681 1107 844 1163 igitur
869 1107 1079 1148 mundus
1106 1106 1297 1149 utitur?
1349 1105 1555 1148 Similiter

220 1166 331 1208 effici
370 1169 515 1222 potest
556 1166 793 1221 sapientem
832 1181 922 1207 esse
960 1166 1181 1220 mundum,
1223 1166 1422 1207 similiter
1458 1166 1554 1207 bea-

218 1229 329 1280 tum,
373 1225 571 1267 similiter
615 1227 853 1279 aeternum3
897 1225 1040 1266 omnia
1081 1225 1193 1266 enim
1230 1225 1335 1266 llaec
1375 1224 1554 1266 meliora

220 1287 320 1326 sunt
345 1299 474 1338 quam
501 1299 561 1338 ea,
593 1298 700 1338 quae
727 1287 827 1325 sunt
852 1284 903 1325 iis
931 1283 1130 1337 carentia,
1161 1298 1238 1325 nec
1263 1283 1420 1325 mundo
1443 1283 1553 1337 quic-
1573 1293 1607 1318 20
1666 1293 1685 1312 *³

221 1358 348 1398 quam
384 1343 556 1397 melius3
594 1357 643 1383 ex
682 1357 764 1397 quo
803 1342 1010 1383 efficietur
1047 1356 1139 1383 esse
1176 1342 1381 1383 mundum
1418 1342 1554 1383 deum.

219 1402 421 1456 Idemque
452 1401 535 1443 hoc
566 1400 709 1443 modo:
743 1400 971 1442 ‘Nullius
1004 1415 1154 1442 sensu
1185 1400 1410 1442 carentis
1435 1414 1553 1455 pars

220 1461 395 1515 aliqua
425 1461 599 1515 potest
631 1474 740 1501 esse
773 1459 1018 1513 sentiens3
1050 1459 1220 1500 mundi
1252 1461 1417 1500 autem
1442 1474 1554 1514 par-

219 1523 295 1561 tes
346 1518 629 1560 sentientes
679 1521 815 1573 sunt,
863 1533 962 1560 non
1009 1518 1173 1573 igitur
1222 1520 1361 1559 caret
1405 1532 1554 1558 sensu

220 1577 457 1620 mundus.⁹
507 1577 656 1632 Pergit
686 1577 799 1618 idem
831 1579 874 1618 et
899 1579 1054 1632 urguet
1079 1577 1322 1632 angustius:
1355 1575 1553 1630 eNihil',
1574 1586 1606 1612 25

219 1636 380 1692 inquit,
425 1635 577 1691 ‘quod
621 1636 775 1677 animi
819 1636 1048 1690 quodque
1091 1635 1312 1677 rationis
1357 1637 1434 1676 est
1477 1650 1554 1676 ex-

218 1710 352 1751 pers,
383 1694 432 1736 id
465 1709 710 1751 generare
743 1709 798 1735 ex
831 1709 880 1735 se
911 1696 1085 1749 potest
1110 1694 1416 1735 animantem
1442 1708 1554 1735 con-

219 1757 489 1810 potemque
514 1753 753 1808 rationis3
786 1753 996 1794 mundus
1023 1755 1189 1794 autem
1215 1754 1425 1808 generat
1451 1752 1554 1793 ani-

220 1812 407 1854 mantis
470 1814 831 1867 compotesque
892 1811 1131 1865 rationis3
1193 1811 1420 1852 animans
1478 1813 1554 1852 est

219 1872 382 1927 igitur
426 1871 637 1912 mundus
682 1885 986 1925 composque
1029 1869 1278 1911 rationis.9
1351 1868 1553 1923 Idemque
1573 1879 1607 1905 30

222 1929 519 1985 similitudine,
561 1931 611 1971 ut
655 1944 779 1984 saepe
818 1929 945 1983 solet,
983 1929 1194 1972 rationem
1232 1928 1440 1969 conclusit
1473 1928 1554 1969 hoc

220 1989 364 2030 modo:
410 1987 482 2029 ‘Si
525 2003 581 2029 ex
623 1988 763 2030 oliva
806 1987 1062 2029 modulate
1108 1989 1348 2028 canentes
1393 1986 1554 2028 tibiae

220 2049 575 2101 nascerentur,
623 2061 736 2088 num
781 2046 1062 2099 dubitares,
1107 2045 1225 2099 quin
1268 2045 1461 2086 inesset
1499 2045 1555 2086 rin

222 2107 361 2148 oliva
391 2105 619 2147 tibicinii
647 2105 890 2159 quaedam
916 2104 1161 2146 scientia?
1207 2103 1348 2158 Quid,
1382 2104 1423 2145 si
1448 2103 1554 2159 pla-

221 2165 332 2206 tani
357 2164 601 2205 fidiculas
620 2164 818 2204 ferrent
837 2177 1101 2204 numerose
1122 2163 1392 2204 sonantes?
1425 2162 1606 2204 idem-35

222 2223 425 2265 scilicet
467 2236 698 2264 censeres
739 2222 790 2263 in
828 2221 1058 2277 platanis
1096 2221 1264 2262 inesse
1303 2221 1554 2262 musicam.

221 2281 319 2324 Cur
366 2281 530 2337 igitur
579 2280 789 2322 mundus
838 2295 936 2322 non
980 2280 1207 2321 animans
1252 2279 1555 2334 sapiensque

1671 2488 1685 2568 5330
