1685 2568
461 122 549 160 LIB.
576 123 638 159 III.
674 123 773 159 CAP.
800 128 903 159 3-6,
936 127 956 166 ξ
982 128 1108 161 7—14.
1372 126 1447 167 11]

202 220 388 275 Aspice
414 220 508 262 hoc
533 219 753 261 sublime
779 219 1017 273 candens,
1044 234 1186 274 quem
1212 220 1455 264 invocant

893 292 1063 319 omnes
1096 277 1278 320 Iovem.

115 336 247 386 Quasi
279 352 379 379 vero
413 337 638 392 quisquam
669 338 867 378 nostrum
891 336 1025 378 istum
1050 337 1196 392 potius
1224 352 1352 392 quam
1379 337 1454 380 Ca-

114 396 345 452 pitolinum
388 395 534 437 Iovem
585 395 775 450 appellet
825 397 899 437 aut
949 395 1030 437 hoc
1080 396 1355 451 perspicuum
1400 397 1456 438 sit

115 458 367 510 constetque
398 455 510 496 inter
542 454 699 508 omnis,
732 468 803 495 eos
836 468 929 496 esse
962 454 1081 508 deos,
1113 469 1220 509 quos
1251 455 1332 496 tibi
1358 454 1456 496 Vel-

80 514 222 555 ⁵leius
267 513 476 568 multique
518 515 742 568 praeterea
784 527 838 554 ne
883 512 1114 554 animantis
1154 514 1325 568 quidem
1364 528 1455 555 esse

115 573 359 615 concedant.
421 570 560 613 Grave
600 571 731 613 etiam
770 574 1072 627 argumentum
1103 572 1184 613 tibi
1217 573 1454 626 videbatur,

115 631 228 686 quod
266 630 408 686 opinio
447 630 498 671 de
536 630 601 671 dis
632 630 936 672 inmortalibus
968 633 1012 672 et
1044 631 1235 672 omnium
1268 634 1381 673 esset
1413 634 1455 673 et

114 690 269 732 cotidie
312 691 530 731 cresceret.
591 688 740 731 Placet
783 689 918 745 igitur
961 691 1107 731 tantas
1148 704 1216 731 res
1255 691 1454 745 opinione

115 749 346 791 stultorum
378 747 568 802 iudicari,
599 748 722 790 vobis
754 748 1021 803 praesertim,
1054 748 1126 803 qui
1151 748 1252 791 illos
1278 750 1453 791 insanos

61 808 206 849 10'esse
244 807 425 849 dicatis?
486 806 548 848 At
586 807 699 848 enim
736 807 975 862 praesentis
1014 807 1206 849 videmus
1245 807 1364 863 deos,
1406 811 1454 850 ut

114 866 228 922 apud
258 865 478 922 Regillum
504 866 763 920 Postumius,
794 866 839 907 in
868 864 1034 908 Salaria
1060 865 1280 921 Vatinius,
1310 867 1452 909 nescio

114 925 216 980 quid
248 925 379 966 etiam
411 925 461 966 de
491 924 726 966 Locrorum
759 925 872 979 apud
898 923 1080 981 Sagram
1111 926 1287 981 proelio.
1338 925 1453 975 Quos

112 984 247 1040 igitur
284 987 332 1025 tu
363 983 630 1038 Tyndaridas
669 984 940 1039 appellabas,
977 984 1021 1025 id
1058 987 1124 1025 est
1154 984 1349 1026 homines
1381 985 1454 1027 ho-

113 1044 227 1084 mine
258 1046 401 1097 natos,
433 1045 476 1084 et
508 1057 614 1097 quos
646 1042 878 1096 Homerus,
910 1043 983 1097 qui
1014 1057 1160 1085 recens
1193 1044 1246 1085 ab
1279 1044 1454 1086 illorum

63 1114 95 1140 15
115 1104 256 1144 aetate
292 1101 392 1155 fuit,
433 1102 626 1161 sepultos
666 1116 758 1143 esse
791 1102 893 1143 dicit
924 1101 1261 1157 Lacedaemone,
1302 1118 1374 1145 eos
1406 1106 1453 1145 tu

115 1160 346 1203 cantheriis
385 1160 494 1201 albis
526 1160 657 1201 nullis
690 1160 912 1202 calonibus
945 1160 999 1202 ob
1032 1161 1147 1202 viam
1178 1160 1356 1203 Vatinio
1388 1177 1455 1204 ve-

112 1220 228 1262 nisse
266 1219 487 1260 existimas
527 1222 569 1260 et
606 1218 832 1261 victoriam
870 1219 1019 1274 populi
1055 1219 1242 1261 Romani
1279 1220 1455 1262 Vatinio

113 1279 269 1334 potius,
301 1278 464 1319 homini
495 1278 669 1332 rustico,
702 1292 831 1332 quam
856 1277 911 1319 M.
939 1276 1107 1332 Catoni,
1139 1279 1212 1333 qui
1243 1281 1337 1321 tum
1364 1283 1456 1321 erat

113 1338 328 1393 princeps,
364 1337 660 1378 nuntiavisse‘?
722 1336 840 1392 Ergo
880 1338 923 1378 et
953 1336 1061 1378 illud
1092 1337 1137 1378 in
1169 1338 1305 1392 silice,
1343 1339 1455 1393 quod

62 1407 96 1433 20
114 1396 240 1439 hodie
273 1399 453 1451 apparet
485 1396 598 1451 apud
623 1395 842 1451 Regillum
874 1398 1097 1451 tamquam
1126 1397 1357 1453 vestigium
1383 1413 1456 1439 un-

117 1456 260 1512 gulae,
298 1454 491 1497 Castoris
524 1455 621 1509 equi
653 1455 788 1497 credis
822 1455 943 1496 esse?
993 1454 1146 1497 Nonne
1179 1456 1316 1498 mavis
1348 1456 1456 1498 illud

117 1514 296 1569 credere,
322 1513 435 1568 quod
460 1514 636 1569 probari
661 1516 818 1569 potest,
846 1514 1011 1556 animos
1039 1515 1358 1570 praeclarorum
1384 1516 1457 1557 ho-

117 1573 297 1627 minum,
335 1573 483 1627 quales
515 1573 589 1614 isti
621 1572 893 1627 Tyndaridae
933 1572 1124 1627 fuerunt,
1163 1574 1332 1616 divinos
1364 1589 1456 1616 esse

117 1635 160 1675 et
186 1635 394 1687 aeternos,
427 1640 556 1687 quam
582 1646 666 1686 eos,
700 1632 773 1686 qui
799 1632 931 1674 semel
958 1632 1136 1674 cremati
1162 1635 1317 1687 essent,
1344 1633 1458 1688 equi-

63 1701 97 1728 25
116 1694 209 1734 tare
253 1693 296 1732 et
332 1691 377 1732 in
415 1691 502 1733 acie
543 1705 735 1746 pugnare
775 1691 997 1745 potuisse?
1043 1694 1135 1745 aut,
1174 1691 1210 1733 si
1247 1692 1327 1734 hoc
1365 1692 1457 1733 fieri

115 1749 307 1806 potuisse
339 1749 455 1804 dicis,
487 1750 638 1792 doceas
671 1752 854 1804 oportet,
887 1764 970 1804 quo
1000 1750 1139 1804 modo,
1169 1765 1247 1792 nec
1271 1750 1456 1792 fabellas

116 1809 250 1851 aniles
276 1808 482 1864 proferas.
514 1809 622 1850 Tum
643 1808 846 1850 Lucilius:
880 1809 949 1850 An
974 1809 1067 1863 tibi,
1093 1809 1245 1864 inquit,
1270 1809 1456 1852 fabellae

115 1868 342 1910 videntur?
403 1867 557 1910 Nonne
596 1868 647 1909 ab
678 1867 729 1909 A.
761 1867 985 1910 Postumio
1024 1868 1171 1910 aedem
1203 1867 1375 1911 Castori
1415 1872 1456 1910 et

115 1926 282 1969 Polluci
317 1927 360 1968 in
396 1926 491 1969 foro
530 1927 787 1981 dedicatam,
827 1941 968 1969 nonne
1006 1930 1179 1969 senatus
1211 1929 1456 1969 consultum

64 1994 99 2020 30
119 1984 169 2027 de
198 1984 374 2027 Vatinio
412 1986 558 2028 vides?
608 1985 722 2028 Nam
760 1986 810 2028 de
848 1984 984 2041 Sagra
1022 1985 1284 2028 Graecorum
1325 1987 1455 2029 etiam

118 2046 184 2086 est
214 2044 389 2099 volgare
420 2045 712 2100 proverbium,
745 2045 829 2100 qui,
862 2059 969 2100 quae
1001 2045 1241 2100 adfirmant,
1274 2047 1457 2088 certiora

119 2117 210 2144 esse
242 2103 386 2145 dicunt
414 2118 542 2158 quam
567 2104 658 2159 illa,
690 2119 798 2158 quae
825 2104 938 2159 apud
964 2102 1156 2160 Sagram.
1212 2104 1292 2146 His
1323 2105 1458 2160 igitur

118 2161 364 2204 auctoribus
398 2176 537 2204 nonne
569 2163 696 2205 debes
729 2163 922 2205 moveri?
972 2163 1082 2205 Tum
1113 2162 1260 2206 Cotta:
1301 2164 1457 2205 Rumo-

117 2221 249 2275 ribus,
279 2220 431 2275 inquit,
462 2236 625 2264 mecum
657 2235 843 2278 pugnaS,
883 2221 1038 2278 Balbe,
1070 2237 1150 2278 ego
1184 2225 1328 2264 autem
1359 2237 1384 2264 a
1415 2225 1456 2263 te

63 2288 98 2315 85
117 2279 306 2322 rationes
339 2279 510 2334 requiro
531 2313 539 2322 .
560 2314 568 2322 .
588 2314 598 2322 .

206 2336 462 2394 Sequuntur,
493 2353 601 2394 quae
630 2339 778 2383 futura
804 2343 914 2382 sunt.
963 2340 1166 2396 Effugere
1193 2340 1305 2382 enim
1329 2354 1454 2381 nemo

1484 351 1520 380 11

1485 1469 1525 1499 1⁶2

1485 1820 1526 1851 13

1482 2325 1509 2366 6

1483 2377 1526 2408 14
