1685 2568
504 103 783 139 ADNOTATIO
811 103 1009 138 CRlTICA.
1372 105 1421 140 Xl

83 196 156 232 nisi
181 196 226 232 de
252 197 326 232 inv.
353 198 444 233 116.
473 202 528 241 21,
556 197 621 232 sed
647 198 741 232 aliae
764 197 826 231 hic
851 209 886 242 p.
913 201 991 233 207.
1018 200 1125 241 8sq.;
1158 209 1226 232 nec
1251 209 1338 234 vero
1364 210 1422 234 res

83 254 172 279 vera
202 245 276 287 est,
308 255 394 278 nam
425 244 567 279 multae
598 244 739 278 bestiae
766 244 822 278 sui
854 254 999 288 quoque
1025 244 1170 288 generis
1201 245 1331 280 bestiis
1362 257 1423 280 ve-

84 292 245 326 scuntur.
263 312 306 317 —
321 291 361 326 P.
382 295 438 327 91.
459 295 479 326 3
500 292 608 327 coiit?
623 312 665 316 —
681 290 719 326 P.
740 295 796 325 91.
810 295 892 334 4sq.
912 291 1063 335 squillae
1080 303 1201 326 morsu
1213 293 1310 336 pina
1329 292 1422 326 coni.

83 337 230 382 Heind.,
256 339 388 384 squilla
400 339 497 383 pina
525 348 648 373 morsu
678 337 771 382 (cod.
798 336 828 371 B
861 338 900 372 et
931 348 1020 373 corr.
1047 337 1090 381 V,
1121 349 1260 374 morsus
1289 338 1422 383 AHV1)

85 385 205 428 codd.,
230 386 382 430 squillae
405 385 538 431 [pina]
562 395 683 420 morsu
708 384 886 426 Schoem.,
912 396 936 419 a
960 385 1093 430 squilla
1115 385 1249 431 [pina]
1274 385 1358 429 (del.
1385 385 1424 419 in

85 431 140 466 ed.
162 431 276 477 Lips.)
296 442 416 467 morsu
435 431 529 465 Bait.
551 452 594 457 ——-
619 431 658 466 P.
687 435 742 466 91.
772 436 813 466 15
839 433 963 466 excusi
986 431 1079 467 Bait.
1107 432 1163 467 ed.
1190 432 1353 467 Tauchn.
1380 454 1423 458 —

84 479 124 513 P.
146 483 200 514 91.
223 484 266 514 36
285 479 352 525 [ab
372 479 440 525 iis]
459 477 555 512 Bait.
575 478 619 514 II.
642 498 684 504 —
703 478 742 512 P.
764 482 818 513 92.
839 483 861 513 4
881 480 943 513 cui
965 479 1149 514 innitatur
1169 489 1188 513 e
1215 479 1294 514 cod.
1315 479 1422 524 Glog.

83 525 229 570 Heind.,
250 526 416 561 Schoem.
438 545 483 551 -
501 524 540 560 P.
561 529 616 560 92.
638 529 658 560 6
677 537 755 560 una
779 536 822 560 ex
846 526 894 560 iis
913 524 1092 569 Schoem„
1112 527 1286 570 proxima
1310 537 1354 561 ex
1377 528 1425 561 iis

83 572 221 616 Lamb„
241 584 331 617 quae
349 583 427 607 eam
444 573 604 617 sequitur
622 583 666 607 eae
685 573 732 607 iis
751 571 845 606 coni.
865 571 998 608 Heind.
1021 593 1064 598 —
1089 572 1128 608 P.
1150 577 1204 607 92.
1229 577 1270 608 10
1286 584 1338 617 sq.
1374 573 1425 608 At

82 631 191 666 quam
216 619 295 654 cod.
321 618 441 654 Vatic.
466 619 590 654 nescio
617 619 716 663 quis,
743 618 877 662 Madv„
903 618 1011 663 Bait„
1039 619 1205 654 Schoem.
1245 619 1345 661 Quae
1371 631 1424 654 se-

84 667 255 711 quuntur,
276 665 521 710 distinximus,
541 667 583 701 ut
602 665 799 700 voluerunt
811 665 943 700 Heind.
964 667 1003 700 et
1021 665 1196 711 Madvig„
1216 666 1280 711 qui
1298 667 1425 701 tamen

82 725 125 748 ea
144 713 315 748 delerunt
335 715 381 757 (V.
402 712 450 747 ad.
469 713 576 748 Tusc.
595 724 630 758 p.
652 717 730 748 290.
750 715 800 757 7);
821 714 915 758 quod
933 724 987 756 ea,
1006 724 1098 759 quae
1112 734 1155 738 —
1168 718 1309 758 reperta
1327 719 1424 756 sunt,

82 761 273 796 vomitione
298 759 600 803 Schoem.‚*Bait.
627 780 671 785 -
696 759 735 794 P.
756 764 810 795 92.
835 765 875 795 13
891 771 942 804 sq.
963 764 1165 806 puryantes
1185 781 1227 786 —
1249 766 1425 796 curantur

84 807 219 851 Madv„
240 806 347 849 Bait„
368 811 551 852 purgante
573 828 615 833 —
635 811 767 842 curant
786 806 903 850 codd,
923 809 1144 853 purgatione
1170 809 1360 853 (puryatu)
1382 829 1425 833 —

83 859 215 889 curant
245 854 356 899 vulg..
390 853 557 889 Schoem.
594 864 710 899 pravo
748 854 945 888 verborum
977 854 1115 889 ordine.
1143 875 1186 880 ——
1218 854 1256 889 P.
1290 858 1346 889 92.
1383 859 1424 889 19

82 901 253 947 [dicunt]
283 900 400 935 Bakio
433 902 584 935 auctore
615 900 711 936 Bait.
739 922 782 927 —
814 900 852 935 P.
879 905 933 936 92.
961 905 1004 936 22
1030 902 1250 945 defendant
1275 901 1354 937 cod.
1381 901 1429 945 V,

83 948 227 992 Heind.,
259 949 429 991 defendat
459 947 568 991 ABH,
600 947 709 991 Bait„
743 947 908 983 Schoem.
960 947 1059 989 Quae
1091 949 1308 992 sequuntur,
1342 948 1424 983 edd.

82 996 221 1040 puncto
256 996 322 1029 aut
356 995 437 1029 colo
474 996 660 1040 separant.
687 1015 730 1021 —
763 994 802 1029 P.
830 999 885 1030 92.
912 999 957 1029 26
982 994 1067 1030 fort.
1093 997 1229 1040 ημᾶς
1257 1007 1290 1030 V.
1317 995 1364 1030 ad
1390 1008 1423 1041 p.

83 1047 139 1078 90.
168 1047 222 1078 17.
249 1062 293 1067 ——
317 1041 356 1076 P.
384 1046 440 1076 93.
468 1047 488 1076 4
514 1043 615 1077 mari
641 1042 746 1076 codd.
773 1041 885 1085 AVH,
912 1041 1023 1085 Bait.;
1050 1054 1147 1077 mare
1173 1042 1352 1087 scriptum
1371 1045 1427 1077 est

82 1090 184 1135 apud
220 1089 325 1123 Varr.
358 1088 382 1124 1.
414 1088 454 1123 L.
486 1089 537 1123 IX
569 1092 625 1132 57,
662 1088 744 1123 Val.
779 1088 873 1124 Max,
907 1088 957 1123 IV
989 1093 1020 1123 6.
1056 1094 1086 1131 1,
1117 1088 1277 1125 Macrob.
1311 1101 1425 1125 somn.

84 1137 181 1181 Scip.
207 1137 242 1171 II
267 1140 299 1171 2.
328 1139 382 1179 17,
414 1134 507 1169 Plin.
544 1135 702 1180 saepius.
730 1156 774 1161 -—-
805 1134 843 1170 P.
872 1139 927 1170 94.
955 1140 999 1170 20
1031 1137 1141 1181 derz'y.
1171 1147 1205 1170 v.
1233 1136 1283 1170 ad
1308 1149 1342 1181 p.
1371 1141 1425 1172 26.

83 1188 138 1219 28.
167 1203 210 1208 —
236 1182 274 1218 P.
302 1186 357 1217 94.
385 1186 427 1217 21
453 1182 508 1228 [et
531 1186 651 1217 tamen
675 1183 790 1218 multa
814 1183 1010 1227 dicuntur]
1034 1182 1129 1217 Bait.
1158 1183 1213 1217 ed.
1241 1183 1425 1225 Tauchn.;

83 1243 117 1265 v.
144 1229 197 1264 Fl.
224 1240 306 1264 ann.
332 1241 368 1274 p.
397 1233 475 1264 135.
503 1249 546 1254 —
571 1228 609 1264 P.
638 1233 693 1264 94.
720 1233 764 1264 23
789 1233 913 1264 mutuo
940 1229 1083 1273 Heind.,
1117 1228 1296 1273 Schoem„
1323 1231 1427 1274 quasi

83 1288 172 1312 vero
190 1277 291 1311 idem
305 1277 354 1311 sit
372 1287 415 1310 ac
433 1280 510 1311 tum
524 1297 567 1301 —
581 1280 667 1320 tum,
687 1281 786 1312 motu
805 1277 913 1311 lunae
926 1275 1078 1320 Kayser.
1097 1276 1197 1321 apud
1211 1276 1306 1312 Bait.
1321 1278 1365 1312 lI.
1383 1298 1426 1302 —

83 1325 121 1359 P.
155 1329 211 1360 94.
244 1328 288 1358 26
323 1324 499 1359 utilitates
528 1324 572 1358 H.
607 1323 648 1357 A.
682 1323 797 1358 Koch.
830 1334 953 1368 progr.
985 1323 1151 1357 Portens.
1186 1328 1275 1359 1868
1314 1336 1350 1369 p.
1384 1329 1426 1359 39

84 1371 168 1406 coll.
195 1383 230 1416 p.
252 1374 307 1406 99.
329 1375 349 1405 3
377 1371 458 1413 etc,
485 1374 580 1405 artes
606 1370 724 1415 codd,
749 1370 912 1416 praefixa
937 1381 1042 1405 cruce
1069 1370 1163 1405 Bait.
1191 1371 1248 1405 ed.
1276 1370 1347 1414 Or.,
1372 1383 1428 1406 res

84 1419 141 1454 ed.
174 1417 337 1453 Tauehn.
370 1416 554 1452 Moserum
586 1418 751 1460 secutus,
783 1418 880 1453 dotes
911 1417 1077 1452 Schoem.
1112 1417 1281 1462 cupidius
1314 1418 1426 1453 etiam

85 1477 193 1510 quam
227 1476 285 1510 op.
318 1464 371 1500 III
402 1469 469 1500 339
485 1476 538 1508 sq.
573 1465 763 1509 amplexus
797 1464 837 1499 in
862 1464 1040 1499 Fleckeis.
1068 1475 1150 1499 ann.
1178 1469 1269 1500 1875
1296 1477 1331 1510 p.
1359 1470 1426 1500 692

84 1512 307 1548 vocabulum
341 1522 364 1546 a
395 1510 581 1546 Ciceronis
618 1522 718 1547 more
757 1510 904 1546 dicendi
942 1511 1113 1546 alienum.
1148 1533 1191 1537 —
1223 1511 1262 1545 P.
1296 1516 1350 1546 94.
1383 1517 1426 1547 33

84 1564 247 1606 quaerat
271 1558 371 1604 vulg.
397 1558 505 1593 unius
532 1558 669 1593 codicis
698 1558 822 1603 ‘Regii
847 1558 1029 1593 Walkeri’
1061 1558 1299 1602 auctoritate,
1334 1570 1426 1603 quae

84 1607 189 1642 nulla
215 1607 281 1641 est.
310 1627 352 1632 —
377 1605 416 1640 P.
438 1610 493 1641 96.
516 1609 536 1640 5
562 1607 640 1640 cibo
664 1604 854 1650 Madvigio
880 1607 1030 1641 auctore
1057 1605 1129 1640 del.
1155 1605 1262 1648 Bait,
1290 1606 1333 1640 de
1355 1617 1426 1651 quo

85 1655 185 1689 recte
217 1653 382 1688 iudicare
414 1652 562 1687 videtur
593 1652 758 1687 Schoem.
792 1654 830 1687 in
861 1653 1019 1698 append.
1054 1652 1132 1686 crit.
1160 1674 1202 1678 —
1235 1652 1272 1686 P.
1301 1658 1355 1688 96.
1386 1658 1427 1688 10

83 1703 125 1736 in
148 1702 332 1745 respiratio
361 1700 502 1742 Lamb.,
529 1699 709 1744 Schoem„
739 1701 782 1735 in
804 1711 842 1735 re
865 1701 1002 1745 spiritu
1027 1699 1145 1741 codd„
1171 1701 1331 1735 intrante
1355 1702 1427 1745 spi-

83 1750 160 1784 ritu
184 1747 319 1790 MadV.‚
345 1747 440 1782 Bait.
468 1768 511 1773 —
536 1746 575 1781 P.
602 1751 658 1782 96.
687 1751 729 1782 15
754 1747 880 1782 derect.
907 1758 940 1781 v.
966 1759 1002 1792 p.
1029 1751 1084 1782 26.
1112 1751 1167 1782 28.
1195 1767 1238 1772 ——
1264 1746 1302 1781 P.
1330 1751 1386 1782 97.
1407 1753 1426 1782 6

83 1796 270 1841 finqendos
295 1795 389 1829 coni.
415 1793 549 1828 Heind.
576 1794 730 1839 probab.
757 1814 802 1820 —-
827 1793 866 1828 P.
893 1798 948 1829 97.
978 1798 1020 1829 13
1046 1806 1070 1829 a
1094 1795 1152 1829 dis
1176 1806 1250 1829 non
1275 1794 1428 1829 seclusit

84 1842 179 1877 Bait.
207 1843 245 1877 in
265 1841 321 1877 ed.
342 1840 401 1876 Or.
423 1862 467 1867 —-
491 1840 530 1876 P.
552 1845 606 1877 98.
628 1845 648 1876 5
673 1841 872 1887 [primum]
896 1840 1003 1884 Bait,
1030 1840 1102 1875 del.
1129 1840 1202 1884 all„
1228 1840 1361 1875 Heind.
1383 1863 1427 1867 —

83 1889 122 1925 P.
150 1894 204 1925 98.
234 1893 276 1924 18
302 1890 430 1932 oculi?‚
457 1889 591 1924 culcita
610 1888 754 1923 Tittler.
775 1888 955 1923 Fleckeis.
982 1899 1065 1922 ann.
1085 1887 1199 1922 XCIX
1224 1900 1260 1933 p.
1282 1891 1361 1923 498.
1383 1910 1426 1914 —

83 1936 122 1971 P.
149 1941 205 1972 98.
232 1940 276 1971 29
302 1937 375 1971 der.
401 1947 435 1970 v.
461 1948 497 1981 p.
524 1940 580 1971 26.
607 1940 663 1971 28.
690 1956 733 1961 —-
759 1934 798 1970 P.
819 1939 874 1970 98.
896 1940 941 1970 34
965 1936 1022 1970 his
1047 1935 1165 1978 codd„
1193 1934 1360 1970 Schoem.
1383 1957 1427 1961 —

84 1983 122 2017 P.
139 1987 194 2018 99.
212 1988 255 2018 13
274 1983 477 2029 fiyurarurn
494 1983 613 2028 [tum]
625 1982 725 2027 vulg.
747 2004 790 2008 -
810 1982 849 2017 P.
865 1987 919 2017 99.
936 1986 978 2017 15
992 1983 1251 2028 [cognoscunt]
1264 1982 1359 2017 Bait.
1375 1983 1425 2025 ΙΙ,

86 2029 130 2064 cf.
150 2043 186 2075 p.
210 2034 286 2065 105.
307 2035 364 2073 31,
385 2034 463 2066 430.
487 2034 540 2074 12,
561 2030 622 2064 fin.
635 2030 669 2064 II
689 2034 744 2065 33.
768 2034 845 2072 110,
865 2029 916 2064 IV
937 2033 990 2064 17.
1011 2034 1054 2064 47
1077 2029 1142 2063 sub
1163 2029 1241 2071 fin.;
1267 2029 1425 2064 fortasse

85 2076 200 2112 etiam
218 2077 331 2112 Acad.
357 2078 374 2112 I
401 2081 454 2112 12.
483 2081 527 2112 44
552 2078 725 2113 cliwerunt
748 2076 982 2112 retinendum
1009 2077 1075 2111 est.
1103 2097 1146 2101 -
1172 2075 1211 2110 P.
1242 2080 1297 2111 99.
1325 2081 1368 2111 23
1396 2081 1428 2111 et

85 2128 162 2159 arte
182 2135 273 2159 corr.
293 2124 332 2158 in
347 2124 426 2159 cod.
441 2124 484 2168 V,
499 2123 594 2158 Bait.
609 2124 664 2158 ed.
680 2124 856 2168 Tauchn,
871 2125 1015 2169 pariter
1036 2128 1068 2159 et
1080 2122 1224 2167 Heind.,
1240 2122 1425 2165 Sohoem.;

85 2170 205 2205 minus
238 2171 454 2215 displiceret
483 2172 657 2217 gustandi
689 2173 855 2216 partium
885 2175 919 2206 et
952 2171 1136 2217 tanyendi.
1164 2191 1207 2196 —
1232 2170 1271 2204 P.
1299 2175 1354 2205 99.
1382 2176 1425 2205 36

83 2219 212 2264 [idque
235 2218 398 2264 ratione]
417 2218 596 2261 Schoem.,
617 2217 712 2253 Bait.
734 2239 777 2244 —
803 2218 842 2253 P.
865 2221 941 2252 100.
965 2222 982 2252 1
1009 2219 1195 2263 qualisque
1214 2218 1262 2252 sit
1279 2216 1424 2259 Moser„

85 2266 226 2311 [qualis
244 2265 312 2310 sit]
331 2264 440 2308 Bait„
460 2270 492 2301 et
508 2267 629 2311 qualis
647 2267 695 2300 sit
714 2265 881 2300 Schoem.
897 2286 940 2291 —
956 2264 995 2298 P.
1013 2269 1089 2299 100.
1105 2269 1148 2298 22
1168 2266 1311 2299 munita
1331 2264 1423 2299 com'.

84 2312 159 2356 all.‚
182 2311 348 2346 Schoem.
370 2311 473 2357 prob.
495 2332 538 2339 ——
557 2311 596 2348 P.
617 2316 693 2348 101.
710 2317 732 2348 4
752 2313 868 2358 operis
887 2311 1024 2355 Lamb.,
1045 2311 1140 2346 Bait.
1162 2311 1204 2346 Π.
1227 2331 1270 2337 -
1290 2312 1330 2346 Ρ.
1348 2315 1424 2347 101.
