1685 2568
415 104 505 139 LIB.
530 104 576 140 ΙΙ.
604 103 703 138 ΟΑΡ.
729 108 879 139 26-31.
906 108 925 146 ξ
951 109 1101 139 47—53.
1340 106 1424 148 323

89 215 139 242 ea
168 201 342 242 fortuna
372 199 540 255 populi,
577 212 688 254 quae
715 199 859 254 posita
896 202 963 241 est
997 199 1043 240 in
1079 199 1223 254 unius,
1259 203 1308 241 ut
1339 201 1426 242 dixi

89 261 227 312 antea,
259 260 318 301 vel
349 259 572 301 voluntate
604 259 671 300 vel
702 257 906 299 moribus.
1470 295 1495 322 Ο

177 316 316 365 Quare
352 318 492 372 prima
529 317 586 358 sit
622 316 727 358 haec
762 315 904 358 forma
941 318 984 358 et
1021 316 1183 371 species
1221 319 1265 358 et
1302 317 1424 372 origo
1440 295 1495 378 25²1

89 374 271 431 tyfranni
302 376 478 417 inventa
507 375 633 417 nobis
664 375 709 415 in
740 389 791 416 ea
821 389 866 416 re
897 374 1081 430 publica,
1115 390 1243 429 quam
1276 376 1329 427 [p.
1358 386 1424 417 189

53 449 69 474 5
89 435 311 489 auspicato
343 434 554 475 Romulus
586 433 839 487 condiderit,
876 448 963 474 non
993 434 1039 474 in
1069 433 1163 487 illa,
1202 449 1347 488 quam,
1378 437 1427 475 ut

87 493 339 548 perscripsit
370 492 514 546 Plato,
553 492 637 533 sibi
670 492 762 547 ipse
794 490 991 534 Socrates
1024 492 1241 547 tripertito
1274 492 1350 533 illo
1382 493 1427 535 in

89 566 283 594 sermone
316 551 572 606 depinxerit,
609 553 675 604 ut,
708 565 834 604 quem
867 550 921 592 ad
952 551 1124 592 modum
1156 550 1427 606 Tarquinius,

87 625 172 652 non
215 624 372 667 novam
409 611 671 663 potestatem
707 612 878 664 nactus,
923 609 1015 663 sed,
1059 624 1187 664 quam
1225 609 1427 664 habebat,

87 683 188 710 usus
229 668 385 709 iniuste
427 670 568 709 totum
613 681 746 722 genus
785 668 865 709 hoc
902 668 1046 724 regiae
1084 668 1273 710 civitatis
1312 683 1426 710 ever-

37 743 69 766 ιο
88 728 209 780 terit3
247 727 304 768 sit
340 726 438 768 huic
477 727 699 781 oppositus
733 727 859 780 alter,
898 727 1035 768 bonus
1067 729 1110 768 et
1143 727 1148 780 l
1183 741 1247 768 sa·
1278 728 1331 779 [p.
1360 738 1427 769 190

86 787 207 841 piens
248 788 291 827 et
329 786 494 840 peritus
534 785 738 826 utilitatis
781 785 1090 840 dignitatisque
1128 785 1265 827 civilis
1305 786 1428 840 quasi

87 847 206 886 tutor
238 847 280 885 et
311 846 565 898 procurator
595 844 657 885 rei
687 844 903 898 publicae3
936 844 996 886 sic
1028 844 1141 886 enim
1173 845 1427 900 appelletur,

87 903 340 957 quicumque
376 903 458 943 erit
489 905 628 944 rector
661 905 704 943 et
735 903 999 958 gubernator
1030 903 1230 945 civitatis.
1292 902 1427 952 Quem

86 962 225 1003 virum
262 961 391 1003 facite
429 964 478 1002 ut
509 962 773 1017 agnoscatis,
811 963 847 1003 *is
878 964 943 1003 est
976 962 1105 1016 enim,
1144 963 1217 1016 qui
1248 963 1426 1004 consilio

0 1047 1 1053 η
36 1035 66 1060 15
88 1023 130 1061 et
156 1035 286 1075 opera
312 1020 530 1062 civitatem
555 1020 666 1061 tueri
691 1023 847 1075 potest.
895 1020 1016 1069 Quod
1043 1021 1245 1075 quoniam
1270 1036 1428 1063 nomen

87 1079 227 1120 minus
272 1081 338 1120 est
381 1079 518 1120 adhuc
561 1079 712 1119 tritum
752 1093 947 1120 sermone
984 1082 1133 1121 nostro
1171 1080 1427 1135 saepiusque

86 1152 220 1193 genus
270 1138 360 1179 eius
409 1137 596 1179 hominis
643 1139 725 1179 erit
765 1138 811 1179 in
853 1138 1020 1192 reliqua
1061 1137 1188 1182 nobis
1233 1139 1427 1181 oratione

85 1198 370 1239 tractandum.
391 1230 400 1238 .
421 1230 430 1238 .
449 1229 459 1238 .

360 1278 678 1331 [Desiderantur
702 1279 882 1332 payinae
911 1280 1148 1332 duodecim]

182 1382 221 1392 ..
241 1382 249 1391 .
270 1363 366 1391 ‚sas
404 1349 630 1403 requisivit
668 1349 972 1403 civitatemque
1010 1349 1243 1405 optandam
1276 1351 1330 1403 [p.
1360 1361 1424 1393 187
1440 1332 1497 1417 ἒξ

34 1422 68 1448 20
86 1407 225 1464 magis
258 1423 387 1462 quam
420 1408 694 1463 sperandam,
733 1423 862 1462 quam
894 1408 1116 1450 minimam
1148 1409 1309 1464 potuit,
1339 1424 1427 1451 non

88 1482 194 1522 quae
220 1470 368 1522 posset
395 1481 499 1520 esse,
532 1467 605 1508 sed
630 1467 675 1507 in
702 1482 786 1521 qua
811 1467 923 1508 ratio
949 1482 1092 1508 rerum
1119 1468 1309 1509 civilium
1335 1483 1427 1523 per-

86 1526 194 1581 spici
224 1528 388 1581 posset,
421 1526 571 1567 effecit.
631 1525 727 1581 Ego
762 1528 916 1580 autem,
950 1526 985 1567 si
1018 1528 1139 1581 [quo]
1173 1527 1299 1568 modo
1333 1542 1428 1569 con-

86 1585 206 1640 sequi
237 1588 430 1640 potuero,
461 1584 701 1626 rationibus
735 1585 912 1639 eisdem,
945 1600 1049 1639 quas
1082 1586 1157 1626 ille
1190 1586 1308 1639 vidit,
1340 1600 1427 1628 non

85 1644 131 1685 in
167 1644 321 1685 umbra
358 1646 400 1684 et
437 1643 624 1699 imagine
657 1644 861 1697 civitatis,
901 1644 971 1685 sed
1005 1644 1050 1685 in
1082 1645 1351 1699 amplissima
1381 1660 1427 1686 re

51 1703 259 1758 5publica
300 1703 456 1756 enitar,
500 1705 548 1743 ut
585 1702 786 1757 cuiusque
825 1705 867 1743 et
904 1703 1006 1744 boni
1042 1703 1204 1758 publici
1242 1706 1284 1744 et
1323 1704 1427 1745 mali

87 1776 259 1803 causam
288 1764 512 1816 tamquam
537 1761 707 1816 virgula
732 1761 877 1802 videar
904 1762 1129 1817 attingere.
1158 1763 1163 1815 Ι
1191 1761 1250 1803 Iis
1283 1763 1336 1815 [p.
1361 1773 1426 1804 188

87 1820 200 1862 enim
231 1820 362 1876 regiis
396 1819 681 1875 quadraginta
713 1822 836 1861 annis
870 1823 913 1861 et
945 1821 1136 1862 ducentis
1168 1821 1297 1875 paulo
1331 1836 1426 1863 cum

86 1879 344 1935 interregnis
387 1878 477 1920 fere
519 1879 702 1933 amplius
741 1879 986 1933 praeteritis
1026 1880 1287 1934 expulsoque
1325 1879 1426 1922 Tar-

87 1938 232 1992 quinio
270 1940 441 1979 tantum
473 1937 617 1978 odium
648 1938 854 1992 populum
888 1937 1129 1980 Romanum
1161 1939 1321 1994 regalis
1352 1954 1425 1980 no-

52 1996 213 2038 ominis
250 1996 407 2050 tenuit,
445 1998 653 2051 quantum
689 1999 887 2037 tenuerat
922 1999 1024 2051 post
1056 1997 1221 2038 obitum
1252 1998 1320 2038 vel
1352 2012 1425 2052 po-

85 2055 172 2097 tius
222 2070 441 2097 excessum
484 2055 659 2096 Romuli
707 2055 972 2097 desiderium.
1040 2055 1191 2110 Itaque
1240 2059 1289 2097 ut
1331 2059 1425 2097 tum

87 2128 229 2156 carere
267 2129 384 2170 rege,
422 2114 483 2155 sic
520 2114 644 2169 pulso
677 2113 909 2168 Tarquinio
940 2129 1099 2156 nomen
1130 2115 1245 2170 regis
1278 2115 1424 2157 audire

85 2187 172 2215 non
201 2175 385 2228 poterat.
440 2172 523 2214 Hic
554 2172 806 2214 facultatem
838 2187 954 2215 cum.
974 2207 982 2214 .
1004 2207 1012 2215 .
1033 2207 1042 2215 .

380 2242 696 2296 [Desiderantur
718 2244 899 2297 pctyinae
928 2245 1128 2297 sedecim]

174 2313 310 2357 Cicero
352 2314 400 2356 de
440 2327 485 2356 re
517 2314 631 2367 publ.
670 2314 735 2355 lib.
771 2314 847 2355 H:
890 2313 1042 2368 Itaque
1085 2315 1163 2356 illa
1202 2314 1423 2369 praeclara
1438 2300 1489 2381 ἒξ

1068 2382 1139 2417 21*
